1906 2846
391 176 424 199 IN
452 175 558 199 EPIST.
590 175 633 197 AD
660 172 826 196 HEBRAEOS.

71 239 170 274 πολλῆς
184 240 247 276 ἡμῖν
262 238 300 266 δεῖ
314 238 361 272 τῆς
375 237 489 269 τάσεως·
513 238 558 266 καὶ
574 237 625 275 γὰρ
647 236 691 264 καὶ
706 238 782 272 ἡμεῖς
796 234 841 262 (Μί-

70 287 167 314 λατταν
183 284 296 322 πλέομεν
309 284 426 322 μεγάλην
438 283 482 312 καὶ
495 284 643 323 εὐρύχωρον
655 305 662 316 ,
675 282 779 310 πολλῶν
794 280 840 318 μὲν

71 330 166 368 Θηρίων
183 329 332 372 γέμουσαν,
349 329 454 357 πολλῶν
476 329 502 357 δὲ
518 328 668 362 σκοπέλων,
691 325 802 358 πολλοὺς
815 325 840 353 δὲ

70 379 134 413 ἡμῖν
146 377 278 414 χειμῶνας
289 374 426 404 τίκτουσαν
435 397 442 409 ,
453 375 498 402 καὶ
512 374 537 407 ἐξ
553 373 654 412 αἰῡρίας
670 373 750 411 μέσης
762 373 841 411 χαλε-

71 421 196 456 πωτάτην
212 420 292 456 ζάλην
305 420 500 459 ἐπεγείρουσαν.
515 422 562 448 Δεῖ
578 419 678 452 τοίνυν,
697 418 720 447 εἴ
733 430 762 455 γε
782 420 842 456 βου-

70 464 180 502 λοίμεθα
196 464 263 502 μετὰ
277 463 416 502 εὖμαρείας
430 465 504 492 πλεῖν
520 464 564 492 καὶ
580 463 734 498 ἀκινδύνως,
749 462 840 491 τείνειν

71 510 104 538 τὰ
124 509 208 545 ἱστία,
232 509 366 545 τουτέστι,
391 509 438 544 τὴν
453 509 605 548 προαίρεσιν
627 509 673 544 τὴν
695 508 840 547 ἡμετέραν·

73 558 147 595 ἀρκεῖ
158 555 209 594 γὰρ
225 557 288 593 ἡμῖν
302 557 379 584 τοῦτο
387 566 392 572 ·
406 555 463 584 ἐπεὶ
475 555 519 583 καὶ
532 558 545 584 ὁ
556 554 686 595 Ἀδραὰμ,
698 554 787 589 ἐπειδὴ
798 553 841 582 τὸν

70 601 150 630 πόΟον
163 601 243 630 ἔτεινε
254 601 319 639 πρὸς
331 601 374 629 τὀν
386 601 455 630 Θεὸν
463 623 470 636 ,
481 601 526 629 καὶ
536 600 584 636 τὴν
596 600 748 640 προαίρεσιν
760 599 842 639 παρέ-

72 658 167 681 στησεν
183 645 382 685 ἀπηρτισμένην
392 669 399 681 ,
414 645 482 678 τίνος
496 645 584 686 ἑτέρου
601 644 713 680 &affirm
728 644 841 679 οὐδενὸς,

71 693 128 721 ἀλλ’
136 692 293 721 Ἐπίστευσε
301 693 338 730 τῷ
349 694 421 730 Θεῷ,
430 692 474 720 καὶ
486 692 608 730 ἐλογίσθη
620 692 689 730 αὐτῷ
696 692 730 723 εἷς
744 691 842 719 δικαιο-

71 738 160 774 σύνην.
193 738 228 767 Ἥ
252 739 278 767 δὲ
305 738 392 770 πίστις
422 738 599 777 προαιρέσεως
623 737 731 775 γνησίας
761 736 842 765 ἐστίν.

72 783 212 841 ἰΑνήνεγκε
226 784 270 812 τὸν
285 784 354 819 υἱὸν,
381 784 426 812 καὶ
446 783 482 822 μὴ
505 783 620 822 σφάξας,
642 783 689 818 τὴν
709 786 754 812 τοῦ
775 782 843 822 σφά-

72 830 161 862 ξαντος
176 830 289 867 ἀμοιὸὴν
306 830 348 859 ἐδέ
352 840 426 865 ;,ατο
445 842 489 858 και
501 841 546 858 του
560 829 636 868 ἔργου
653 829 689 867 μὴ
703 828 842 867 γενομένου

202 876 252 886 «sts

74 922 107 951 τὰ
121 922 206 958 ἱστία,
227 935 265 961 μη
278 921 503 959 πεπαλαιωμένα·
528 897 587 949 ΙΠόῗν
601 921 652 960 γὰρ
669 922 699 950 τὸ
713 920 844 950 παλαιου-

75 979 152 1006 μενον
170 968 214 997 καὶ
237 968 373 1007 γηράσκον
394 967 469 1006 ἐγγὺς
483 968 647 1006 ἀφανισμοῦ·
670 966 706 1004 μὴ
722 968 846 1005 ἐκτετρη-

75 1014 157 1050 μένα,
175 1014 248 1042 ,ὥστε
273 1014 375 1053 στέγειν
396 1015 441 1041 τοῦ
458 1012 607 1050 πνεύματος
627 1011 675 1046 τὴν
699 1012 846 1050 ἐνέργειαν·

76 1059 199 1099 Ψυχικὸς
215 1059 267 1098 γὰρ
281 1059 432 1098 ἄνθρωπος,
458 1058 554 1097 φησὶν,
577 1059 606 1086 οὐ
624 1057 728 1096 δέχεται
749 1057 782 1085 τὰ
802 1060 847 1085 10²3

75 1105 240 1144 Πνεύματος.
259 1104 367 1159 εὨσπερ
389 1103 440 1143 γὰρ
454 1103 488 1132 τὰ
499 1106 551 1132 τῶν
567 1105 690 1143 ἀραχνῶν
704 1102 846 1141 ὑφάσματα

77 1151 223 1190 πνεύματος
238 1150 323 1190 ῥύμην
336 1151 382 1179 οὐκ
402 1149 433 1178 ἂν
456 1149 573 1183 δέξαιτο·
599 1148 681 1180 οὕτως
700 1148 758 1177 οὐδε
773 1148 845 1188 {aux->¹

81 1196 208 1234 βιωτικὴ,
229 1195 287 1225 οὐδὲ
307 1195 442 1233 ἄνθρωπος
461 1195 572 1235 ψυχικος
590 1195 645 1223 Πνε
636 1194 747 1233 ύματος
767 1194 846 1233 χάριν

79 1242 230 1274 833020021
215 1241 375 1277 ουνήσεταί
367 1252 439 1270 πο-ε.
454 1241 580 1270 Ἐκείνων
594 1241 645 1280 γὰρ
659 1240 731 1270 ουδὲν
744 1240 847 1276 διεστή-

81 1299 158 1316 κασιν
169 1289 245 1326 ἡμῶν
266 1288 289 1316 οἱ
303 1287 440 1326 λογισμοι,
461 1287 518 1327 ὄψει
537 1300 584 1326 μεν
600 1287 677 1326 μόνον
693 1287 846 1316 ἀκολουθίαν

82 1332 222 1367 σώζοντες,
240 1332 374 1371 δυνάμεως
396 1332 421 1362 δὲ
437 1333 645 1372 ἀπεστερημένοι
658 1333 754 1368 πάσης.
776 1333 846 1361 Ἀλλ’

81 1379 109 1406 οὗ
130 1377 163 1406 τὰ
184 1378 301 1417 ἡμέτερα
313 1382 420 1408 τοιαῦτα
429 1402 436 1414 ,
451 1379 495 1407 ἐὰν
511 1379 634 1417 νήφωμεν
644 1390 650 1396 ·
671 1379 728 1407 ἀλλ’
741 1378 805 1416 ὅπερ
817 1377 848 1405 ἂν

81 1423 183 1461 ἐμπέσῃ
192 1446 200 1457 ,
223 1424 309 1452 πάντα
326 1424 427 1463 στέγει,
441 1424 485 1453 καὶ
497 1426 603 1453 πάντων
625 1424 694 1453 ἐστὶν
707 1423 849 1462 ἀνώτερος,

80 1469 168 1505 πάσης
181 1470 280 1509 ἴλιγγος
297 1470 472 1511 ἰσχυρότερος.

81 1515 152 1548 τικὸς
165 1516 246 1555 ἀνὴρ,
259 1516 304 1544 καὶ
317 1516 398 1555 μυρία
411 1518 481 1555 αὐτῷ
494 1516 670 1554 συμπιπτέτω
685 1516 770 1545 δεινοί·
792 1517 850 1545 ἀλλ’

496 1470 588 1499 Ἔστω
610 1470 660 1509 γάρ
672 1482 711 1502 τις
733 1481 850 1508 πνευμα-

81 1561 163 1590 οὗδενὶ
184 1561 282 1591 τούτων
305 1563 451 1591 ἁλίσκεται.
483 1563 534 1591 Καὶ
557 1563 582 1591 τί
603 1563 687 1601 λέγω;
714 1563 850 1601 ἐπαγέσθω

81 1607 158 1636 πενία
168 1629 175 1643 ,
186 1608 274 1642 νόσος,
290 1608 390 1647 ῧὸρεις,
406 1609 547 1648 λοιδορίαι,
561 1609 724 1647 σκώμματα,
740 1609 849 1648 πληγαὶ,

81 1657 134 1681 πᾶν
154 1649 219 1686 εἶδος
240 1654 370 1686 κολάσεως
383 1677 390 1690 ,
411 1659 463 1683 πᾶν
478 1650 544 1688 εἶδος
555 1654 698 1693 χλευασίας
717 1655 762 1683 καὶ
782 1657 848 1683 ὄνει-

857 171 935 193 ctP.
966 171 1037 193 xm.
1066 171 1184 194 nomi„
1215 172 1334 194 XXXIV.

1578 160 1641 203 431

898 232 938 260 bis
967 242 1063 271 magua
1078 243 1145 271 opus
1161 239 1198 261 est
1212 232 1356 261 intensione
1375 244 1379 258 :
1398 232 1495 260 etenim
1517 242 1564 260 nos
1579 243 1646 271 quo-

898 289 948 317 que
964 288 1092 317 magnum
1108 286 1133 307 et
1150 279 1297 318 spatiosum
1315 289 1388 307 mare
1402 278 1573 317 navigamus,
1589 278 1646 317 ple-

897 337 962 356 num
985 327 1076 356 multis
1099 327 1196 356 belluis
1217 334 1242 356 et
1256 327 1384 366 scopulis,
1399 333 1424 355 et
1450 326 1549 354 multas
1570 325 1647 355 nobis

897 373 1001 412 pariens
1024 380 1200 412 tempestates,
1210 380 1234 402 et
1249 384 1282 402 cx
1297 383 1392 411 magna
1404 372 1544 402 serenitate
1557 372 1647 401 saevis-

897 419 977 448 simas
994 419 1124 459 procellas
1138 419 1267 449 excitans.
1285 419 1398 458 Oportet
1412 428 1486 457 ergo,
1501 418 1522 446 si
1534 417 1649 446 velimus

861 462 877 484 C
897 465 974 494 facilc
1000 466 1128 505 navigare
1151 473 1176 495 ct
1200 466 1256 494 sine
1277 465 1397 505 periculo
1412 487 1419 500 ,
1446 465 1504 493 vela
1531 464 1648 493 tendere.

897 511 948 539 hoc
960 517 1007 546 cst,
1019 511 1135 540 liberum
1147 511 1230 540 animi
1243 511 1327 539 nostri
1339 510 1482 539 arbitrium
1493 522 1498 537 :
1513 509 1563 538 hoc
1575 511 1647 538 enim

897 556 975 585 nobis
989 557 1100 585 sufficit.
1131 558 1200 586 Nam
1217 556 1357 585 Abraham
1381 566 1487 595 quoque
1504 562 1649 594 postquam

896 612 975 631 suum
995 602 1030 631 ad
1045 603 1133 631 Deum
1161 602 1275 631 intendit
1298 600 1472 638 desiderium,
1483 601 1645 640 perfectam-

896 658 948 686 que
965 655 991 676 ct
1002 648 1135 687 integram
1149 648 1275 677 exhibuit
1284 647 1461 683 voluntatem,
1479 656 1595 685 quanam
1617 653 1650 674 rc

895 695 947 723 alia
961 705 1029 734 opus
1050 695 1145 723 habuit
1158 695 1171 722 ?
1191 694 1277 731 nulla,
1296 694 1344 724 sed
1361 694 1493 723 Credidit
1516 693 1591 728 Deo,
1618 699 1644 721 et

896 748 1064 780 reputatum
1085 748 1128 770 est
1149 745 1175 770 ei
1187 742 1393 781 adjustitiam.
1408 739 1490 769 Fides
1503 746 1593 768 autem
1606 746 1645 768 est

897 798 972 826 purae
999 794 1024 816 et
1042 787 1152 816 sincerae
1183 787 1339 817 voluntatis.
1366 785 1474 815 Obtulit
1499 785 1598 821 filium,
1621 793 1650 814 et

897 832 1021 870 quamvis
1037 843 1089 861 non
1117 833 1256 869 occiderit,
1270 832 1371 872 accepit
1389 839 1476 860 tamen
1499 831 1650 860 mercedem

899 889 929 906 ac
940 878 962 907 si
974 878 1113 908 occidisset
1128 891 1137 917 3
1155 886 1179 908 et
1195 879 1284 918 operis
1297 889 1349 907 non
1372 878 1434 907 facti
1452 877 1514 907 data
1526 884 1565 907 est
1576 888 1651 906 mer-

863 925 881 948 D
899 934 951 952 ces.
977 924 1038 952 Sint
1059 934 1123 962 ergo
1147 925 1224 953 nobis
1252 925 1313 953 vela
1340 923 1452 961 munda,
1466 934 1537 953 nova
1549 930 1575 952 et
1598 934 1650 952 non

900 969 1046 998 inveterata
1060 981 1065 996 ι
1081 971 1160 998 Nam
1183 971 1327 1008 quidquid
1338 972 1525 999 inveterascit
1541 976 1569 998 et
1581 980 1650 998 con-

900 1017 1034 1049 senescit,
1057 1025 1146 1054 prope
1169 1018 1319 1044 interitum
1331 1023 1373 1045 est
1387 1028 1396 1043 .-
1422 1026 1476 1045 non
1503 1016 1649 1055 perforata,

901 1067 931 1089 ut
964 1061 1116 1089 contineant
1139 1061 1320 1100 operationem
1350 1062 1479 1101 spiritus:
1496 1062 1650 1090 Animalis

901 1107 982 1143 enim,
998 1106 1099 1144 inquit,
1114 1107 1200 1135 homo
1217 1117 1275 1135 non
1289 1109 1369 1144 capit
1380 1118 1415 1136 ea
1434 1119 1498 1147 1711ae
1508 1115 1576 1137 sunt
1586 1108 1651 1147 Spi-

900 1154 982 1180 ritus.
995 1151 1071 1180 Sicut
1097 1151 1169 1180 enim
1184 1152 1243 1180 telae
1267 1162 1426 1180 aranearum
1439 1152 1496 1181 vim
1509 1153 1582 1181 venti
1596 1163 1649 1182 non

901 1197 1066 1237 susceperint
1088 1209 1095 1224 :
1119 1197 1156 1225 ita
1169 1207 1218 1226 nec
1232 1197 1323 1225 anima
1336 1197 1418 1236 hujus
1434 1197 1497 1226 vitae
1512 1198 1583 1227 curis
1602 1199 1651 1227 de-

900 1243 966 1280 dita,
981 1254 1030 1272 nec
1057 1243 1138 1272 homo
1161 1243 1286 1271 animalis
1311 1243 1409 1282 poterit
1434 1253 1563 1281 umquam
1588 1254 1650 1272 sus—

901 1289 989 1329 cipere
1015 1289 1130 1328 gratiam
1144 1288 1272 1328 Spiritus.
1297 1288 1339 1317 Ab
1350 1288 1404 1317 illis
1426 1288 1497 1317 enim
1512 1289 1583 1317 nihil
1603 1289 1650 1317 di—

858 1342 972 1375 318stant
998 1342 1096 1364 nostrae
1123 1335 1318 1374 cogitationes,
1343 1335 1405 1364 visu
1430 1334 1541 1373 quidem
1562 1335 1650 1364 solum

867 1385 885 1406 Α
903 1389 1039 1412 servantes
1055 1381 1284 1420 consequentiam,
1300 1380 1329 1409 vi
1339 1387 1430 1409 autem
1441 1381 1554 1420 privatae
1563 1382 1646 1410 omni.

903 1428 958 1458 Sed
982 1435 1072 1457 nostra
1099 1438 1152 1456 non
1176 1434 1238 1456 sunt
1253 1427 1421 1467 hujusmodi,
1439 1427 1462 1456 si
1487 1427 1648 1467 sapiamus;

903 1474 949 1504 sed
969 1473 1105 1513 quidquid
1122 1473 1257 1508 inciderit,
1275 1479 1346 1502 tenet
1371 1473 1473 1508 omnia,
1488 1480 1514 1502 et
1524 1473 1650 1502 omnibus

904 1528 943 1550 est
964 1521 1096 1560 superior,
1111 1527 1136 1549 et
1159 1520 1256 1559 quovis
1275 1519 1371 1558 laqueo
1396 1519 1500 1548 fortior.
1523 1520 1565 1549 Sit
1579 1520 1650 1549 enim

903 1567 946 1596 vir
967 1567 1066 1605 aliquis
1090 1566 1250 1606 spiritualis,
1264 1573 1289 1594 et
1310 1565 1515 1594 innumerabilia
1539 1566 1609 1594 mala
1623 1566 1650 1594 in

903 1622 964 1640 eum
978 1610 1114 1647 incidant3
1129 1621 1144 1639 a
1154 1610 1228 1639 nullo
1243 1620 1337 1639 eorum
1352 1611 1466 1650 capitur.
1484 1611 1519 1639 Et
1531 1610 1598 1649 quid
1611 1610 1651 1639 di-

903 1666 954 1684 co.
947 1655 1100 1684 inseratur
1111 1655 1152 1683 illi
1166 1662 1320 1694 paupertas
1337 1654 1459 1691 morbus,
1473 1655 1650 1691 contumeliae,

500 1754 674 1784 MUTIANO
695 1755 951 1785 SCHOLASTICO
973 1755 1228 1785 INTERPRETE,

82 1846 157 1875 sione
171 1857 177 1873 z
191 1845 288 1875 etenim
310 1846 368 1885 jam
385 1855 432 1874 nos
448 1846 475 1874 in
492 1847 560 1874 mari
572 1857 670 1886 magno
681 1853 707 1876 et
727 1848 844 1886 spatioso
855 1848 1027 1886 navigamus,
1040 1847 1132 1876 multis
1147 1848 1257 1886 quidem
1269 1847 1361 1876 bestiis
1375 1848 1454 1886 pleno
1466 1854 1493 1875 et
1509 1848 1627 1887 scopulis
1642 1859 1648 1875 :

90 1892 141 1922 hoc
166 1903 240 1922 mare
263 1892 361 1921 multas
373 1892 450 1922 nobis
476 1893 557 1921 etiam
579 1900 747 1932 tempestates
770 1895 879 1932 ingerit,
895 1901 921 1923 et
936 1895 1055 1923 obducto
1076 1895 1140 1924 caelo
1157 1895 1286 1930 nubibus,
1314 1894 1413 1923 excitat
1429 1894 1518 1923 ssatus.
1537 1896 1649 1934 Oportet

85 1940 179 1979 igitur,
195 1939 218 1968 si
242 1940 368 1969 volumus
396 1939 453 1968 sinc
465 1939 585 1968 molestia
604 1946 629 1968 et
651 1940 707 1969 sine
732 1941 851 1978 periculo
874 1941 1011 1980 navigare,
1037 1941 1096 1970 vela
1108 1948 1207 1970 nostrae
1236 1941 1314 1970 navis
1328 1941 1441 1980 erigere,
1465 1941 1516 1970 hoc
1529 1949 1578 1979 cst,
1601 1953 1648 1972 no-

85 1994 145 2016 strae
157 1986 304 2016 voluntatis
321 1998 326 2014 :
341 1987 441 2016 sufficit
451 1987 522 2015 enim
537 1986 588 2015 hoc
602 1987 690 2016 nobis.
704 1988 773 2015 Nam
785 1995 811 2016 et
828 1988 976 2025 Abraham,
993 1988 1120 2025 quoniam
1131 1986 1295 2016 desiderium
1309 1998 1388 2016 suum
1410 1988 1541 2017 intentum
1556 1989 1650 2018 habuit

85 2035 121 2064 ad
148 2036 247 2071 Deum,
273 2041 298 2063 et
313 2034 479 2064 voluntatem
505 2044 581 2063 suam
606 2034 737 2073 integram
765 2042 790 2064 ct
811 2036 953 2074 perfectam
979 2036 1078 2064 obtulit
1098 2037 1166 2070 Deo,
1190 2035 1259 2064 nihil
1277 2035 1352 2064 aliud
1373 2046 1442 2074 opus
1467 2036 1579 2074 habuit,
1599 2038 1645 2067 sed

86 2083 216 2112 Credidit
239 2083 320 2117 Deo,
348 2089 376 2111 et
401 2088 567 2121 reputatum
591 2089 633 2111 est
656 2083 704 2111 illi
726 2084 766 2112 acl
782 2085 939 2121 justitiam.
964 2082 1042 2112 Fides
1068 2090 1158 2112 autem
1179 2083 1283 2121 integra
1307 2090 1332 2111 et
1361 2093 1487 2122 germana
1523 2084 1648 2114 voluntas

88 2135 134 2158 est.
163 2129 271 2159 Obtulit
288 2128 377 2157 filium
401 2139 492 2166 suum,
513 2135 539 2158 et
559 2138 611 2158 non
629 2139 690 2158 eum
710 2130 844 2164 occidens,
859 2129 1004 2159 occidentis
1018 2137 1120 2159 certum
1141 2137 1180 2158 est
1194 2130 1323 2169 recepisse
1337 2129 1497 2165 mercedem,
1509 2137 1534 2159 et
1546 2141 1574 2160 re
1594 2142 1646 2162 non

83 2176 164 2215 sacta,
187 2186 286 2205 merces
303 2176 326 2204 ei
341 2175 447 2204 reddita
472 2182 510 2204 est
533 2176 635 2215 integra
661 2183 685 2205 et
705 2177 829 2216 perfecta.
847 2177 908 2205 Sint
928 2177 1011 2215 igitur
1031 2177 1108 2205 nobis
1132 2176 1231 2205 munda
1248 2176 1316 2212 vela,
1335 2186 1386 2205 non
1402 2177 1454 2205 sint
1470 2184 1623 2209 veteranosa
1640 2193 1646 2208 ε

85 2233 162 2252 omne
177 2233 292 2261 namque
316 2221 390 2261 quod
413 2222 554 2251 veterascit
575 2228 600 2250 et
615 2222 642 2250 in
664 2223 768 2251 senium
789 2222 871 2259 uadit,
886 2222 1007 2251 interitui
1031 2223 1187 2262 proximum
1212 2229 1272 2251 est:
1288 2233 1340 2251 non
1355 2223 1407 2252 sint
1434 2225 1547 2253 contrita
1566 2232 1593 2254 ct
1605 2227 1648 2255 di—

86 2277 173 2310 rupta,
188 2276 218 2298 ut
241 2268 375 2308 spiritales
389 2268 468 2297 ssatus
481 2278 532 2296 non
548 2275 662 2297 teneant.
676 2269 830 2297 Animalis
845 2271 922 2297 enim
944 2270 1038 2304 homo,
1052 2269 1123 2298 dixit
1144 2269 1290 2308 apostolus,
1315 2280 1373 2297 non
1392 2272 1513 2309 percipit
1529 2282 1563 2300 ea
1583 2283 1648 2308 quae

84 2324 151 2347 sunt
164 2317 297 2356 Spiritus.
310 2316 386 2345 Sicut
409 2314 481 2344 enim
495 2325 652 2344 arancarum
677 2316 791 2344 stamina
819 2315 913 2344 flatum
930 2315 1001 2344 venti
1017 2326 1069 2344 non
1085 2315 1235 2355 suscipiunt
1253 2328 1258 2342 :
1280 2316 1316 2345 sic
1334 2326 1418 2354 neque
1432 2317 1521 2346 anima
1536 2320 1645 2348 saecula-

85 2365 133 2400 ris,
151 2373 237 2402 neque
257 2363 337 2392 homo
360 2362 484 2391 animalis
502 2363 617 2401 gratiam
645 2363 741 2402 poterit
768 2363 887 2402 Spiritus
906 2363 990 2392 sancti
1011 2363 1154 2402 suscipere.
1181 2363 1258 2391 Nihil
1280 2363 1351 2392 enim
1375 2362 1508 2393 disserunt
1534 2365 1569 2394 ab
1593 2366 1648 2395 illis

86 2411 244 2441 staminibus
270 2410 443 2450 cogitationes
465 2417 572 2447 nostrae,
597 2410 653 2439 solo
671 2411 732 2439 visu
760 2410 888 2439 habentes
905 2411 1133 2449 consequentiam,
1149 2411 1232 2439 totius
1247 2418 1336 2439 autem
1352 2411 1463 2440 virtutis
1481 2422 1572 2442 vacuae
1586 2425 1647 2453 per-

87 2464 203 2487 manent.
233 2457 286 2487 Sed
309 2464 398 2486 nostra
421 2467 474 2486 non
497 2457 596 2485 debent
624 2468 679 2486 csse
710 2457 784 2495 talia,
810 2457 832 2485 si
855 2457 966 2496 quidem
990 2457 1073 2486 sobrii
1097 2468 1190 2486 sumus
1213 2469 1219 2484 :
1241 2457 1374 2495 quidquid
1393 2457 1535 2495 inciderit,
1559 2461 1647 2489 omnia

88 2505 182 2534 tolerat
195 2504 372 2539 Christianus,
389 2510 414 2532 ct
438 2504 565 2533 omnibus
578 2511 617 2533 est
642 2505 773 2544 superior,
799 2505 871 2534 omni
887 2506 966 2545 plaga
981 2505 1084 2534 fortior.
1105 2505 1146 2534 Sit
1167 2505 1237 2533 enim
1256 2504 1370 2543 quisque
1393 2505 1523 2545 spiritalis
1541 2507 1600 2544 vir,
1623 2515 1648 2537 ct

91 2559 230 2582 occurrant
240 2552 264 2581 ei
288 2551 362 2581 mille
386 2551 475 2589 mala,
490 2552 566 2581 nullo
586 2551 665 2581 modo
692 2553 818 2582 vincitur.
837 2553 872 2582 Et
901 2553 967 2592 quid
982 2553 1043 2582 dieo
1059 2553 1072 2581 ?
1087 2553 1189 2581 incidat
1211 2553 1249 2581 illi
1275 2553 1425 2592 pauperies,
1444 2553 1588 2593 oegritudo,
1603 2555 1649 2584 in-

1665 697 1721 718 (icn.
1733 696 1768 719 15,
1780 697 1801 717 (ἶ.

1666 969 1802 992 llcl1r.8.13.

1665 1067 1684 1082 Ι.
1699 1060 1752 1082 Car.
1765 1067 1788 1081 2.

1678 1606 1707 1634 Sp
1703 1607 1724 1626 ιι
1731 1607 1804 1626 initii<

1663 1645 1735 1657 (mun
1729 1637 1765 1657 ist»
1769 1642 1787 1657 rt

1662 1668 1765 1689 lubenter.
