1886 2846
431 191 462 214 ΙΝ
494 190 597 213 ΕΙἾΞΤ.
628 189 672 212 ΑΒ
704 186 870 211 ttttssuffios.
900 186 977 208 CAt’.
1009 185 1043 207 ΙΙ.
1075 186 1191 209 nouit„
1219 187 1265 209 tV.
1588 178 1633 213 55

65 255 113 284 κᾶν
128 255 204 295 ὀλίγοι
219 255 248 283 ἐκ
263 255 382 288 πολλῶν,
397 252 506 287 εὔδηλον
518 252 558 280 ὅτι
572 251 653 291 ”rupi
667 252 718 279 τῶν
731 250 835 279 πολλῶν
890 254 915 276 ct
931 246 953 276 si
973 246 1100 275 invenero
1119 247 1262 276 retinentes
1279 248 1368 287 aliqua
1384 259 1417 278 ex
1433 249 1466 278 iis
1485 260 1545 288 quae
1563 250 1633 279 dicta

66 301 123 330 οὐδὲ
143 300 304 339 ἀαφῶἄλλω
326 299 426 328 λοιπόν,
447 299 499 327 Καὶ
525 300 606 337 ἐχρῆν
629 297 677 335 μὲν
699 299 784 334 ἦμες,
798 294 835 333 μὴ
888 300 960 328 sunt,
977 303 1029 322 non
1051 293 1114 322 dico
1135 294 1224 323 omnia
1235 305 1244 331 ς
1261 304 1313 324 non
1336 302 1374 324 est
1397 295 1469 324 enim
1491 296 1540 325 hoc
1558 297 1635 325 vobis

65 329 240 386 προειπόντας
268 349 344 375 τοῦτο
358 368 365 380 ,
390 344 549 384 ἀφυλάκτοις
580 345 641 381 ὑμῖν
668 343 835 376 ἐπιτεθῆναι·
887 340 988 376 facile3
1009 339 1055 369 sed
1068 340 1109 369 vel
1131 351 1214 380 pauca
1230 351 1264 370 ex
1285 342 1387 377 multis,
1403 350 1441 371 est
1464 343 1634 383 perspicuum

66 391 135 427 πλὴν
156 393 214 420 dn:
237 391 389 430 ἀγαπητὸν,
406 391 428 418 εἷ
442 389 487 418 καὶ
501 389 568 418 οὕτω
588 388 760 426 δυνηθείημεν
780 388 837 416 ἐπι-
888 385 960 424 quod
974 385 1008 415 de
1019 386 1122 415 caeteris
1134 393 1224 425 postea
1244 397 1295 416 non
1317 387 1457 418 dubitabo.
1476 388 1510 417 Et
1525 396 1635 429 oporte-

66 442 155 476 ·toyeiv
170 449 176 455 ·
201 438 300 475 μᾶλλον
324 436 364 472 δὲ,
388 435 433 464 καὶ
452 434 521 464 οὕτω
540 434 652 472 δύναμαι
679 432 837 472 ἀφυλάκτοις
853 435 872 457 D
888 433 935 461 bat
945 432 1186 471 quidemnos,cum
1197 433 1636 476 non1›raedixisse1nus‚eximpro-

68 471 213 513 ἐπιὶὶέσθαι.
226 482 291 512 ἓὈτι
307 482 353 519 μὲν
373 482 423 521 γὰρ
446 482 576 521 ἐρήσομαι
587 503 594 516 ‚
611 483 735 519 προεῖπον
749 490 755 496 ·
774 478 838 506 πότε
889 478 949 507 viso
963 488 1010 507 vos
1024 477 1153 518 aggredi:
1168 486 1294 508 caeterum
1309 487 1417 519 gratum
1428 481 1490 516 erit,
1503 482 1525 510 si
1542 482 1584 510 vel
1597 483 1636 510 sic

69 529 96 558 δὲ
110 530 255 568 ἐρήσομαι,
267 529 353 558 οὐκέτι
367 529 445 563 δῆλον
461 527 607 564 καθίστημι
619 538 624 543 ·
638 527 700 557 ἴσως
719 524 771 564 γὰρ
789 523 839 558 στ’,-
890 525 1024 564 possimus
1047 526 1170 563 assequi5
1183 525 1238 554 imo
1258 536 1322 554 vero
1341 526 1380 555 sic
1401 538 1507 566 quoque
1528 538 1635 567 possum

70 587 163 615 μερον,
178 575 241 608 ἴσως
263 574 290 603 δὲ
314 574 417 613 αὔριον,
441 573 502 606 ἴσως
523 572 550 601 δὲ
569 572 635 610 μετὰ
650 571 746 600 εἴκοσιν
763 570 780 605 ἢ
795 570 838 598 καὶ
892 581 941 599 vos
955 570 1076 599 incautos
1085 570 1205 609 aggredi.
1225 572 1295 600 Nam
1313 572 1426 611 praedixi
1442 573 1551 612 quidem
1563 574 1636 612 quod

68 620 211 658 τριάκοντα
224 619 341 657 ἡμέρας,
365 618 427 650 ἴσως
446 617 473 646 δὲ
493 616 560 654 μετὰ
573 617 698 648 ἐλάττους
709 638 715 648 ,
731 615 793 646 ἴσως
812 613 839 642 δὲ
893 627 941 645 vos
954 616 1004 645 sim
1018 616 1246 655 interrogaturus;
1260 618 1368 656 quando
1381 626 1470 648 autem
1487 619 1539 648 sim
1555 619 1635 648 inter-

69 665 114 694 καὶ
141 665 208 702 μετὰ
229 665 343 697 πλείους.
367 663 447 692 Οὕτω
471 663 516 691 καὶ
539 665 552 691 ὃ
575 662 643 694 Θεὸς
665 661 712 696 τὴν
737 660 839 699 ἡμέραν
893 670 1045 701 rogaturus,
1070 663 1190 691 nondum
1210 663 1312 702 aperio.
1338 665 1419 693 Forte
1440 665 1511 693 enim
1535 665 1636 701 hodic,

68 713 145 747 ἡμῶν
157 713 204 745 τ-’ἧς
218 712 342 744 τελευτῆς
355 710 452 744 ἄδι-,λον
465 708 572 742 ἐποίησε
587 719 592 724 ·
608 708 653 736 καὶ
674 706 732 736 οὔτε
752 707 775 734 εἰ
790 706 839 740 σή-
893 708 960 736 sorte
979 718 1037 736 cras
1047 730 1054 742 ‚
1074 708 1142 736 sorte
1161 714 1249 737 autem
1263 716 1323 748 post
1343 709 1441 749 viginti
1459 717 1506 739 aut
1524 711 1635 749 triginta

69 767 164 796 μερον,
184 756 242 785 οὔτε
259 757 281 784 εἰ
303 755 410 793 αὔριον,
426 754 484 782 οὔτε
501 756 522 782 εἰ
540 754 607 791 μετὰ
625 754 741 781 ἐνιαυτὸν
763 752 838 785 ὅλον,
891 754 960 791 dies,
976 754 1044 783 forte
1058 761 1147 783 autem
1161 761 1220 794 post
1235 756 1384 794 pauciores,
1397 757 1464 785 sorte
1475 764 1564 786 autem
1576 764 1636 797 post

67 801 126 830 οὔτε
145 803 168 830 εἰ
182 801 250 839 μετὰ
271 800 380 830 πλείονα
401 800 447 834 ἔτη
470 799 660 834 ἐπιστήσεται,
683 799 760 832 δῆλον
777 800 838 835 ἡμῖν
892 801 990 839 plures.
1004 801 1049 830 Sic
1063 800 1143 829 etiam
1153 800 1226 830 diem
1241 802 1335 831 mortis
1343 803 1420 832 nobis
1431 803 1506 833 Deus
1519 804 1579 833 fecit
1594 804 1635 833 in-

69 847 170 886 οἷφῆκεν
184 842 251 876 εἶναι
263 869 270 882 ,
282 846 325 876 ἵνα
341 848 378 885 τῷ
390 849 437 881 τῆς
452 845 610 885 προσδοκίας
626 845 714 883 ἀδήλῳ
729 845 840 873 διαπαν-
893 853 995 875 certum
1009 858 1015 874 ε
1028 857 1113 884 neque
1128 847 1205 876 nobis
1227 848 1331 887 aperuit
1353 859 1386 877 an
1401 849 1482 878 hodie
1494 872 1502 887 ‚
1519 860 1552 878 an
1567 860 1634 886 cras,

893 904 926 921 an
937 901 995 933 post
1008 901 1092 922 totum
1103 905 1212 931 annum,
1222 906 1254 923 an
1268 903 1327 934 post
1338 896 1437 925 multos
1447 907 1530 926 annos
1541 898 1576 926 sit
1587 898 1636 928 ad-

68 939 216 977 λευο-όμεθα
227 961 235 973 ,
257 941 344 974 εἶπεν,
369 938 432 966 πότε
456 937 498 973 δὲ,
523 937 620 966 οὐκέτι.
643 936 723 965 Οὕτω
748 936 839 974 κάγὼ,
893 940 1000 967 futurus
1016 961 1023 975 ‚
1039 946 1068 967 ut
1081 947 1190 979 propter
1204 940 1332 970 incertam
1348 944 1571 982 exspectationem
1589 955 1637 973 nos

69 986 110 1014 ὅτι
134 985 182 1023 μὲν
204 985 348 1024 ἐρήσομαι,
374 979 462 1018 εἶπον,
485 982 550 1011 πότε
570 982 611 1017 δὲ,
633 983 662 1010 οὐ
678 981 839 1019 προσέθηκα,
894 984 921 1012 in
935 984 1036 1013 virtute
1048 992 1176 1023 perpetuo
1191 987 1374 1016 contineamus
1388 1001 1394 1016 :
1406 995 1431 1017 et
1442 989 1511 1018 dixit
1526 990 1638 1028 quidem

71 1030 228 1070 βουλόμενος
239 1032 308 1068 ὓμᾶς
323 1031 350 1058 ἐν
361 1029 478 1068 φροντίδι
490 1024 556 1057 εἶναι
567 1029 718 1060 διαπαντός.
734 1028 787 1057 Καὶ
802 1028 839 1065 μή
894 1029 967 1067 quod
991 1029 1075 1058 simus
1097 1031 1231 1059 excessuri
1243 1043 1251 1068 3
1263 1033 1370 1070 quando
1389 1042 1497 1073 autern,
1514 1036 1635 1066 minime.

69 1088 110 1109 τις
120 1075 232 1115 λεγέτω,
245 1075 286 1104 ὅτι
303 1074 354 1114 πρὸ
371 1074 506 1113 τεσσάρων
529 1073 682 1111 ἑὸδομοίδων
698 1073 742 1102 καὶ
763 1074 841 1102 πέντε
894 1077 936 1104 Ita
952 1086 1001 1114 ego
1013 1086 1120 1114 quoque
1139 1076 1198 1105 dixi
1219 1088 1261 1105 me
1276 1086 1447 1117 rogaturum,
1463 1082 1572 1120 quando
1585 1093 1639 1111 au-

71 1121 116 1151 καὶ
130 1121 258 1150 πλειόνων
272 1123 354 1149 ταῦτα
374 1120 492 1155 ἤκουσα,
511 1119 556 1148 καὶ
571 1119 694 1158 κατέχειν
717 1121 746 1148 οὐ
767 1118 842 1147 δύνα-
894 1129 960 1159 tem,
976 1132 1030 1150 non
1043 1122 1138 1151 addidi
1151 1145 1160 1157 ,
1178 1123 1272 1152 volens
1288 1135 1334 1153 vos
1347 1136 1402 1154 esse
1417 1135 1546 1166 perpetuo
1561 1129 1620 1158 sotii
1629 1147 1639 1152 -

71 1179 138 1206 μαι·
149 1167 193 1196 τὸν
206 1166 258 1207 γὰρ
272 1166 402 1195 ἀκούοντα
417 1166 486 1195 οὕτω
507 1165 635 1204 βούλομαι
654 1165 791 1204 κατέχειν,
807 1168 842 1198 ὡς
896 1169 971 1197 citos.
990 1170 1044 1197 Nec
1069 1168 1141 1197 dicat
1163 1169 1298 1209 quispiam
1309 1193 1316 1205 ‚
1344 1173 1412 1200 Ante
1437 1180 1572 1210 quatuor,
1591 1183 1638 1205 aut

71 1214 186 1248 ἅληστον
200 1213 270 1252 ἔχειν
290 1213 337 1248 τὴν
357 1212 481 1250 μνήμην,
497 1211 543 1240 καὶ
565 1211 602 1250 μὴ
625 1211 758 1247 ἐξίτηλον,
774 1211 842 1249 μηδὲ
895 1215 1014 1254 quinque
1027 1237 1035 1253 ‚
1049 1222 1096 1244 aut
1113 1215 1192 1244 etiam
1215 1216 1306 1256 plures
1323 1216 1505 1247 hebdomadas
1516 1220 1574 1249 baec
1588 1233 1641 1250 au-

71 1259 216 1290 ἀποπτύειν
232 1259 265 1288 τὰ
285 1258 424 1297 λεγόμενοι.
444 1258 581 1296 Βούλομαι
599 1257 651 1297 γὰρ
673 1260 742 1296 ὑμᾶς
764 1258 842 1287 κατέ·
895 1261 973 1298 divi,
996 1272 1080 1300 neque
1101 1272 1210 1300 possum
1231 1262 1346 1291 retinere
1363 1275 1369 1290 :
1387 1264 1484 1292 etenim
1507 1275 1568 1294 eum
1595 1267 1640 1305 qui

71 1317 139 1345 χειν,
152 1306 203 1344 οὔχ
215 1304 258 1334 ἵνα
273 1305 331 1343 ἐμοὶ
344 1304 435 1340 εἴπητε
446 1326 454 1339 ,
469 1305 526 1333 ἀλλ’
540 1304 583 1333 ἵνα
594 1306 670 1342 ὑμεῖς
681 1305 839 1343 κερδᾶνητε·
896 1308 972 1337 audit
992 1308 1055 1337 volo
1078 1308 1117 1337 sic
1145 1308 1258 1337 retinere
1268 1331 1277 1344 ‚
1306 1316 1336 1338 ut
1360 1320 1412 1339 non
1439 1311 1641 1342 obliviscentem

70 1352 207 1381 καὶτοῦτο
230 1351 291 1389 ἐμοί
313 1352 370 1380 ἐστι
394 1351 425 1380 τὸ
449 1350 668 1389 σπουδαζόμενον.
691 1351 760 1380 Ἀλλ’
783 1351 841 1380 ἐπεὶ
861 1359 878 1382 Β
897 1365 945 1383 nec
969 1354 1112 1384 evanidam
1136 1354 1234 1383 babeat
1260 1356 1437 1393 memoriam,
1466 1368 1514 1386 nec
1534 1367 1642 1398 respuat

70 1399 119 1428 ὅσα
133 1400 213 1438 ἐχρῆν
229 1399 311 1427 εἰπεῖν
325 1399 362 1430 εἷς
375 1397 535 1436 ἀσφάλειαν,
547 1399 611 1435 ἡμῖν
626 1397 746 1436 εἴρηται,
764 1399 842 1437 ἀναγ-
898 1412 956 1440 quae
971 1401 1112 1430 dicuntur.
1136 1402 1208 1431 Volo
1230 1402 1301 1431 enim
1320 1413 1369 1432 vos
1388 1404 1520 1442 retinere,
1536 1416 1590 1435 non
1613 1414 1643 1436 ut

51 1449 144 1474 ’καῖον
165 1444 256 1473 λοιπὸν
278 1443 407 1484 ἄρξασθαι
431 1446 478 1478 ri:
497 1444 660 1476 ἀκολουθίας.
683 1445 708 1473 T
712 1444 720 1472 ί
742 1443 774 1479 δὴ
795 1440 840 1474 οὖν
897 1448 965 1476 mihi
976 1447 1082 1484 dicatis,
1093 1447 1139 1476 sed
1153 1455 1181 1477 ut
1192 1459 1240 1477 vos
1250 1448 1390 1478 lucremini
1404 1462 1410 1477 z
1422 1457 1447 1479 ct
1461 1450 1512 1480 hoc
1520 1459 1558 1481 est
1569 1453 1642 1492 quod

70 1490 208 1530 πρόκειται
229 1493 293 1528 ἡμῖν
314 1492 396 1519 εἰπεῖν
420 1490 552 1529 σήμερον;
573 1491 614 1519 Οὐ
634 1490 686 1529 γὰρ
706 1491 838 1529 ἀγγέλοις,
896 1504 1001 1533 magnae
1024 1500 1063 1522 est
1078 1494 1145 1522 mihi
1167 1504 1255 1531 eurae,
1276 1502 1301 1523 et
1321 1495 1356 1524 de
1373 1507 1427 1535 quo
1441 1497 1520 1526 valde
1534 1498 1638 1529 laboro.

71 1536 165 1575 φησὶν,
176 1536 288 1569 ὑπέταξε
304 1536 352 1571 τὴν
370 1536 525 1574 οἰκουμένην
538 1536 586 1571 τὴν
603 1536 766 1574 μέλλουσαν,
779 1537 839 1577 περὶ
895 1541 948 1569 Sed
965 1541 1027 1579 quia
1042 1551 1071 1569 ca
1091 1552 1151 1579 qum
1173 1541 1207 1570 ad
1228 1543 1378 1572 cautionem
1399 1545 1545 1574 necessaria
1567 1554 1643 1576 erant

71 1578 102 1616 ἧς
115 1583 255 1620 λαλοῦμεν.
270 1576 337 1620 ’Ἆρα
353 1582 390 1619 μὴ
405 1582 466 1622 περὶ
487 1582 578 1620 ἑτέρας
597 1582 667 1614 τινὸς
689 1582 839 1621 διαλέγεται
895 1585 1029 1620 diximus,
1050 1586 1107 1624 jam
1130 1597 1185 1615 rem
1207 1586 1324 1626 incipere
1348 1596 1463 1628 oportet.
1481 1590 1557 1624 Quid
1578 1601 1642 1629 ergo

73 1627 245 1665 οἶκουμένης;
261 1628 319 1656 Οὐκ
336 1627 421 1663 ἔστιν,
440 1627 508 1657 ἀλλὰ
523 1628 583 1667 περὶ
597 1628 704 1663 ταύτης.
723 1629 774 1657 Διὰ
788 1628 839 1667 γὰρ
895 1629 973 1658 nobis
997 1629 1078 1658 hodie
1097 1631 1266 1670 propositum
1290 1639 1328 1660 est
1347 1632 1462 1662 dicere?
1482 1635 1550 1663 Non
1564 1638 1642 1664 enim

855 867 878 916 »ιε

68 893 112 927 τὸς
132 895 158 922 ἐν
176 895 257 934 ἀρετ-ᾔ
273 893 429 932 κατέχωμεν
448 892 554 923 ἑαυτούς
566 904 572 910 ·
586 892 631 920 καὶ
647 891 687 919 ὅτι
708 891 755 929 μὲν
775 892 839 918 οἱπε-

109 1719 121 1736 h
141 1716 178 1750 [A.
193 1718 220 1742 B.
233 1717 355 1742 Commet.
375 1723 399 1742 et
412 1727 490 1751 marg.
509 1718 586 1743 Sat-ii.
606 1723 658 1753 περὶ
675 1726 719 1744 τῶν
738 1722 825 1745 λαπῶν.
844 1717 924 1744 Iidem
937 1728 996 1744 mox
1009 1725 1126 1752 ἀγαπητὸν
1138 1725 1173 1747 ἵνα
1183 1726 1223 1748 κᾶν
1233 1727 1291 1750 οὕτω
1302 1725 1428 1752 δυνηθείητε
1440 1726 1512 1757 erun]

501 1829 675 1858 MUTIANO
697 1829 949 1859 SCHOLASTICO
971 1832 1225 1862 INTERPRETE.

76 1942 206 1972 terrogem
217 1945 224 1968 ;
235 1940 260 1962 et
271 1934 292 1961 si
307 1942 428 1972 reperero
440 1932 482 1960 vel
497 1931 586 1970 aliqua
598 1941 631 1960 cx
648 1931 681 1960 iis
695 1942 753 1969 qute
769 1931 840 1960 dieta
855 1939 917 1960 sunt
935 1933 1064 1971 retinere,
1079 1945 1132 1962 non
1150 1935 1211 1963 dieo
1226 1936 1334 1975 omnia5
1347 1937 1398 1967 hoc
1412 1940 1483 1969 enim
1501 1943 1577 1971 vobis
1590 1955 1640 1973 non

75 1980 139 2008 satis
150 1986 188 2008 est
200 1979 292 2015 facile5
303 1978 348 2007 sed
363 1978 411 2006 etsi
426 1988 511 2017 pauca
523 1987 556 2005 ex
571 1977 673 2011 multis,
687 1987 738 2006 non
754 1977 890 2016 ambigam
903 1978 982 2006 ultra.
1000 1979 1034 2007 Et
1049 1980 1187 2018 oportebat
1202 1981 1311 2019 quidem
1323 2005 1331 2019 ,
1344 1990 1373 2012 ut
1389 1984 1446 2014 liaec
1461 1997 1512 2016 non
1526 1999 1643 2027 prasinu-

75 2037 139 2057 nens
153 2027 272 2055 incautos
287 2025 457 2064 aggrederer,
471 2031 655 2053 verumtamen
671 2025 750 2053 etiam
765 2025 802 2053 sic
819 2032 925 2064 gratum
939 2025 1006 2054 mihi
1022 2026 1081 2061 erit,
1096 2027 1117 2055 si
1135 2038 1182 2055 vos
1199 2028 1346 2058 secundum
1360 2038 1452 2061 votum
1467 2044 1532 2063 meze
1546 2038 1642 2066 mentis

75 2075 211 2103 invenero.
223 2073 291 2102 Nam
306 2078 331 2100 et
345 2073 383 2100 sic
399 2082 504 2110 quoquc
519 2081 626 2111 possum
641 2081 690 2099 vos
707 2071 826 2099 incautos
842 2071 993 2109 inquirere,
1005 2071 1068 2110 quia
1082 2071 1169 2109 euim,
1182 2072 1356 2113 tutet-rogaho
1368 2099 1374 2112 ‚
1386 2077 1519 2116 prmdixi5
1532 2082 1642 2119 quando

74 2127 163 2150 autem
179 2118 360 2157 interrogabo,
377 2118 508 2146 incertum
523 2124 560 2146 cst
573 2117 651 2146 vobis
661 2129 667 2144 τ
679 2118 789 2146 sortasse
800 2117 871 2146 enim
883 2117 979 2153 bodie,
989 2118 1100 2147 fortasse
1114 2119 1228 2148 crastina
1241 2143 1248 2157 ‚
1265 2121 1375 2151 sortasse
1391 2131 1451 2162 post
1465 2125 1577 2164 viginti,
1590 2129 1642 2157 tri-

75 2167 147 2207 ginta
163 2165 236 2201 dies,
249 2166 358 2194 tortasse
368 2171 428 2204 post
438 2164 586 2204 pauciores,
601 2164 710 2192 fortasse
726 2171 783 2203 post
800 2164 898 2204 plures.
913 2164 959 2194 Sic
975 2164 1054 2193 etiam
1072 2166 1145 2194 Deus
1159 2165 1231 2194 diem
1246 2166 1426 2197 defunctionis
1438 2178 1535 2200 nostrae
1550 2172 1639 2202 incer-

75 2222 134 2243 tum
148 2213 244 2247 effecit,
259 2220 284 2242 et
299 2223 383 2251 neque
396 2212 486 2248 bodie,
496 2222 582 2250 neque
597 2212 711 2240 crastina
723 2212 777 2248 die,
792 2223 876 2250 neque
890 2219 951 2252 post
965 2222 1064 2242 annum
1080 2220 1176 2250 totum,
1193 2224 1279 2252 neque
1289 2215 1310 2243 si
1322 2222 1380 2255 post
1396 2216 1487 2256 plures
1499 2230 1580 2249 annos
1592 2221 1642 2250 im-

75 2262 158 2290 minet
169 2267 287 2297 ,certum
300 2260 378 2288 nobis
392 2271 449 2289 esse
463 2259 600 2299 permisit,
612 2267 641 2288 ut
656 2260 862 2299 exspectationis
874 2260 967 2290 incerti
986 2271 1091 2301 semper
1105 2261 1131 2290 in
1146 2262 1246 2291 virtute
1261 2263 1381 2303 nosipsos
1403 2265 1584 2297 contineamus
1597 2281 1602 2296 :
1617 2277 1643 2299 rt

75 2309 201 2348 quoniam
216 2308 388 2337 commeaturi
403 2318 495 2336 sumus
507 2318 540 2336 ex
552 2307 602 2336 bac
614 2307 680 2344 vita,
692 2308 794 2336 dictum
808 2315 846 2337 est
862 2308 956 2345 nobis3
970 2308 1076 2347 quando
1089 2319 1162 2345 vero,
1175 2321 1351 2349 nequaquam.
1360 2312 1405 2340 Sic
1417 2312 1496 2342 etiam
1508 2325 1566 2353 ego,
1577 2327 1642 2354 quo-

76 2357 148 2386 niam
163 2355 334 2395 interrogabo
349 2355 408 2385 dixi
420 2367 427 2391 ;
442 2355 548 2394 quando
561 2366 636 2392 vero,
649 2366 701 2384 non
716 2355 822 2390 addidi,
839 2355 932 2385 volens
944 2367 992 2385 vos
1003 2356 1071 2385 hanc
1083 2367 1174 2386 curam
1186 2369 1290 2397 semper
1304 2358 1409 2388 babere.
1423 2359 1459 2389 Et
1474 2371 1551 2391 nemo
1570 2362 1643 2392 dicat

76 2403 202 2442 quoniam
211 2409 270 2431 ante
279 2408 393 2440 quatuor
399 2400 592 2437 hebdomadas,
601 2408 625 2430 et
633 2402 759 2440 quinque,
772 2410 796 2431 et
809 2402 926 2442 amplius
935 2402 992 2431 haec
1001 2402 1105 2438 audivi,
1117 2410 1141 2432 et
1148 2403 1260 2433 retinere
1272 2414 1322 2433 non
1334 2416 1456 2444 possum:
1467 2407 1490 2436 si
1501 2408 1562 2447 quis
1571 2409 1642 2439 enim

76 2449 203 2486 audierit,
213 2449 302 2478 taliter
313 2459 374 2477 eum
386 2448 498 2477 retInere
507 2448 580 2487 volo,
593 2456 622 2477 ut
630 2450 686 2489 ejus
700 2449 829 2479 memoria
843 2450 949 2479 nulium
960 2449 1104 2479 oblivionis
1113 2451 1212 2480 furtum
1223 2451 1348 2491 patiatur,
1365 2463 1448 2492 neque
1467 2455 1608 2495 mercede[
1620 2457 1640 2486 s.

77 2495 341 2536 marcide]suscipiat
350 2506 409 2534 quae
416 2495 555 2532 dicuntur,
567 2507 653 2535 neque
659 2497 847 2527 amittat.Volo
855 2498 926 2527 enim
939 2508 987 2527 vos
998 2497 1111 2526 retinere
1119 2508 1177 2536 quae
1187 2497 1258 2533 dico,
1267 2509 1318 2528 non
1334 2506 1363 2528 ut
1372 2499 1476 2530 mihica
1483 2501 1642 2540 dicatis‚sed

79 2544 275 2574 nivoslucrum
288 2543 417 2573 habeatis.
431 2543 488 2572 Hoc
499 2543 565 2572 mibi
581 2550 667 2574 totum
675 2545 795 2575 studium
810 2552 858 2581 est,
871 2546 1102 2584 necessariumque
1112 2553 1162 2582 est,
1171 2552 1199 2574 ut
1210 2546 1266 2585 jam
1281 2545 1314 2576 ad
1324 2549 1512 2587 consequentia
1523 2551 1642 2579 reverta-

79 2602 148 2621 mur.
163 2591 238 2627 Quid
252 2602 315 2631 ergo
330 2590 410 2620 bodie
425 2591 591 2631 propositum
606 2593 682 2623 nobis
696 2600 733 2623 cst
749 2593 783 2623 ad
795 2593 938 2623 dicendum
950 2594 964 2622 ἶ)
975 2595 1040 2624 Nou
1054 2596 1129 2622 enim
1145 2594 1268 2632 angelis.
1287 2595 1384 2633 inquit,
1399 2597 1527 2625 subdidit
1545 2599 1641 2627 orbem

1678 812 1755 833 Mortis

1647 847 1733 871 tenipus
1751 852 1791 865 cur

1648 875 1792 896 nobisincer-

1647 909 1695 926 (niu
1708 908 1745 928 sit.
