1906 2846
114 524 180 543 llelfr,
203 528 210 542 1
218 527 225 542 Ι
232 538 236 542 .

114 554 151 575 38.

115 753 134 767 ι,
148 746 251 767 Thess-2.

111 1298 166 1318 Gen.
176 1295 197 1326 ,ᾗ
210 1303 230 1324 7.

270 181 336 217 290

266 248 394 281 apparent
409 254 414 268 :
427 240 476 269 hoc
489 240 557 268 enim
568 245 604 266 est
619 237 694 266 fides.
708 238 775 265 Cum
790 242 878 264 autem
893 235 1003 264 dixisset

267 287 294 315 id
311 286 381 325 qnod
397 293 433 313 est
445 294 593 319 commune,
605 293 659 310 rem
666 283 721 320 jain
736 281 819 319 agitat
831 281 857 308 in
869 281 999 319 personis.

618 179 646 201 S.
675 176 814 200 JOANNJS
839 175 1017 198 cnm'sosr.
1047 176 1205 199 anctum).
1231 177 1500 203 CONSTANTINOP-

1055 237 1071 271 ἢ
1086 237 1225 267 διακοσίων
1240 238 1406 275 ἀντ-ἔστησεν,
1417 236 1474 268 εἶτα
1489 236 1540 270 εἶδε
1555 242 1596 271 τὸν
1610 242 1718 281 ἀριθμὸν
1733 243 1819 282 ὀλίγον

1054 285 1086 321 τῇ
1104 283 1245 319 ποσότητι,
1257 283 1347 311 λοιπόν
1363 296 1440 322 φησιν
1452 297 1458 303 ·
1477 281 1528 314 ῗΩν
1541 287 1586 315 οὐκ
1601 283 1631 322 ’ἦν
1653 288 1721 321 ἄξιος
1741 291 1754 317 6
1770 289 1818 316 κό-

268 332 318 359 x‘ir
332 332 400 358 enim
415 330 528 366 inclytus
539 335 563 355 ct
578 328 661 365 gloria
678 326 790 363 insignis
803 333 841 353 cst
856 326 939 353 instar
953 337 1000 354 or·
1019 331 1036 353 B
1055 339 1128 365 σμος.
1144 328 1238 356 Πίστει
1253 329 1362 357 πλείονα
1373 331 1462 359 θυσίαν
1478 331 1556 360 Ἀίῗελ
1568 332 1640 371 παρὰ
1655 334 1720 361 Κάϊν
1735 345 1817 372 προσ-

266 377 307 404 bis
323 383 396 403 terra·
412 387 417 401 :
431 374 502 411 quud
518 380 606 411 postca
625 372 702 400 ctiam
720 370 909 399 subindicavit.
926 371 1000 398 Post-

266 431 344 458 quam
363 421 430 447 cniiu
449 420 474 447 in
497 426 601 447 centum
621 425 666 446 aut
682 416 801 445 ducentis
820 416 939 455 personis
951 417 1000 444 hoc

265 467 366 499 statuit.
381 465 477 494 deinde
486 464 552 492 vidit
562 473 700 492 nnmerum
713 462 860 500 quantitate
870 472 925 490 csse
935 473 999 501 pau-

265 524 335 547 cum,
350 513 415 540 dicit
434 512 468 540 dc
484 518 597 539 cai-tero:
616 512 724 547 Quibus
743 509 846 547 dignus
862 519 921 536 non
936 516 999 537 erat

265 560 397 587 mundus.
416 559 490 586 Fide
502 558 660 595 plurimam
674 555 798 583 hostiam
814 554 894 582 Abel
910 565 999 593 quam

265 605 338 632 Cain
348 605 449 632 obtulit
463 604 536 631 Deo.
549 601 618 631 Yidc
625 611 703 638 quem
716 599 834 638 primum
846 599 929 638 ponit,
938 610 998 628 eum

263 649 308 686 qui
322 649 389 677 male
403 657 439 678 cst
452 659 553 687 passus,
568 646 649 684 idque
663 656 676 673 a
692 646 772 673 fratre
784 644 851 672 nihil
865 644 939 682 laeso,
951 645 998 674 sed

264 698 311 726 Dei
329 708 406 725 causa
421 697 504 724 livore
520 701 625 723 vexato.
643 693 714 731 Ergo
730 692 837 732 propria
851 699 906 720 crat
924 692 998 731 ipso-

263 754 321 771 rum
340 743 435 781 passio.
453 743 568 770 Etenim
582 750 636 768 vos
651 749 764 778 quoque
777 739 886 772 eadem,
902 738 997 776 inquit,

260 792 339 826 passi
350 790 417 816 estis
431 798 449 815 a
464 789 567 815 vestris
580 785 795 814 contribulibus.
810 783 898 813 Simul
912 790 998 812 osten-

260 834 299 862 dit
328 834 388 861 illos
412 843 516 870 quoque
540 831 643 860 invidia
668 838 692 859 et
724 830 809 859 livore
831 829 926 869 premi.
950 829 998 858 llle

260 882 344 908 Deum
355 879 505 915 honoravit,
518 885 542 906 et
553 884 674 906 mortuus
683 883 732 914 est,
749 876 874 914 quoniam
884 875 998 905 honora-

259 926 309 962 vit,
323 933 346 954 et
358 924 475 953 nondum
487 931 525 952 est
534 930 691 961 assequutus
705 922 920 951 resurrectionem
935 922 998 957 ;sed

259 972 429 1000 manifestum
446 969 554 1008 quidem
567 970 617 998 fuit
628 976 763 1008 promtum
775 969 832 1007 ejus
844 968 926 996 animi
937 975 996 997 stu-

258 1017 335 1045 dium
348 1029 354 1044 :
367 1024 391 1046 ct
401 1028 460 1055 quae
473 1016 558 1055 ipsius
569 1022 654 1050 erant,
666 1015 783 1053 praestita
799 1020 876 1049 sunt,
890 1023 948 1050 quae
959 1020 996 1042 est

259 1070 347 1092 autem
372 1062 423 1091 Dei
438 1061 626 1097 remuneratio,
640 1059 759 1088 nondum
782 1059 810 1087 in
825 1070 885 1087 eum
901 1059 996 1087 collata

259 1114 306 1135 est.
319 1107 439 1135 Hostiam
455 1113 543 1134 autem
558 1105 602 1133 bic
618 1103 685 1132 dicit
697 1102 854 1142 plurimam,
869 1113 926 1140 quae
941 1109 997 1131 crat

260 1153 450 1187 honorabilior,
463 1162 523 1190 quae
537 1150 697 1190 praeclarior,
710 1160 769 1188 quae
781 1148 866 1187 magis
877 1159 997 1177 necessa—

259 1200 308 1228 ria.
324 1200 377 1228 Nec
390 1207 541 1237 possumus,
561 1196 657 1234 inquit,
670 1195 758 1223 dicere
771 1194 842 1233 quod
854 1205 905 1223 non
918 1194 998 1223 suerit

259 1252 364 1284 accepta
384 1256 390 1271 ε
413 1243 513 1282 accepit
532 1242 603 1270 enim
619 1243 707 1278 Deus,
729 1248 754 1269 et
775 1241 846 1269 dixit
864 1242 897 1269 ad
917 1241 995 1277 Cain,

261 1292 327 1319 Non
337 1293 362 1319 si
371 1297 447 1318 recte
459 1290 606 1324 obtuleris,
625 1295 700 1316 recte
712 1293 807 1316 aulem
824 1298 881 1315 non
893 1288 995 1315 divise-

260 1339 309 1365 ris.
323 1336 390 1365 Abel
402 1346 463 1374 ergo
478 1342 502 1364 et
515 1341 584 1363 recte
593 1334 701 1370 obtulit,
714 1341 739 1361 et
750 1340 819 1362 recte
829 1333 931 1361 divisit.
942 1333 995 1362 Sed

261 1390 347 1412 tamen
360 1382 459 1421 probis
470 1391 614 1419 quamnam
623 1380 723 1418 accepit
734 1379 994 1408 remunerationem?

261 1429 372 1458 Occisus
392 1427 471 1455 suita
488 1437 567 1455 manu
587 1426 690 1461 fratris5
712 1432 736 1453 et
751 1424 995 1453 condemnationem

261 1484 340 1512 quam
355 1480 430 1512 pater
444 1473 525 1501 subiit
540 1478 648 1511 propter
664 1477 809 1510 peccatum,
824 1480 880 1498 eam
893 1470 996 1508 primus

260 1519 376 1558 suscepit
390 1518 435 1556 qui
452 1529 479 1546 se
498 1525 568 1546 recte
586 1524 710 1555 gesserat,
730 1523 754 1544 et
774 1526 803 1544 eo
817 1515 939 1555 graviora
958 1522 996 1543 est

261 1575 362 1604 passus,
376 1564 447 1602 quod
463 1570 514 1592 eta
527 1563 607 1591 fratre
620 1569 644 1591 et
659 1563 770 1601 primus.
784 1561 819 1590 Et
834 1562 890 1589 haec
904 1561 994 1600 gessit,

260 1611 296 1639 ad
310 1611 414 1639 nullum
430 1610 571 1649 respiciens
589 1621 595 1636 ι
615 1608 649 1636 ad
664 1619 741 1646 quem
755 1608 824 1636 enim
841 1607 960 1646 repexit,
972 1614 997 1635 et

261 1658 298 1685 sic
313 1657 398 1685 Deum
413 1654 576 1684 honoravit?
591 1653 624 1682 ad
642 1660 745 1692 patrem
759 1659 784 1681 et
799 1659 910 1682 matrem
925 1653 937 1681 ‚⁹
951 1653 997 1682 sed

1053 373 1147 411 ἤνεγκε
1165 376 1202 412 τῷ
1217 376 1287 413 Θεῷ.
1309 376 1366 403 Θέα
1389 376 1449 404 τίνα
1471 379 1574 415 πρῶτον
1588 377 1691 412 τίθησι,
1706 378 1748 406 τὸν
1763 390 1817 407 πα-

1054 419 1130 448 θόντα
1145 423 1249 455 κακῶς,
1265 421 1310 449 καὶ
1324 421 1397 460 παρὰ
1411 422 1522 461 ἀδελφοῦ
1547 423 1617 451 οὐδὲν
1641 423 1816 460 ἠδικημένου,

1055 465 1122 494 ἀλλὰ
1138 465 1180 494 διὰ
1197 466 1240 494 τὸν
1255 467 1322 495 Θεὸν
1345 468 1523 506 φθονηθέντας.
1544 470 1645 497 Οὐκοῦν
1670 470 1763 497 οἰκεῖον
1787 469 1816 497 τὸ

1054 512 1144 543 πάθος.
1160 512 1212 540 Καὶ
1226 511 1277 550 γὰρ
1299 514 1373 550 ὑμεῖς
1387 512 1420 541 τὰ
1434 513 1516 550 αὐτὰ,
1531 514 1620 552 φησὶν,
1635 514 1745 542 ἐπάθετε
1765 514 1816 543 ὑπὸ

1053 559 1105 586 τῶν
1119 558 1220 586 οἰκείων
1237 559 1416 596 συμφυλετῶν.
1430 558 1501 596 Ἅμα
1521 559 1566 587 καὶ
1579 559 1704 588 δείκνυσιν
1715 559 1755 587 ὅτι
1770 559 1815 588 καὶ

1054 603 1126 631 αὐτοὶ
1144 603 1330 641 βασκαίνονται
1354 603 1398 631 καὶ
1413 607 1574 642 φθονοῦνται.
1589 604 1731 641 Ἐτίμησεν
1746 605 1815 633 ἐκεῖ-

1053 660 1094 681 νος
1107 649 1151 677 τὸν
1164 649 1242 683 Θεὸν,
1265 649 1308 677 καὶ
1327 648 1455 678 ἀπέθανεν
1479 651 1534 678 ἀνθ’
1559 645 1594 678 [Sv
1619 650 1728 687 ἐτίμησε
1741 672 1748 685 ,
1770 649 1815 678 καὶ

1052 694 1153 722 οὐδέπω
1170 695 1336 727 ἀναστάσεως
1357 694 1447 734 ἔτυχεν
1459 707 1464 712 ·
1488 696 1546 724 ἀλλ’
1571 698 1587 730 ἡ
1613 697 1659 734 μὲν
1683 695 1815 734 προθυμία

1052 743 1129 768 αὑτοῦ
1142 740 1207 775 δήλη
1217 762 1225 774 ,
1239 740 1284 768 καὶ
1296 739 1329 768 τὰ
1349 742 1411 779 παρ’
1426 742 1505 770 αὐτοῦ
1519 740 1623 779 γέγονε,
1641 742 1675 769 τὰ
1697 741 1725 770 δὲ
1742 740 1815 779 παρὰ

1051 789 1096 814 τοῦ
1110 788 1179 815 Θεοῦ
1194 785 1295 814 οὐδέπω
1312 787 1346 818 εἷς
1367 786 1444 815 αὐτὸν
1460 786 1644 822 εἰσενήνεκται.
1666 787 1768 816 Θυσίαν
1788 786 1814 814 δὲ

1051 832 1160 860 ἐνταῦθα
1182 832 1290 860 πλείονα
1314 832 1361 867 τὴν
1384 832 1551 871 ἐντιμοτέραν
1573 833 1661 872 λέγει,
1675 832 1723 867 τὴν
1745 833 1815 870 λαμ-

1050 877 1190 916 προτέραν,
1205 876 1252 912 τὴν
1267 878 1484 917 ἀναγκαιοτέραν.
1499 878 1551 906 Καὶ
1573 881 1619 906 οὐκ
1640 878 1744 917 ἔχομεν,
1761 890 1816 917 φη-

1051 924 1101 958 σὶν,
1118 925 1208 959 εἰπεῖν,
1229 923 1268 952 ὅτι
1290 925 1336 952 οὐκ
1359 924 1492 962 ἀπεδέχθη
1504 935 1510 941 ·
1527 923 1671 956 ἀπεδέξατο
1687 923 1751 962 γὰρ,
1769 923 1817 952 καὶ

1050 966 1107 999 εἶπε
1123 970 1187 1010 πρὸς
1209 970 1252 998 τὸν
1277 969 1361 1003 Κοίϊν,
1383 970 1458 1005 Οὐκ,
1479 969 1509 997 ἂν
1530 970 1610 1008 ὀρθῶς
1624 969 1815 1008 προσενέγκῃς,

1049 1017 1130 1054 ὀρθῶς
1145 1016 1172 1044 δὲ
1185 1015 1222 1052 μὴ
1238 1015 1332 1053 διέλῃς.
1347 1015 1449 1043 Οὐκοῦν
1464 1018 1477 1044 ὁ
1489 1014 1568 1044 'Aget
1576 1015 1621 1043 καὶ
1637 1017 1718 1053 ὀρθῶς
1732 1025 1814 1054 προσ-

1050 1062 1144 1100 ήνεγκε
1155 1082 1162 1095 ,
1176 1061 1221 1089 καὶ
1242 1062 1323 1098 ὀρθῶς
1339 1061 1444 1089 διεῖλεν.
1459 1060 1527 1089 Ἀλλ’
1543 1060 1614 1098 ὅμως
1635 1060 1693 1089 ἀντὶ
1714 1059 1819 1089 τούτων·

1049 1106 1108 1135 τίνα
1122 1105 1169 1140 τὴν
1190 1105 1303 1143 &potet-,v
1323 1105 1430 1141 ἔλαόενς
1445 1105 1567 1144 Ἐσφᾶγη
1582 1105 1654 1144 παρὰ
1675 1107 1722 1140 τῆς
1736 1107 1813 1134 ἀδελ·

1050 1154 1128 1191 φικῆς
1139 1151 1241 1191 χειρός·
1253 1151 1298 1180 καὶ
1314 1151 1361 1186 τὴν
1382 1150 1536 1185 καταδίκην,
1550 1151 1582 1186 ἣν
1603 1153 1616 1179 6
1635 1150 1725 1191 πατὴρ
1745 1150 1815 1179 ὑπέ-

1051 1209 1122 1235 μεινε
1141 1197 1184 1226 διὰ
1198 1197 1245 1232 τὴν
1260 1196 1403 1236 ἁμαρτίαν,
1417 1197 1515 1231 ταύτην
1531 1198 1634 1235 πρῶτος
1646 1196 1749 1229 ἐδέξατο
1762 1197 1815 1229 υἱὸς

1049 1246 1062 1272 6
1078 1243 1245 1282 κατορθώσας
1254 1264 1261 1276 ,
1272 1243 1316 1270 καὶ
1331 1243 1447 1280 τοσούτῳ
1461 1241 1567 1280 χαλεπὰ
1582 1241 1687 1277 ἔπαθεν,
1700 1242 1753 1281 ὅσῳ
1769 1242 1814 1271 καὶ

1049 1289 1121 1328 παρὰ
1137 1289 1246 1326 ἀδελφοῦ
1262 1287 1306 1316 καὶ
1328 1289 1440 1325 πρῶτος.
1457 1287 1508 1315 Καὶ
1532 1289 1616 1315 ταῦτα
1639 1286 1814 1326 κατώρθωσεν

1049 1336 1085 1366 εἷς
1099 1334 1191 1362 οὐδένα
1205 1332 1265 1360 ἰδὼν
1278 1344 1282 1349 ·
1295 1334 1330 1365 εἷς
1343 1331 1401 1359 τίνα
1415 1332 1466 1370 γὰρ
1479 1327 1544 1367 εἶδε,
1557 1332 1601 1360 καὶ
1613 1331 1693 1365 οὕτως
1705 1332 1819 1371 ἐτίμησε.

1049 1381 1092 1408 τὸν
1105 1379 1189 1413 Θεόν,
1204 1380 1240 1410 εἷς
1251 1378 1294 1406 τὸν
1306 1377 1408 1416 πατέρα
1419 1378 1464 1406 καὶ
1476 1377 1523 1413 τὴν
1539 1377 1658 1417 μητέρα;
1675 1379 1733 1406 ἀλλ’
1748 1380 1818 1408 ἐκεῖ-

1049 1437 1087 1453 νοι
1102 1424 1210 1463 ῧὸρισαν
1226 1423 1303 1451 αὐτὸν
1318 1423 1375 1451 ἀντὶ
1389 1425 1440 1451 τῶν
1462 1424 1624 1462 εὐεργεσιῶν.
1636 1423 1706 1452 Ἀλλ’
1721 1425 1757 1457 εἷς
1770 1424 1814 1453 τὸν

1050 1470 1174 1508 ἀδελφόη
1187 1469 1254 1498 ἀλλὰ
1269 1469 1315 1497 καὶ
1329 1464 1402 1501 οἶτος
1422 1468 1559 1506 ἠτίμασεν.
1573 1468 1656 1497 εὨστε
1670 1471 1734 1508 παρ’
1749 1471 1814 1498 ἑαυ-

1049 1519 1094 1544 τοῦ
1107 1516 1137 1544 τὸ
1148 1515 1243 1554 ἀγαθὸν
1255 1514 1349 1553 ἐξεῦρε.
1364 1515 1415 1543 Καὶ
1426 1517 1439 1543 6
1453 1514 1582 1549 τοσαύτης
1593 1514 1628 1542 ὢν
1637 1516 1716 1553 τιμῆς
1728 1515 1798 1548 ἄξιος
1806 1538 1820 1552 ‚

1050 1562 1075 1590 τί
1087 1561 1117 1597 δὴ
1134 1562 1250 1600 πάσχει,
1268 1560 1435 1600 Ἀναιρεῖται.
1450 1556 1517 1589 Εἶτα
1537 1560 1581 1589 καὶ
1601 1560 1665 1590 ἄλλο
1684 1560 1819 1599 ἐγκώμιον-

1049 1607 1136 1643 τίθησι
1165 1607 1248 1645 λέγων
1260 1618 1266 1624 ·
1293 1607 1334 1635 Δι’
1365 1602 1396 1640 ἧς
1420 1606 1587 1646 ἐμαρτυρήθη
1611 1601 1678 1635 εἶναι
1700 1606 1815 1643 δίκαιος,

1053 1655 1242 1692 μαρτυροῦντος
1257 1652 1300 1681 ἐπὶ
1314 1656 1367 1684 τοῖς
1387 1651 1478 1690 δώροις
1502 1653 1579 1680 αὐτοῦ
1595 1655 1640 1681 τοῦ
1660 1654 1730 1682 Θεοῦ
1743 1664 1750 1671 ·
1770 1656 1821 1684 καὶ,

678 1766 854 1795 MUTIANO
875 1765 1128 1795 SCHOLASTICO
1150 1764 1402 1794 INTERPRETE.

261 1873 321 1895 sunt
336 1876 393 1904 quae
402 1864 542 1900 videntur3
553 1862 605 1891 hoc
620 1868 708 1891 autem
716 1869 755 1891 est
769 1861 843 1891 fidei.
858 1863 1000 1901 Postquam
1011 1869 1099 1891 autem
1117 1862 1189 1892 dixit
1204 1862 1276 1901 quod
1292 1873 1432 1892 commune
1447 1869 1494 1900 est,
1506 1861 1603 1892 deinde
1616 1869 1641 1892 et
1654 1863 1682 1892 in
1696 1863 1816 1903 personis

260 1913 311 1941 hoc
321 1912 448 1941 enucleat.
465 1910 570 1939 Etenim
589 1909 631 1937 vir
644 1909 774 1947 gloriosus
789 1909 890 1937 mundo
905 1909 1052 1948 aequandus
1063 1917 1100 1938 est
1116 1922 1123 1937 z
1136 1909 1187 1938 hoc
1198 1916 1288 1938 autem
1301 1916 1326 1938 et
1340 1916 1430 1949 postea
1441 1909 1614 1948 significavit.
1628 1910 1699 1944 Quia
1709 1920 1772 1949 ergo
1787 1911 1817 1938 in

260 1959 377 1999 personis
395 1964 510 1993 centum,
522 1957 565 1985 vel
585 1956 707 1985 ducentis
722 1956 791 1985 banc
806 1967 912 1985 causam
926 1957 1079 1993 constituit3
1093 1956 1189 1985 deinde
1201 1956 1296 1985 videns
1308 1967 1420 1996 parvam
1434 1957 1539 1985 numeri
1553 1957 1738 1995 quantitatem,
1751 1957 1817 1986 sub-

257 2006 349 2046 junxit
361 2018 366 2033 :
381 2006 491 2043 Quibus
505 2005 610 2043 dignus
623 2014 681 2032 non
697 2010 760 2032 erat
772 2004 905 2032 mundus.
917 2003 954 2032 Et
965 2003 1144 2042 contemplare
1156 2014 1236 2042 quem
1252 2004 1369 2043 primum
1385 2003 1460 2042 ponit
1473 2015 1478 2030 :
1496 2014 1568 2041 eum,
1583 2003 1630 2041 qui
1645 2003 1713 2032 mala
1723 2014 1818 2043 passus

259 2061 308 2089 est,
320 2059 345 2081 et
355 2052 406 2080 hoc
420 2062 434 2079 a
448 2051 537 2079 fratre.
550 2050 662 2089 Propria
675 2050 786 2078 istorum
801 2056 857 2078 erat
870 2049 928 2078 haec
943 2049 1030 2088 passio
1043 2061 1049 2077 z
1063 2050 1182 2078 Etenim
1197 2059 1260 2085 vos,
1276 2049 1381 2086 inquit,
1396 2049 1497 2077 eadem
1506 2052 1585 2087 passi
1599 2050 1668 2078 estis
1678 2060 1696 2077 a
1709 2051 1816 2078 contri-

261 2100 375 2128 bulibus
389 2099 503 2126 vestris.
513 2096 580 2125 Abel
591 2096 694 2124 occisus
704 2103 743 2124 est
758 2107 773 2124 a
785 2096 868 2124 fratre
879 2096 947 2124 nihil
962 2095 1097 2134 injuriato,
1112 2095 1158 2124 sed
1172 2102 1281 2135 propter
1290 2096 1379 2123 Deum
1391 2094 1528 2123 invidente
1534 2106 1543 2132 ;
1556 2094 1696 2123 ostendens
1711 2095 1775 2133 quia
1785 2102 1812 2124 et

260 2147 311 2186 ipsi
328 2145 459 2174 invidiam
472 2143 651 2184 patiebantur.
670 2143 824 2171 Honorabat
837 2142 883 2171 ille
900 2142 1008 2181 quidem
1022 2143 1121 2179 Deum,
1135 2149 1161 2171 et
1177 2149 1298 2171 mortuus
1315 2148 1353 2170 est
1366 2152 1416 2181 pro
1426 2141 1527 2170 honore
1538 2141 1603 2178 Dei,
1615 2148 1640 2170 et
1650 2141 1764 2170 necdum
1772 2153 1816 2171 re-

260 2193 450 2223 surrectionem
465 2191 577 2230 adeptus
591 2197 647 2229 θεῖς
663 2190 709 2218 sed
724 2189 888 2218 desiderium
908 2189 1016 2228 quidem
1031 2191 1089 2228 ejus
1102 2189 1273 2218 manifestum
1288 2196 1327 2218 est
1346 2202 1352 2217 :
1372 2196 1398 2217 et
1413 2199 1472 2227 quae
1487 2189 1521 2217 ab
1539 2189 1587 2217 illo
1602 2188 1661 2217 fieri
1671 2188 1815 2224 debebant,

261 2240 327 2269 facta
338 2247 411 2277 sunt3
424 2250 483 2278 quae
495 2249 558 2267 vero
573 2249 588 2266 a
603 2239 659 2266 Deo
670 2237 762 2266 donari
777 2237 963 2276 sperabantur,
980 2237 1096 2265 necdum
1106 2236 1146 2265 illi
1158 2236 1253 2265 collata
1267 2243 1338 2265 sunt.
1353 2236 1475 2264 Hostiam
1488 2236 1516 2264 in
1527 2235 1646 2265 hocloco
1656 2235 1723 2264 dicit
1734 2236 1817 2265 hono-

261 2287 412 2316 rabiliorem
427 2293 454 2314 et
467 2285 606 2314 clariorem
618 2291 643 2313 et
657 2283 840 2312 neeessariam.
855 2283 889 2312 Et
903 2294 956 2312 non
972 2294 1114 2323 possumus
1125 2283 1224 2321 dicere,
1237 2283 1335 2322 inquit,
1350 2283 1413 2322 quia
1427 2293 1479 2311 non
1493 2289 1532 2312 est
1547 2289 1669 2323 suscepta
1685 2283 1818 2323 :suscepit

261 2334 370 2372 quidem
383 2335 465 2370 Deus,
474 2340 499 2361 et
511 2332 582 2361 dixit
598 2331 632 2360 ad
647 2331 714 2360 Cain
729 2331 777 2360 :si
788 2338 864 2360 recte
878 2332 999 2371 offeras,
1010 2338 1086 2360 recte
1096 2338 1193 2360 autem
1208 2341 1267 2359 non
1281 2331 1408 2360 dividas.
1426 2330 1500 2369 Ergo
1515 2330 1582 2359 Abel
1593 2337 1618 2359 et
1629 2337 1699 2360 recte
1708 2330 1816 2367 obtulit,

262 2388 287 2409 et
297 2388 364 2409 recte
374 2381 476 2409 divisit.
488 2380 541 2409 Sed
554 2390 604 2419 pro
618 2379 660 2408 his
674 2389 755 2417 quam
769 2379 971 2407 retributionem
981 2378 1105 2419 accepit?
1118 2379 1276 2408 Interemtus
1290 2385 1328 2407 est
1342 2388 1423 2407 manu
1437 2378 1563 2415 fraterna,
1577 2384 1602 2406 et
1616 2377 1817 2406 condemnatio-

262 2437 333 2464 nem,
345 2438 423 2466 quam
434 2433 507 2465 pater
519 2432 624 2466 propter
638 2432 777 2465 peccatum
791 2425 952 2464 promeruit,
966 2425 1035 2454 hanc
1047 2425 1102 2464 ipse
1116 2425 1220 2465 primus
1236 2425 1350 2464 excepit,
1364 2431 1451 2453 rectus
1465 2424 1613 2453 exsistens:
1627 2430 1653 2452 et
1666 2423 1695 2452 in
1708 2430 1814 2453 tantum

264 2474 382 2502 crudelia
399 2484 492 2512 passus
506 2481 554 2510 est,
576 2474 602 2502 in
618 2480 747 2512 quantum
762 2473 842 2502 etiam
854 2484 867 2502 a
879 2473 968 2509 fratre,
983 2479 1008 2501 et
1027 2472 1133 2512 primus
1151 2472 1256 2502 occisus
1273 2484 1280 2503 :
1296 2479 1322 2501 et
1337 2478 1392 2501 tam
1406 2471 1580 2511 probabiliter
1590 2477 1616 2499 et
1627 2477 1698 2499 recte
1711 2470 1814 2508 vivens,

263 2520 363 2548 nullius
379 2520 531 2559 exemplum
544 2521 656 2558 habens,
673 2531 754 2559 quem
770 2520 929 2549 imitaretur.
940 2519 983 2549 Ad
998 2531 1076 2559 quem
1091 2521 1161 2549 enim
1172 2519 1308 2549 attendens
1319 2519 1440 2548 imitatus
1455 2525 1493 2548 est
1506 2518 1561 2556 hic,
1574 2524 1604 2546 ut
1618 2517 1657 2546 sic
1670 2517 1814 2547 honoraret

264 2567 374 2597 Deum?
391 2566 424 2595 ad
443 2573 544 2606 patrem
557 2574 582 2596 et
599 2574 710 2598 matrem
719 2567 733 2596 Ξ)
748 2567 792 2598 sed
807 2567 848 2598 illi
862 2567 947 2608 magis
959 2567 1153 2608 injuriaverunt
1165 2569 1252 2598 Deum
1265 2577 1314 2607 pro
1325 2567 1404 2597 tantis
1415 2565 1561 2596 beneficiis.
1576 2565 1648 2595 Num
1657 2564 1690 2594 ad
1702 2565 1811 2594 fratrem
