1875 2856
535 123 690 146 AUCTORE
717 123 746 145 S.
774 122 906 146 JOANNE
932 121 1191 145 cttnYSOS'roMo.
1544 108 1634 155 1069

110 188 171 217 lltic
185 187 277 217 videre
296 193 352 216 erat
370 193 529 216 autumnum
545 194 571 215 et
585 197 642 223 ver,
658 195 770 214 messem
789 191 814 213 et
830 196 897 214 areae
913 191 1032 224 tempus,
1053 191 1078 212 et
1093 183 1200 222 quaudo
1214 181 1375 211 adventabat
1396 180 1508 221 hyems,
1524 182 1634 210 unicum

67 235 211 274 spargebat
224 245 311 264 semen
322 258 330 271 ,
345 244 440 273 nempe
452 234 567 263 verbum
581 233 640 262 Dei.
656 236 690 261 At
707 243 767 261 ecce
782 232 904 261 diversas
921 243 979 270 qum
994 231 1056 260 inde
1069 231 1224 260 oriebantur
1238 230 1327 268 fruges
1343 228 1483 258 advertens
1494 251 1501 264 ,
1516 235 1635 257 maturas

66 282 145 316 alias,
158 282 224 311 alias
237 282 391 311 maturitate
401 281 513 320 pingues
525 281 552 309 in
567 291 654 309 aream
670 280 762 309 messis
774 287 895 319 tempore
911 279 1105 319 comportabat,
1120 278 1274 315 triturabat,
1286 287 1375 306 vanno
1385 275 1543 312 mundabat,
1556 283 1636 314 atque

66 329 242 368 componebat
260 329 287 357 in
302 339 423 365 acervos,
439 336 468 357 ut
484 339 527 357 eas
539 329 602 357 inde
613 329 639 356 in
655 328 750 356 horrea
765 327 834 356 lucis
848 327 975 356 deferret.

106 376 182 411 Quid
199 376 270 414 quod
287 376 381 414 hyems
391 378 400 412 (
411 375 550 411 Armenia)
564 398 571 411 ,
583 386 643 414 quae
658 382 795 414 acceperat
809 386 843 403 ex
856 374 1003 403 seminibus
1018 374 1117 402 florum
1132 372 1207 409 fidet,
1221 372 1320 410 quibus
1332 382 1378 411 per
1390 371 1502 410 glaciem
1516 369 1634 399 infideli-

66 423 129 451 tatis
143 433 195 451 non
207 423 320 451 licuerat
335 422 546 462 progerminare,
559 423 647 462 ipsum
660 422 847 451 seminatorem
858 422 970 461 projecit
981 421 1049 450 inter
1062 421 1174 449 exitiosa
1185 430 1285 449 veneno
1298 419 1426 459 reptilia?

105 469 245 506 Homines,
261 470 307 508 qui
319 477 481 498 cumsancto
494 470 542 499 illo
556 480 705 498 sermonem
719 477 743 498 et
755 469 862 498 vultum
877 479 1032 498 communes
1047 468 1191 503 habebant,
1203 478 1290 495 mores
1304 466 1445 495 induerant
1456 472 1608 505 serpentum
1625 476 1631 492 ε

65 524 93 545 at
105 523 212 552 contra,
227 517 354 546 dracones
371 518 467 546 letiferi
483 518 634 556 armatique
653 528 753 546 veneno
765 517 873 546 mitium
888 517 1029 545 hominum
1043 526 1129 544 mores
1144 516 1279 551 referunt,
1295 514 1430 554 pedesque
1441 514 1525 543 sancti
1541 511 1632 542 eodem

66 573 120 602 quo
135 570 247 592 mortem
261 564 379 592 inserunt
393 574 438 592 ore
449 564 589 603 lingentes,
605 564 764 602 obsequium
779 564 803 592 ei
816 563 953 592 exhibent.

106 610 179 646 Quid
190 618 246 639 tum
257 612 270 639 ἶ)
282 612 337 640 Diu
348 612 529 651 perseveravit
543 619 648 651 tempus
659 612 776 651 byemiS,
787 618 813 640 et
827 611 1025 648 seminatorem,
1039 610 1122 639 instar
1134 609 1244 639 seminis
1256 609 1330 647 quod
1345 609 1447 647 rigente
1455 609 1538 647 glacie
1548 615 1635 637 satum

65 663 113 693 est,
126 658 238 697 periisse
249 659 372 688 arbitrati
383 666 444 688 sunt
460 660 579 688 Armeni.
594 660 721 699 Aperitur
736 660 811 688 fovea
827 671 832 686 :
846 659 999 697 quaerebant
1014 665 1154 698 corruptos
1169 657 1251 686 totius
1265 657 1383 685 hominis
1393 664 1484 691 artus;
1498 664 1524 685 at
1533 657 1636 684 multa-

65 715 128 733 rum
144 716 241 735 vocum
256 714 398 735 concentus
412 707 526 735 audiunt
540 719 546 734 ε
563 713 660 736 tetrum
676 718 709 735 ex
725 707 889 736 draconibus
899 713 925 735 et
936 706 1104 745 serpentibus
1116 705 1226 734 odorem
1242 715 1316 733 nares
1331 714 1392 732 suas
1405 714 1582 743 pervasurum
1595 715 1636 732 re-

66 750 247 781 formidabant
258 765 265 788 ;
278 760 304 781 at
319 753 381 782 inde
401 754 490 782 suavis
503 753 577 789 odor,
592 754 666 782 velut
687 765 720 782 ex
734 754 813 782 horto
829 753 990 793 voluptatis,
1005 753 1165 781 exhalatur:
1182 762 1239 780 ossi
1257 751 1328 779 carie
1343 750 1465 778 absumta
1482 750 1636 788 quaerebant

65 798 162 835 oculis,
177 798 224 827 sed
234 799 417 838 splendentem
429 800 455 828 in
467 801 523 840 ejus
533 801 599 829 facie
612 801 694 829 solem
710 800 925 840 contemplantur
940 810 946 828 t
964 799 990 827 in
1002 800 1078 827 fovea
1093 798 1243 827 exanimem
1256 797 1429 837 reputabant;
1443 804 1483 825 ast
1498 807 1571 831 eum,
1584 807 1636 825 ve-

64 845 106 873 lut
119 845 147 874 in
162 847 351 885 augustissimo
364 849 475 887 templo,
491 848 707 877 deambulantem
721 849 857 876 intuentur
873 860 878 875 :
891 855 964 876 artus
979 848 1048 876 fame
1067 854 1219 875 consumtus
1232 845 1446 883 investigabant,
1462 855 1557 872 sanum
1569 854 1631 872 vero

64 898 89 920 et
104 892 201 921 caetesti
216 893 275 922 cibo
287 894 439 933 saginatum
453 895 598 923 advertunt
614 907 619 922 :
635 896 831 923 comminutum
842 895 968 923 dentibus
981 895 1128 923 draconum
1143 904 1240 932 corpus
1251 891 1430 930 indagabant,
1445 891 1491 920 sed
1503 892 1636 920 cicuratos

68 939 103 967 ab
116 939 174 978 ipso
187 941 509 979 serpentesadmirantur,
526 949 702 970 contemtores
717 949 862 970 contemtos
878 952 932 970 sese
949 941 1041 969 vident
1051 941 1085 968 ab
1099 951 1139 970 eo,
1154 950 1232 978 quem
1242 939 1428 978 despexerant.

106 986 213 1014 Pudore
227 987 322 1015 suffusi
335 988 536 1023 erubescebant,
554 988 794 1027 exclamabantque
804 988 908 1016 attoniti
922 1000 927 1015 2
939 989 1056 1026 Magnus
1071 994 1108 1015 est
1124 988 1195 1015 Deus
1208 996 1286 1024 quem
1297 985 1424 1024 pia-dieat
1440 995 1552 1023 magnus
1564 985 1637 1013 Gre-

64 1032 164 1073 gorius.
178 1034 316 1062 Iufirmata
333 1042 395 1063 sunt
407 1046 480 1063 arma
490 1042 577 1064 nostra
594 1036 628 1063 ab
640 1036 696 1069 illo,
711 1047 788 1074 quem
799 1047 813 1064 a
824 1036 960 1064 venenatis
971 1035 1134 1064 draconibus
1146 1035 1312 1062 infirmatum
1323 1032 1531 1061 arbitrabamur.
1544 1032 1636 1067 Quin-

63 1080 160 1116 etiam,
178 1081 200 1109 si
215 1081 361 1110 defuissent
380 1081 509 1110 dracones
522 1093 568 1121 per
580 1083 664 1110 solam
676 1083 787 1118 famem,
802 1084 924 1111 futurum
939 1090 994 1111 erat
1008 1089 1038 1111 ut
1052 1082 1238 1110 absumeretur
1255 1091 1368 1120 corpus,
1383 1080 1454 1118 qnod
1470 1079 1532 1108 inde
1545 1080 1637 1108 nullus

64 1127 185 1156 mortalis
197 1128 298 1167 eripere
309 1135 423 1167 poterat.
440 1129 544 1157 Verum
557 1129 689 1156 mirabilis
701 1136 739 1157 est
750 1130 824 1157 Deus
840 1130 866 1157 in
878 1129 976 1157 sanctis
991 1129 1058 1164 suis,
1072 1128 1245 1166 inquiebant,
1261 1126 1301 1155 ad*
1312 1133 1424 1154 mentem
1442 1126 1557 1154 Davidis
1569 1137 1636 1165 pro-

64 1172 166 1210 phetae3
183 1173 376 1211 glorificatores
387 1174 458 1202 enim
472 1184 534 1202 suos
545 1173 688 1212 glorificat.
708 1174 908 1202 Admirabundi
924 1186 1002 1203 suum
1019 1174 1210 1204 erubescebant
1225 1173 1327 1201 facinus
1338 1195 1345 1209 ,
1361 1181 1438 1210 atque
1453 1172 1577 1200 dicebant
1592 1185 1597 1200 ε
1611 1174 1637 1201 Is

64 1229 145 1257 quem
156 1220 183 1248 in
195 1221 299 1249 foveam
311 1227 336 1249 et
348 1221 470 1250 tenebras
483 1221 657 1260 projecimus,
668 1221 755 1256 nobis,
769 1222 813 1259 qui
827 1229 898 1250 certe
912 1222 960 1250 tilii
974 1223 1142 1250 tenebrarum
1158 1231 1274 1256 cramus,
1292 1220 1376 1248 veluti
1391 1220 1446 1256 sol,
1458 1220 1565 1255 illuxit,
1579 1232 1637 1250 nos-

66 1275 118 1303 que
134 1265 169 1294 de
184 1267 299 1295 tenebris
310 1267 424 1295 educens
434 1290 441 1303 ,
467 1268 538 1295 filios
550 1268 618 1296 lucis
631 1268 726 1296 effecit.
739 1269 766 1296 Is
780 1278 795 1296 a
813 1278 910 1306 magno
925 1268 1018 1296 ovium
1034 1269 1158 1302 Pastore,
1175 1268 1220 1305 qui
1236 1267 1340 1296 veniam
1361 1278 1409 1305 pro
1425 1268 1571 1296 tortoribus
1585 1267 1634 1296 de⁶

63 1314 235 1352 precabatur,
253 1313 362 1342 edoctus
378 1315 429 1342 fuit
447 1326 452 1341 :
471 1324 518 1342 nos
533 1314 603 1342 enim
621 1321 732 1342 tortores
751 1315 808 1353 ejus
824 1325 929 1343 eramus
947 1314 1014 1343 dum
1032 1315 1207 1353 projiceretur
1222 1314 1248 1341 iu
1264 1314 1369 1341 foveam
1385 1325 1391 1340 :
1409 1321 1435 1342 at
1453 1314 1509 1349 ille,
1530 1314 1635 1353 fulgens

62 1360 244 1395 llluminator,
259 1361 417 1390 vestimento
432 1361 500 1390 lucis
517 1372 563 1390 nos
579 1361 683 1397 induit,
701 1361 832 1400 pedesque
852 1369 956 1390 nostros
975 1363 1002 1390 in
1017 1357 1089 1391 viam
1112 1361 1186 1400 pacis
1201 1361 1363 1389 mirabiliter
1379 1361 1489 1389 direxit.
1506 1363 1559 1390 Nos
1578 1362 1636 1399 ejus

62 1406 202 1434 carnifices
216 1407 335 1444 fuimus,
349 1407 393 1435 bic
408 1418 470 1435 vero
483 1407 614 1446 providus
628 1414 718 1447 pastor
730 1415 818 1436 noster
829 1415 867 1437 est
881 1420 887 1435 ε
903 1409 948 1436 bic
960 1415 1034 1448 pater
1045 1407 1210 1442 misericors,
1228 1417 1275 1435 nos
1286 1406 1336 1434 filii
1349 1407 1375 1434 in
1389 1415 1491 1446 patrem
1506 1408 1632 1444 rebelleS,

63 1453 128 1490 quin
143 1460 167 1481 et
180 1453 322 1492 parricidae
338 1466 343 1481 :
360 1454 403 1483 bic
419 1455 521 1483 divinis
535 1455 650 1483 vallatus
663 1462 719 1483 erat
736 1455 842 1490 castris,
860 1463 890 1484 ut
903 1462 1052 1484 vastantem
1068 1456 1165 1494 lupum
1187 1454 1222 1482 ab
1234 1454 1328 1483 ovium
1342 1462 1417 1493 septo
1430 1454 1511 1483 sunda
1527 1456 1636 1494 propel-

61 1500 128 1529 leret
140 1513 148 1538 3
162 1512 210 1529 nos
225 1509 315 1530 autem
323 1502 476 1531 aberrantes
491 1504 574 1531 secuti
590 1514 683 1531 sumus
694 1503 789 1542 lupum
799 1502 1031 1543 depopulatorem,
1046 1513 1126 1541 quem
1137 1502 1338 1537 vulneraverat,
1354 1503 1521 1541 praecipitem
1533 1510 1633 1542 egerat,

62 1555 87 1576 et
100 1548 255 1588 perdiderat
274 1550 301 1577 in
319 1556 447 1578 aeternum
469 1562 475 1577 :
496 1550 541 1579 hic
556 1558 647 1590 pastor
663 1551 799 1590 optimus,
813 1561 859 1579 nos
876 1561 941 1590 grex
954 1550 1062 1579 rebellis
1079 1557 1103 1578 et
1118 1549 1202 1578 caulae
1216 1549 1336 1578 desertor
1354 1561 1360 1576 :
1376 1550 1420 1578 hic
1434 1550 1571 1587 medicus;
1587 1561 1635 1579 nos

62 1603 220 1635 aegrotantes
237 1598 441 1637 properavimus
454 1608 527 1633 eum,
541 1600 586 1636 qui
601 1599 676 1627 nobis
692 1598 858 1633 medebatur,
870 1599 1020 1627 interficere
1032 1598 1123 1637 quoad
1135 1608 1243 1637 corpus,
1261 1597 1337 1635 quasi
1353 1598 1521 1636 impossibile
1532 1599 1566 1627 sit
1578 1599 1634 1627 im-

61 1644 202 1673 mortalem
213 1655 275 1674 eum
287 1656 342 1674 esse
351 1646 438 1684 quoad
451 1646 577 1674 animam.
592 1647 645 1675 Hic
660 1647 773 1685 praeibat
784 1646 871 1682 nobis,
887 1646 1102 1686 praecidebatque
1114 1646 1204 1685 spinas
1220 1645 1247 1673 in
1260 1645 1314 1681 via,
1331 1656 1390 1683 quse
1401 1645 1478 1674 ducit
1491 1646 1526 1674 ad
1539 1647 1634 1684 cogni-

62 1692 162 1721 tionem
175 1693 223 1721 Dei
234 1705 240 1727 ;
253 1704 299 1722 nos
310 1705 385 1731 vero,
399 1696 459 1723 caeci
472 1702 496 1723 et
512 1695 622 1729 incauti,
640 1695 788 1723 cecidimus
803 1695 829 1723 in
842 1696 946 1723 foveam
959 1694 1128 1734 perditionis,
1141 1701 1166 1722 et
1178 1700 1293 1730 utroque
1308 1693 1394 1721 orbati
1408 1694 1485 1721 oculo
1499 1701 1634 1732 pastorem

61 1747 183 1768 nostrum
194 1741 371 1779 percutientes
384 1741 410 1769 in
426 1742 512 1770 altum
527 1742 669 1780 injecimus
683 1749 805 1781 puteum,
819 1748 899 1780 atque
916 1742 941 1769 in
953 1742 1072 1770 eaecitate
1083 1748 1171 1769 nostra
1185 1746 1397 1779 perseverantes,
1409 1740 1477 1768 nibil
1492 1741 1632 1770 intellexi-

61 1798 130 1816 mus.
144 1789 195 1817 Hic
207 1795 262 1817 erat
277 1789 384 1817 lucerna
400 1789 506 1825 lucens;
523 1800 570 1817 nos
583 1797 671 1817 autem
686 1789 712 1818 in
725 1789 840 1818 tenebris
854 1789 974 1818 sedentes
989 1800 1041 1817 non
1057 1789 1246 1817 insistebamus
1261 1787 1366 1816 ardenti
1382 1788 1558 1827 vestigiorum
1574 1791 1632 1828 ejus

59 1835 196 1873 splendori
214 1848 219 1863 :
237 1835 282 1864 bic
293 1836 342 1864 Dei
354 1847 447 1865 servus
464 1844 532 1871 erat3
545 1844 572 1865 at
587 1837 644 1871 itta,
662 1848 721 1875 quae
733 1837 796 1865 deos
807 1837 1021 1876 appellabamus,
1031 1844 1105 1865 erant
1121 1843 1249 1865 creaturae
1262 1835 1334 1863 servi
1349 1835 1507 1871 hominum;
1520 1835 1633 1876 ideoque

63 1883 107 1911 hic
118 1893 212 1911 servus
223 1883 272 1911 Dei
284 1883 356 1919 deos,
367 1894 433 1922 quos
447 1883 610 1919 colebamus,
623 1884 735 1923 repulit.

99 1931 187 1960 Corda
199 1938 287 1960 nostra
299 1932 511 1967 excaecabantur,
523 1939 547 1960 et
557 1943 608 1960 non
622 1933 839 1971 intelligebamus
855 1931 1124 1971 :comprehendimus
1137 1931 1208 1960 enim
1221 1942 1281 1960 eum
1295 1938 1320 1959 et
1334 1931 1360 1959 in
1373 1931 1534 1970 profundam
1548 1931 1632 1970 abys-

59 1989 119 2006 sum
131 1978 303 2015 demisimus3
317 1986 397 2017 atque
411 1979 504 2007 eodem
518 1979 628 2008 instanti
638 1979 759 2008 vidimus
775 1987 850 2009 tcrrae
862 1979 994 2019 profunda
1010 1980 1038 2007 in
1051 1990 1078 2007 se
1092 1979 1227 2007 continere
1243 1979 1337 2012 solem,
1353 1978 1399 2016 qui
1416 1978 1494 2006 nobis
1513 1978 1630 2017 affulge-

58 2025 114 2054 bat.
130 2025 241 2053 Providi
264 2026 381 2054 doctoris
395 2026 477 2054 nostri
498 2036 594 2065 corpus
610 2026 730 2065 praedam
744 2027 800 2055 sore
812 2027 928 2055 ferarum
944 2026 1160 2062 arbitrabamini-3
1175 2032 1200 2053 at
1216 2025 1333 2054 vidimus
1348 2024 1417 2053 illud
1432 2036 1446 2053 a
1461 2025 1631 2064 serpentibus

59 2078 84 2099 et
99 2071 262 2100 draconibus
273 2072 453 2106 observatum,
466 2074 550 2101 instar
562 2073 659 2101 Adami
673 2084 763 2102 reeens
777 2074 869 2110 creati,
886 2073 912 2101 in
926 2084 1017 2111 quem,
1029 2079 1090 2101 ante
1099 2071 1336 2110 transgressionem
1349 2071 1477 2110 primam,
1492 2070 1595 2098 nullam
1606 2076 1632 2098 et

58 2126 193 2158 serpentes
207 2127 231 2148 et
243 2120 360 2148 basilisci
373 2120 485 2149 nocendi
497 2127 653 2159 potestatem
668 2121 822 2157 habebant;
839 2132 887 2150 nos
903 2131 980 2156 vero,
999 2121 1046 2158 qni
1067 2120 1313 2159 praevaricatiouem
1332 2118 1397 2147 Adae
1413 2118 1505 2146 sectati
1522 2128 1631 2154 sumus,

58 2177 73 2195 a
84 2167 148 2195 seris
159 2167 333 2207 despicimur.
351 2169 406 2196 Nos
420 2175 577 2207 potestatem
593 2169 620 2197 in
636 2169 700 2197 fidei
716 2177 813 2198 nostrae
828 2169 978 2208 principem
994 2168 1157 2196 draconibus
1169 2167 1332 2195 contulimus
1348 2178 1354 2194 :
1368 2173 1393 2195 at
1408 2166 1574 2194 debilitatam
1587 2166 1631 2194 vi-

57 2214 149 2243 dimus
166 2215 277 2244 illorum
297 2216 425 2244 virtutem
441 2216 503 2254 qui,
523 2216 710 2245 columbarum
722 2218 817 2253 instar,
831 2217 937 2256 placide
951 2215 1110 2255 gemebant3
1131 2215 1240 2253 suisque
1261 2214 1377 2253 linguis,
1395 2213 1494 2251 quibus
1515 2213 1550 2241 ob
1566 2212 1631 2241 Adae

58 2263 308 2301 praevaricationem
318 2263 412 2292 datum
426 2265 478 2292 fuit
491 2264 614 2293 calcaneo
630 2265 764 2301 insidiari,
776 2265 911 2294 innocenti
924 2265 1025 2294 Christi
1038 2264 1174 2303 discipulo
1185 2262 1439 2292 adblandiebantur.

98 2311 171 2346 Quid
187 2322 249 2349 ergo
263 2311 383 2340 dicemus
394 2311 408 2339 ἶ)
426 2318 470 2339 aut
487 2312 621 2350 quomodo
636 2320 726 2352 patere
738 2313 875 2342 audebunt
887 2313 1000 2353 pupillae
1013 2312 1153 2341 oculorum
1171 2319 1338 2347 nostrorum,
1358 2310 1477 2349 aspicere
1492 2317 1517 2338 et
1531 2309 1630 2338 intueri

58 2358 256 2387 misericordem
270 2366 372 2398 patrem
385 2366 518 2396 nostrum,
536 2366 564 2388 ut
573 2360 607 2388 ab
619 2371 648 2388 eo
661 2360 765 2389 veniam
778 2361 962 2401 deprecemur,
973 2361 1020 2399 qui
1035 2361 1175 2389 innumera
1191 2359 1217 2388 iu
1229 2369 1290 2387 eum
1302 2358 1422 2387 convicia
1434 2358 1550 2386 furentes
1561 2369 1628 2387 con-

58 2404 189 2442 gessimus
199 2406 212 2433 ?
230 2407 420 2435 Verumtamen
437 2407 499 2444 quia
513 2407 540 2435 iu
555 2407 612 2446 ejus
630 2408 710 2436 corde
724 2409 798 2437 nulla
811 2416 867 2437 erat
883 2408 1025 2441 simultas:
1044 2407 1106 2436 ideo
1121 2407 1302 2441 confidamus,
1319 2416 1459 2434 curramus
1471 2405 1504 2433 ad
1527 2406 1627 2434 ostium
1642 2412 1664 2428 *2

59 2453 154 2490 soveae,
168 2453 259 2491 ibique
270 2453 392 2481 dieamus
407 2466 412 2481 t
434 2454 485 2482 Exi
501 2455 583 2491 foras,
595 2465 670 2484 serve
685 2456 753 2491 Dei,
769 2463 794 2484 et
809 2456 911 2495 subjice
930 2456 978 2485 tibi
997 2466 1088 2484 servos
1099 2462 1158 2483 tuos
1168 2478 1174 2489 ,
1190 2455 1235 2493 qui
1247 2453 1272 2482 in
1284 2461 1307 2482 te
1316 2460 1470 2492 potestatem
1487 2463 1628 2492 accepera-

61 2509 121 2528 mus
132 2499 166 2528 ab
178 2510 208 2529 eo
223 2511 301 2539 quem
317 2501 470 2529 conterebas
483 2501 508 2530 iu
523 2500 639 2541 abyssis,
653 2502 720 2531 dum
734 2503 895 2542 profundam
915 2503 1094 2533 descendebas
1107 2502 1133 2531 in
1151 2502 1254 2531 foveam
1274 2514 1278 2529 :
1292 2508 1317 2530 et
1327 2501 1395 2529 sicut
1408 2511 1422 2529 a
1437 2500 1568 2540 Magistro
1582 2508 1626 2530 tuo

62 2547 173 2576 edoctus
186 2559 222 2585 cs,
238 2548 359 2577 similiter
372 2556 395 2577 et
413 2549 452 2577 sac
463 2560 525 2578 eum
536 2550 678 2589 discipulis
695 2551 757 2581 tuis,

1683 375 1750 396 VIII.

1669 406 1702 427 De
1716 411 1792 427 sancto

1677 438 1788 466 Gregorio

1662 470 1684 489 in
1698 474 1791 497 puteum

1650 501 1792 528 serpentibus

1647 535 1668 551 ct
1687 532 1790 552 draconi-

1664 563 1704 582 bus
1721 563 1792 583 reser-

1656 598 1703 614 tuiu
1733 593 1790 623 inje-

1649 629 1694 645 cto.
