1886 2846
466 198 496 220 IN
527 198 632 220 EPIST-

82 259 164 299 τὲρων
182 263 226 289 τοῦ
248 260 318 290 Θεοῦ
341 261 495 298 εὐεργεσιῶν
510 260 724 297 ἀναμνησθῆναι,
739 259 784 287 καὶ
800 260 856 290 πῶς

82 305 174 339 αὐτοὺς
191 307 228 339 εἷς
240 306 318 344 μέσον
333 306 546 344 ἀπειλημμένους
565 306 749 345 στρατοπέδων
765 304 856 334 τοσού-

80 364 132 381 των
147 354 338 392 Αἰγυπτιακῶν
355 354 384 382 οὐ
406 355 484 391 μόνον
497 353 629 392 ἐξήρπασε
649 355 701 381 τῶν
717 352 853 387 κινδύνων,

80 398 148 427 ἀλλὰ
167 398 240 427 καὶ*
224 401 277 427 τῶν
289 399 413 438 λαφύρων
435 400 520 427 αὐτῶν
533 399 640 433 ἐποίησε
666 398 784 454 κυρίους,
808 397 853 426 καὶ

78 447 136 477 πῶς
146 444 228 474 πάλιν
242 446 269 473 ἐν
281 457 313 482 τῃ
329 445 442 485 ε’ρημω
434 457 465 473 πΞ
446 445 533 484 ἷτραν
545 444 636 484 ἔρρηξε
646 468 655 501 ,
666 456 712 473 και
725 446 778 472 τῶν
789 444 852 473 ὑδά-

77 502 129 519 των
144 490 191 525 τῆν
207 491 355 520 ἀοθονίανέ
344 491 502 531 εχαρίσατο,
517 491 562 520 καὶ
575 491 604 520 τὸ
616 491 702 529 μάννα
716 491 834 530 παρέσγε
844 512 851 527 ,

77 536 122 565 καὶ
137 549 219 565 rau-oi
234 537 386 575 ἀναμνησῡε
374 549 449 570 εντας
460 537 505 566 καὶ
518 537 551 566 τὰ
567 537 634 566 3'773
649 537 771 575 θαύματα
784 538 851 576 ἅπερ

77 582 236 622 εἰργάσατο,
259 586 398 613 πιστεῦσαι
417 585 454 623 τῷ
479 585 555 622 Θεῷ·
580 583 679 612 τούτων
703 583 749 621 μὲν
779 583 851 612 οὐδὲν

76 629 231 666 ἐνενόησαν,
248 630 293 658 ἅτε
308 629 335 658 δὲ
351 631 386 662 ὡς
411 630 522 668 μηδενὸς
535 630 674 668 γενομένου
688 651 695 664 ‚
717 629 786 658 οὕτω
800 641 851 658 κα-

76 675 267 713 ταπλαγέντες,
284 675 364 704 πάλιν
385 677 420 708 εἷς
434 675 567 714 Αἴγυπτον
587 675 759 715 ὑποστρέφειν
778 676 850 705 {606-

77 721 153 749 λον-,ο
164 743 172 756 ,
186 720 321 759 λέγοντες,
336 721 464 777 ἐξήγαγεν
486 724 557 759 ἡμᾶς
572 718 623 749 ὧδε
641 724 655 750 ὁ
677 722 759 756 Θεὸς,
781 721 850 750 ὥστε

76 767 177 794 ἀνελεῖν
194 769 266 804 ἡμᾶς
289 766 357 804 μετὰ
381 768 481 795 παίδων
496 778 541 795 και
562 779 702 806 γυναικων.
715 767 748 796 O
764 767 849 796 τοίνυν

75 812 143 844 Θεὸς
157 811 323 851 ὀργιζόμενος
333 835 340 848 ,
355 825 395 841 οτι
406 813 450 841 οὔτ
452 826 473 841 ι)
487 813 609 852 ταγὲωςε
600 813 721 846 {gemma
736 826 784 849 την
797 825 849 842 των

74 858 274 897 γεγενημένων
271 859 390 897 μνήμην,
404 871 492 898 υμοσε
508 860 570 898 μὴε
572 861 611 889 iso
602 861 656 888 7οε
659 865 682 888 ἰν
697 872 744 895 την
758 860 848 899 γενεὰν

74 903 176 939 ἐκείνην
189 904 237 939 τὴν
252 908 336 934 ταῦτα
352 907 486 945 εἷρηκυῖαν
498 907 534 939 εἷς
547 905 595 941 τὴν
610 906 790 934 κατάπαυσιν·
804 906 850 934 καὶ

73 949 171 984 πάντες
195 950 332 981 ἀπώλοντο
352 953 378 980 ἐν
395 953 428 990 τῇ
446 952 546 991 ἐρήμῳ,

73 1053 152 1082 μερον
175 1043 241 1072 τ’ἐὰν
260 1046 308 1079 τῆς
331 1046 419 1082 φωνῆς
440 1043 520 1071 αὐτοῦ
540 1043 685 1077 ἀκούσητε,
710 1043 792 1081 φησὶ,
810 1043 847 1081 μὴ

71 1088 236 1128 σκληρύνητε
248 1089 295 1122 τὰς
308 1090 417 1129 καρδίας
429 1090 516 1126 ὑμῶν,
533 1089 569 1121 ὡς
585 1090 612 1117 ἐν
624 1090 662 1128 τῷ
679 1101 847 1128 παραπικρα-

71 1136 145 1173 σμῷ·
158 1134 214 1172 [διὰ
225 1135 280 1174 τίς]
294 1135 337 1164 ἵνα
349 1135 386 1173 μὴ
398 1134 433 1164 τὰ
448 1135 516 1164 αὐτὰ
529 1134 631 1169 πάθητε
640 1157 647 1170 ,
662 1135 730 1174 ἅπερ
742 1137 766 1164 οἱ
777 1135 845 1175 πρό-

69 1191 141 1219 γονοι
153 1183 176 1210 οἱ
191 1180 328 1221 ὑμέτεροι,
351 1182 396 1210 καὶ
419 1182 617 1220 ἀποστερηθῆτε
635 1184 685 1216 τ’ἧς
708 1181 846 1210 καταπαύ-

71 1237 153 1259 σεως·
168 1226 288 1262 δηλονότι
309 1229 343 1260 ὡς
363 1227 442 1263 οὔσης
463 1228 532 1260 τινὸς
556 1227 747 1261 καταπαύσεως
760 1231 845 1257 ταῦτα

70 1272 168 1312 ἔλεγεν.
182 1272 260 1302 Ἐπεὶ
280 1275 303 1302 εἷ
319 1274 494 1313 ἀπειληφότες
514 1270 581 1310 ἦσαν
598 1274 646 1310 τὴν
665 1275 843 1309 κατάπαυσιν,

71 1319 152 1359 φησὶ,
165 1319 234 1352 τίνος
248 1319 334 1349 ἕνεκεν
362 1322 449 1353 αὐτοῖς
469 1320 550 1349 πάλιν
575 1321 647 1360 λέγει
660 1321 706 1357 τὸ,
723 1321 846 1362 Σήμερον

71 1365 117 1394 ἐὰν
129 1367 177 1400 τῆς
196 1368 283 1405 φωνῆς
299 1367 377 1395 αὐτοῦ
401 1366 545 1403 ἀκούσητε,
562 1366 599 1404 μὴ
615 1367 780 1406 σκληρύνητε
800 1368 848 1400 τὰς

70 1411 179 1451 καρδίας
200 1413 290 1450 ὗμῶν,
313 1414 348 1445 ὡς
372 1414 398 1441 ἐν
421 1414 458 1451 τῷ
476 1416 710 1453 παραπικρασμῷ;
731 1414 782 1447 Τίς
803 1411 846 1443 οὖν

69 1458 141 1486 ἐστιν
153 1458 221 1494 ἄλλη
239 1458 420 1493 κατάπαυσις,
432 1459 491 1487 ἀλλ’
505 1459 522 1493 ἢ
538 1461 554 1494 ἡ
571 1459 691 1497 βασιλεία
702 1461 755 1488 τῶν
769 1461 847 1500 οὖρα-

69 1506 130 1540 νῶν,
142 1501 174 1540 ἧς
188 1503 265 1534 εἰκὼν
281 1504 326 1533 καὶ
338 1504 417 1537 τύπος
432 1505 487 1533 ἐστὶ
501 1504 531 1533 τὸ
548 1505 696 1541 saiwaima
712 1501 780 1534 Εἶτα
794 1506 845 1539 θεὶς
862 1510 879 1532 Β

68 1550 117 1586 τὴν
142 1550 287 1590 μαρτυρίαν
304 1555 393 1579 πᾶσαν
408 1552 417 1586 <
434 1550 500 1586 αὕτη
516 1550 544 1579 δέ
559 1552 629 1586 ἐστι,
652 1551 776 1590 Σήμερον
799 1551 843 1581 ἐὰν

68 1599 116 1631 τῆς
130 1599 218 1635 φωνῆς
233 1598 310 1625 αὐτοῦ
324 1596 471 1632 ἀκούσητε,
485 1596 521 1634 μὴ
538 1596 703 1636 σκληρύνητε
715 1596 763 1630 τὰς
779 1609 843 1637 καρ-

70 1642 126 1676 δίας
139 1644 222 1678 ὑμῶν,
237 1643 273 1676 ὡς
292 1643 319 1670 ἐν
330 1645 368 1681 τῷ
381 1644 602 1682 παραπικρασμῷ
611 1665 618 1679 ,
631 1642 701 1672 κατὰ
711 1642 758 1679 τὴν
775 1643 842 1682 ἡμέ-

664 198 679 219 A
688 198 707 219 1)
734 198 818 219 ffl-:ssn
829 196 903 218 fios.

571 951 649 981 Ἐπεὶ
670 947 714 980 οἶν
731 954 745 980 ὁ
766 952 850 980 Δαυὶό
865 976 888 993 55

73 996 179 1037 ὕστερον
196 997 264 1035 μετὰ
283 998 330 1034 τὴν
350 997 442 1037 γενεὰν
455 997 503 1032 τὴν
518 998 624 1026 ἐκείνων
636 997 765 1035 διελέγετο
775 1009 781 1015 ·
794 998 849 1032 Σή-
867 1004 885 1024 A

932 195 1009 217 CAP.
1041 195 1088 217 ΙΙΙ.
1268 196 1313 218 Vi.

1119 196 1235 217 nomn.
1607 188 1653 234 89

908 256 1017 285 minisse
1031 256 1081 284 Dei
1105 256 1308 294 beneficiorum,
1322 263 1347 286 et
1359 257 1494 295 quomodo
1507 268 1550 287 eos
1570 259 1651 288 inter—

907 309 997 343 ceptos
1008 302 1036 331 in
1051 303 1141 332 medio
1155 309 1291 332 tantorum
1305 302 1529 343 AEgyptiacorum
1544 306 1650 334 exerci-

906 355 984 378 tuum
997 349 1097 388 eripuit
1117 360 1130 377 a
1146 349 1285 389 periculis,
1309 356 1335 378 et
1349 359 1443 379 eorum
1465 350 1553 380 effecit
1566 352 1649 390 potiri

905 395 998 435 spoliis
1008 407 1016 433 ς
1029 406 1060 424 ac
1074 395 1209 434 quomodo
1223 406 1317 424 rursus
1330 395 1357 424 in
1370 395 1474 425 deserto
1486 403 1591 436 petram
1602 408 1647 425 ru-

906 442 955 481 pit,
977 449 1003 471 et
1018 452 1149 481 aquarum
1164 441 1280 471 donavit
1295 442 1489 471 abundantiam
1511 450 1536 471 et
1549 454 1647 472 manna

904 488 1030 528 praebuit,
1051 495 1077 517 et
1091 488 1145 517 alia
1163 488 1251 517 effecit
1265 488 1412 524 mirabilia,
1433 496 1463 517 ut
1478 490 1535 517 Deo
1549 489 1647 518 crede—

905 541 964 563 rent
983 547 989 563 :
1005 535 1103 563 horum
1117 534 1227 573 quidem
1242 534 1311 563 nihil
1331 535 1369 563 eis
1384 535 1456 563 venit
1477 535 1504 564 in
1521 543 1646 570 mentem,

904 587 1040 620 tamquam
1063 581 1132 610 nihil
1146 581 1256 610 omnino
1269 582 1369 610 factum
1383 588 1460 618 esset,
1478 581 1524 610 sed
1539 583 1647 611 attoniti

904 634 928 655 ct
945 628 1098 668 stupefacti,
1115 628 1244 657 volebant
1258 628 1355 657 reverti
1368 628 1396 657 in
1418 628 1585 668 AEgyptum,
1599 629 1647 657 di-

905 681 991 702 centes
1013 686 1020 702 ε
1036 674 1140 703 Eduxit
1161 685 1209 703 nos
1227 675 1281 704 huc
1295 676 1380 712 Deus,
1404 682 1434 703 ut
1448 685 1496 704 nos
1509 675 1543 704 de
1557 676 1647 705 medio

904 720 1007 749 tolleret
1019 731 1080 749 cum
1093 721 1157 750 filiis
1169 728 1194 750 et
1206 721 1347 750 uxoribus.
1363 722 1435 751 Deus
1447 731 1510 760 ergo
1521 722 1646 758 irascens,

904 767 978 805 quod
989 778 1080 796 eorum
1094 778 1153 806 quae
1166 768 1235 796 facta
1250 768 1354 797 fucrant
1365 775 1421 796 tam
1435 768 1488 797 cito
1496 769 1647 798 amisissent

904 814 1070 849 memoriam,
1085 814 1189 853 juravit
1203 814 1399 853 generationem
1420 814 1496 843 illam
1509 826 1568 854 quae
1589 815 1647 844 haec

902 859 1019 895 dixerat,
1036 870 1088 888 non
1103 860 1285 899 ingressuram
1306 860 1334 889 in
1349 860 1468 899 requiem
1478 872 1485 897 ;
1509 868 1535 890 et
1554 872 1646 890 omnes

902 906 1038 944 perierunt
1050 904 1077 934 in
1092 906 1207 935 deserto.
1231 907 1300 935 Nam
1316 906 1405 935 David
1425 913 1525 946 postea,
1538 914 1600 946 post
1614 907 1647 936 il-

903 951 990 980 lorum
999 952 1194 990 generationem
1204 952 1448 990 loquens,dicebat,
1457 954 1555 982 Hodie
1563 956 1589 983 si
1598 965 1647 983 vo-

902 1007 963 1025 cem
973 999 1036 1036 ejus
1047 998 1315 1036 audieritis,inquit‚
1330 999 1421 1027 nolite
1429 1000 1574 1028 obdurare
1584 1010 1646 1029 cor·-

902 1043 941 1071 da
951 1049 1062 1079 vestra,
1073 1045 1147 1071 sicut
1159 1045 1190 1071 in
1200 1046 1433 1073 exacerbatione:
1448 1046 1554 1084 [quare
1564 1046 1577 1073 'c‘
1589 1046 1598 1084 ]
1615 1056 1647 1074 ne

901 1087 993 1116 eadem
1009 1088 1150 1127 patiamini
1171 1099 1232 1126 quae
1246 1090 1361 1129 majores
1386 1091 1478 1126 vestri,
1500 1098 1526 1120 et
1550 1092 1646 1132 prive-

900 1136 968 1164 mini
983 1136 1077 1174 requie
1091 1147 1097 1163 t
1114 1135 1241 1165 videlicet
1263 1146 1293 1164 eo
1307 1136 1382 1174 quod
1404 1137 1438 1165 sit
1451 1148 1514 1166 vere
1529 1138 1644 1177 requies,

900 1182 957 1211 haec
970 1181 1048 1210 dicit.
1066 1182 1136 1210 Nam
1159 1182 1180 1210 si
1196 1182 1370 1221 accepissent,
1396 1183 1496 1221 inquit,
1513 1185 1646 1222 requiem,

899 1239 1016 1268 quanam
1028 1228 1062 1258 de
1076 1239 1155 1258 causa
1178 1229 1216 1258 eis
1230 1239 1325 1258 rursus
1337 1228 1404 1257 dicit
1418 1241 1424 1256 :
1443 1230 1540 1258 Hodie
1551 1233 1576 1259 si
1592 1242 1645 1259 vo-

898 1285 959 1304 cem
974 1277 1036 1314 ejzts
1051 1275 1214 1310 audieritis,
1230 1274 1321 1303 nolite
1335 1275 1480 1304 obdurare
1493 1276 1583 1304 corda
1595 1287 1647 1304 ve-

899 1327 971 1357 stra,
985 1323 1060 1350 sicut
1076 1323 1109 1349 in
1123 1322 1370 1349 exacerbatione?
1385 1320 1516 1356 Quaenam
1529 1327 1568 1350 est
1583 1332 1645 1361 ergo

899 1366 952 1396 alia
967 1367 1074 1405 requies
1089 1377 1169 1404 quam
1183 1376 1298 1405 regnum
1314 1366 1450 1404 caelorum,
1465 1368 1542 1406 cujus
1554 1367 1644 1406 imago

899 1420 925 1442 et
938 1420 1022 1453 typus
1041 1419 1080 1441 est
1093 1412 1260 1441 sabbatum?
1275 1412 1391 1451 Deinde,
1407 1424 1470 1442 cum
1484 1416 1642 1443 universum
1653 1426 1694 1446 sal.
1696 1425 1772 1446 imm„

899 1459 1030 1499 posuisset
1043 1459 1227 1488 testimonium
1245 1458 1319 1498 (hoc
1333 1466 1423 1488 autem
1434 1466 1484 1492 est,
1500 1461 1598 1489 Hodie
1616 1464 1642 1490 si
1654 1462 1686 1478 ‘²⁵¹
1705 1466 1726 1478 Γ

1653 1466 1765 1509 caelorniii

897 1515 1000 1534 vocem
1022 1507 1085 1545 ejus
1099 1505 1261 1541 audieritis,
1285 1506 1377 1534 nolite
1389 1507 1536 1535 obdurare
1549 1508 1640 1536 corda
1653 1524 1674 1549 ι)
1676 1527 1724 1549 pus

897 1558 1008 1588 vestra,
1019 1554 1094 1581 sicut
1105 1554 1137 1580 in
1147 1553 1382 1588 exacerbatione,
1392 1553 1552 1582 secundum
1563 1555 1640 1583 diem

898 1599 1069 1628 tentationis
1082 1600 1113 1627 in
1127 1599 1251 1635 deserto,
1268 1600 1316 1627 ubi
1332 1605 1519 1628 tentaverunt
1533 1611 1578 1629 me
1587 1611 1642 1639 pa-

897 1651 956 1673 tres
970 1645 1062 1673 vestri
1072 1657 1082 1678 ;
1100 1645 1297 1682 probaverunt
1310 1655 1364 1681 me,
1377 1651 1404 1673 et
1418 1646 1558 1675 viderunt
1573 1656 1641 1685 ope-

883 1735 1015 1759 sententiae
1027 1736 1230 1767 interrumpunt,
1255 1741 1280 1760 et.
1299 1744 1313 1759 a
1326 1736 1439 1760 mutiano
1460 1737 1551 1761 omissa
1571 1744 1638 1767 sunt,

98 1740 109 1752 ι
127 1733 174 1756 Hic
185 1733 271 1764 ingens
283 1738 320 1756 cst
333 1731 416 1756 hiatus
428 1732 453 1756 in
470 1732 619 1758 colbertino
631 1733 742 1766 quinque
753 1734 826 1766 pagi-

879 1782 959 1807 neque
971 1774 996 1798 in
1010 1774 1037 1798 A.
1052 1775 1078 1798 B.
1093 1773 1239 1798 etCommel
1262 1773 1435 1808 comparent]

66 1781 165 1796 narum.
188 1771 262 1805 [Mox
283 1771 429 1796 inclusimus
446 1771 522 1796 verba
544 1775 580 1798 διὰ
591 1777 628 1804 τίς
642 1781 696 1805 quae
713 1779 826 1798 tenorem

487 1869 662 1898 ML'TIANO
684 1869 938 1899 SCHOLASTICO
959 1869 1213 1899 INTERPRETE.

65 1962 161 1992 sensati
183 1971 251 2000 quos
275 1960 433 2001 oportebat,
450 1967 479 1988 ut
494 1958 697 1989 recordarentur
716 1967 852 1989 tantorum
868 1961 917 1990 Dei
941 1960 1149 1998 beneficiorum,
1170 1967 1194 1989 et
1214 1962 1349 1999 quomodo
1371 1973 1416 1992 eos
1441 1965 1579 1995 conclusos
1604 1967 1631 1995 in

66 2009 155 2039 medio
168 2010 233 2038 tanti
249 2008 382 2038 exercitus
395 2007 588 2047 AEgyptiorum
603 2007 702 2047 cripuit
715 2007 749 2036 de
763 2007 902 2047 periculis,
917 2014 943 2036 et
956 2018 1087 2046 aquarum
1101 2008 1186 2036 fontes
1200 2008 1258 2037 sine
1267 2009 1372 2038 defectu
1385 2009 1506 2047 donavit,
1518 2019 1543 2040 et
1555 2023 1632 2041 man-

65 2067 99 2086 na
114 2056 220 2092 tribuit,
236 2063 261 2084 et
283 2055 336 2084 alia
351 2055 481 2084 miracula
497 2066 558 2093 quae
576 2061 701 2095 operatus
722 2061 781 2093 est;
797 2061 821 2083 et
838 2054 946 2084 credere
960 2055 1018 2084 Deo
1038 2066 1044 2082 :
1061 2054 1158 2083 horum
1173 2062 1261 2084 autem
1276 2056 1346 2084 nibil
1362 2057 1559 2095 cogitaverunt,
1585 2059 1631 2088 sed

64 2104 160 2134 fimore
173 2114 207 2133 ex
217 2103 292 2132 nulla
306 2113 385 2132 causa
396 2102 465 2131 facto
477 2102 684 2142 obstupuerunt,
699 2101 816 2131 dicentes
829 2114 834 2129 :
851 2103 952 2131 Iterum
972 2101 999 2131 in
1014 2101 1165 2141 AEgyptum
1176 2101 1276 2131 intrare
1290 2102 1418 2132 volumus
1428 2115 1437 2141 ς
1453 2103 1549 2133 eduxit
1559 2105 1630 2134 enim

65 2162 113 2181 nos
126 2151 180 2180 huc
194 2152 277 2189 Deus,
293 2157 323 2179 ut
336 2150 382 2178 hic
397 2160 538 2190 pereamus
553 2160 613 2178 cum
628 2149 693 2179 filiis
708 2149 804 2178 nostris
817 2156 842 2178 et
857 2149 1024 2178 mulieribus.
1040 2150 1114 2178 Deus
1127 2149 1212 2188 igitur
1225 2149 1320 2188 iratus,
1335 2149 1398 2188 quia
1412 2150 1452 2179 sic
1464 2150 1544 2180 citius
1559 2151 1629 2181 obli-

65 2199 87 2228 ti
99 2205 162 2228 sunt
174 2205 248 2227 tanta
263 2209 322 2236 quae
338 2198 407 2227 facta
421 2205 506 2234 erant,
519 2197 624 2237 juravit
639 2204 668 2226 ut
683 2208 735 2226 non
760 2197 883 2226 introiret
897 2196 1032 2236 generatio
1047 2197 1094 2225 illa
1115 2197 1142 2226 in
1158 2197 1288 2235 requiem,
1303 2208 1362 2236 quae
1376 2197 1421 2226 hic
1436 2197 1508 2227 dicta
1522 2206 1561 2228 est
1573 2211 1582 2237 ;
1603 2207 1630 2229 et

65 2255 157 2275 omnes
171 2244 306 2284 perierunt
320 2245 347 2273 in
361 2255 459 2274 creme.
476 2245 547 2280 Quia
563 2255 626 2284 ergo
641 2244 732 2274 David
745 2245 797 2273 hoc
812 2251 901 2284 postca
914 2243 996 2279 dixit,
1011 2250 1070 2284 post
1087 2244 1282 2284 generationem
1300 2244 1408 2273 illorum
1423 2245 1551 2284 loquens:
1566 2248 1628 2275 Ilo-

64 2293 111 2321 die
126 2294 152 2321 si
165 2301 268 2320 vocem
280 2292 342 2330 ejus
356 2292 519 2330 audieritis,
543 2302 579 2320 ne
594 2292 740 2321 obduretis
762 2292 851 2321 corda
866 2298 968 2321 vestra
985 2303 993 2319 .·
1010 2301 1043 2320 ne
1057 2291 1156 2320 similia
1173 2291 1325 2331 patiamini,
1342 2291 1431 2330 qualia
1444 2293 1627 2331 progenitores

63 2340 158 2377 vestri,
172 2350 205 2368 nc
219 2338 363 2379 privemini
387 2339 479 2378 requie
492 2351 498 2367 ε
515 2339 577 2368 hinc
590 2339 693 2368 clarum
706 2346 744 2368 est
756 2339 819 2378 quia
832 2346 870 2368 est
881 2339 1003 2378 quaedam
1017 2339 1132 2378 requies.
1148 2339 1218 2367 Nam
1232 2338 1253 2367 si
1263 2339 1320 2378 jam
1331 2346 1487 2379 acceperant
1498 2340 1628 2378 requiem,

63 2400 122 2428 quae
136 2395 192 2418 erat
214 2389 241 2417 in
257 2387 408 2423 Palaestina,
425 2399 507 2427 quare
525 2388 563 2418 eis
577 2389 674 2417 iterum
689 2388 755 2418 dicit
779 2401 784 2416 :
803 2389 900 2418 Hodie
921 2399 958 2418 ne
972 2389 1119 2417 obduretis
1133 2389 1223 2418 corda
1238 2394 1350 2426 vestra,
1366 2390 1443 2417 sicut
1454 2395 1554 2427 patres
1573 2401 1626 2419 ve-

63 2438 142 2465 stri?
157 2436 224 2471 Quae
246 2442 284 2464 est
299 2445 361 2474 ergo
375 2435 427 2464 alia
444 2435 558 2474 requies,
582 2436 634 2465 nisi
651 2447 764 2475 regnum
781 2436 919 2475 caelorum,
936 2437 1013 2477 cujus
1029 2436 1118 2475 imago
1139 2443 1163 2464 et
1179 2436 1275 2464 umbra
1290 2442 1327 2464 est
1341 2435 1507 2464 sabbatum?
1523 2437 1627 2466 Deinde

64 2483 139 2523 ponit
152 2493 231 2512 omne
244 2482 321 2511 aliud
338 2483 518 2512 testimonium
531 2495 536 2511 :
552 2490 591 2512 est
605 2491 695 2513 autem
709 2496 715 2512 ε
732 2485 830 2514 Hodie
841 2487 867 2514 si
880 2495 983 2514 ‘vocem
999 2486 1060 2523 ejus
1075 2485 1238 2519 audieritis,
1254 2493 1289 2512 ne
1305 2484 1451 2513 obduretis
1465 2485 1556 2513 corda
1570 2496 1626 2514 ve—

64 2538 135 2569 stra,
149 2533 224 2560 sicut
240 2532 272 2559 in
286 2531 497 2567 amaritudine,
509 2532 598 2570 juxta
612 2532 689 2561 diem
704 2534 874 2562 tentationis
892 2535 923 2561 in
938 2533 1062 2571 deserto,
1078 2533 1126 2561 ubi
1142 2537 1327 2560 tentaverunt
1337 2542 1383 2560 me
1394 2538 1494 2571 patres
1509 2534 1625 2566 vestri;

62 2579 270 2616 probaverunt,
285 2584 313 2607 et
330 2578 466 2607 viderunt
483 2589 569 2617 opera
583 2590 647 2608 mea
663 2581 865 2620 quadraginta
880 2582 978 2610 armis.
995 2581 1064 2610 Ideo
1078 2582 1171 2609 iratus
1183 2590 1245 2608 sum
1258 2580 1442 2618 generationi
1453 2579 1531 2617 huic,
1544 2586 1571 2608 et
1584 2580 1627 2607 di-

208 2633 282 2652 ·ronr.
308 2633 361 2652 xii.
1469 2628 1486 2655 7
