1906 2846
438 170 471 192 IN
501 171 608 193 EPIST-

89 233 167 261 τοῦτο
190 231 284 270 λέγειν.
300 230 389 260 Ποίων
406 231 432 261 δὲ
448 232 546 261 τούτων
566 232 657 273 ἔτυχεν
681 234 864 272 ἐπαγγελιῶν;

90 273 141 306 7Ων
161 277 261 317 ἔλεγεν,
285 278 325 306 ὅτι
347 279 377 307 τὸ
401 279 508 318 σπέρμα
525 280 604 308 αὐτοῦ
627 279 730 309 καθίσει
756 279 800 308 ἐπὶ
822 280 866 308 τὀν

89 324 177 363 θρόνον
204 325 290 353 αὐτοῦ.
306 323 443 364 ’Έφραξαν
465 324 585 362 στόματα
610 325 733 361 λεόντων,
755 325 866 354 ἔσὸεσαν

89 370 200 408 δύναμιν
230 371 325 406 πυρὸς,
353 371 447 410 ἔφυγον
479 372 599 409 στόματα
625 372 768 411 μαχαίρας.
795 371 867 410 ”ορα

88 419 144 449 πῶς
160 419 186 445 ἐν
206 419 278 456 αὐτῷ
303 419 341 456 τῷ
363 417 467 457 θανάτῳ
486 414 564 453 ἦσαν,
589 420 602 446 ὃ
628 417 731 453 Δανιὴλ
758 417 868 447 κυκλού-

89 474 166 499 μενος
189 464 240 492 ὑπὸ
265 466 317 492 τῶν
339 464 464 499 λεόντων,
485 466 508 492 οἱ
529 466 622 497 παῖδες
642 467 665 493 οἱ
684 468 754 503 τρεῖς
784 466 810 493 ἐν
833 465 866 502 τῇ

88 509 193 549 καμίνῳ
215 510 409 548 διατρίέοντες,
429 512 442 538 ὁ
459 510 598 549 Ἀῧραὰμ,
621 510 758 546 ὁἼσαὰκ,
780 512 793 538 ὁ
817 509 869 538 Ἰα-

88 554 147 583 mh&
163 556 188 583 ἒν
210 555 342 594 διαχᾱόροις
364 561 539 596 πειρασμοῖς,
560 557 604 585 καὶ
627 557 684 585 οὐδὲ
701 557 782 588 οὕτως
801 556 867 585 ἀπέ-

88 613 200 639 γνωσαν.
216 603 303 630 Τοῦτο
316 602 367 642 γὰρ
386 602 475 634 πίστις
487 614 492 619 ·
512 603 574 631 ὅταν
591 602 624 631 τὰ
641 603 789 641 πράγματα
803 603 868 641 πρὸς

88 647 118 675 τὸ
132 647 249 677 ἐναντίον
275 648 402 686 ἐκῧαίνῃ,
426 649 485 678 τότε
510 649 548 677 δεῖ
573 649 705 677 πιστεύειν
727 648 766 677 ὅτι
794 648 867 677 οὐδὲν

87 693 203 722 ἐναντίον
228 694 343 733 γε’γονεν,
370 694 438 722 ἀλλὰ
467 695 556 723 πάντα
582 695 723 723 ἀκολουθα.
748 694 865 733 ''Eoo-(ov

87 739 209 778 στόματα
233 740 376 779 μαχαίρας.
402 740 470 779 Περὶ
501 742 555 769 τῶν
578 743 657 779 τριῶν
685 740 764 768 πάλιν
791 736 865 778 οἶμαι

86 785 188 815 παίδων
213 786 298 825 λέγειν
325 787 412 816 αὐτόν.
432 786 694 825 Ἔνεδυναμώθησαν
719 787 772 815 ἀπὸ
788 789 864 816 ἀσθε-

85 832 172 868 νείας,
191 833 352 870 ἐγενήθησαν
377 833 481 872 ἰσχυροὶ
514 835 541 861 ἐν
574 833 698 872 πολέμῳ,
724 832 862 871 παρεμῖο-

84 878 132 911 λὰς
160 878 264 907 ἔκλιναν
297 879 452 917 ἀλλοτρίων.
479 879 524 908 Τὰ
559 879 628 907 κατὰ
661 879 708 914 τὴν
736 879 863 908 ἐπάνοδον

85 925 133 960 τὴν
154 926 207 954 ἀπὸ
222 925 380 958 Βαίῖυλίῦνος
397 926 510 954 ἐνταῦθα
532 925 687 953 αἰνίττεται.
709 925 773 954 Ἀπὸ
789 926 864 953 ἀσθε-

84 971 169 1007 νείας,
182 971 246 1010 φησί
256 983 262 990 ·
282 972 428 1007 τουτέστιν,
443 972 496 1000 ἀπὸ
519 971 714 1010 αἰχμαλωσίας.
728 970 796 999 εὈτε
811 971 862 1005 ἤδη

86 1017 240 1055 ἀπέγνωστο
262 1017 296 1046 τὰ
317 1017 466 1051 Ἰουδαϊκὰ,
491 1017 535 1046 ὅτε
559 1018 643 1045 ὀστῶν
666 1018 764 1055 νεκρῶν
791 1016 862 1044 οὐδὲν

86 1063 280 1102 διενηνόχεσαν,
296 1064 354 1092 τότε
371 1065 458 1095 αὐτοῖς
481 1063 571 1100 γέγονε
593 1063 626 1091 τὰ
648 1065 697 1097 τῆς
723 1062 860 1090 ἐπανόδου.

87 1110 137 1141 Τίς
157 1109 208 1147 γὰρ
225 1109 255 1136 ἂν
269 1109 381 1143 ἤλπισεν
398 1110 450 1138 ἀπὸ
474 1109 631 1140 Βαὸυλῶνος
654 1108 797 1143 ἐπανήκειν
817 1109 864 1136 αὖ·

85 1153 160 1190 τοὺς,
175 1154 221 1183 καὶ
237 1156 284 1183 οὐκ
309 1155 452 1190 ἐπανήκειν
476 1154 564 1192 μόνον,
580 1154 648 1183 ἀλλὰ
670 1153 715 1183 καὶ
740 1153 864 1193 ἰσχυροὺς

85 1201 261 1240 γενήσεσθαι,
293 1201 338 1229 καὶ
373 1202 461 1230 κλῖναι
491 1200 665 1240 παρεμῧολὰς
701 1201 862 1240 ἀλλοτρίων;

79 1247 155 1276 -Ἀλλ’
166 1249 229 1285 ἡμῖν
248 1247 319 1276 οὐδὲν
338 1251 455 1276 τοιοῦτον
470 1247 568 1282 συνέζη
581 1270 588 1282 ,
602 1246 691 1286 φησίν.
706 1246 786 1275 Ἀλλὰ
801 1251 863 1276 ταῦ-

84 1306 118 1322 τα
133 1293 212 1322 τύποι
229 1295 280 1321 τῶν
297 1293 447 1331 μελλόντων
469 1293 545 1322 εἰσίν.
560 1292 679 1322 Ἔλαὲον
694 1298 816 1331 γυναῖκες
837 1293 864 1327 ἐξ

85 1340 256 1372 ἀναστάσεως
268 1339 327 1372 τοὺς
347 1339 453 1380 νεκροὺς
469 1341 564 1368 αὐτῶν.
581 1340 625 1368 Τὰ
646 1340 714 1368 κατὰ
726 1338 784 1372 τοὺς
799 1351 863 1378 προ-

82 1386 169 1425 φήτας
197 1387 310 1414 ἐνταῦθα
335 1386 408 1425 λέγει
421 1408 428 1419 ,
450 1386 494 1415 τὸν
510 1385 676 1420 Ἐλισσαῖον,
691 1386 735 1415 τὸν
751 1386 845 1414 Ἠλίαν
857 1398 863 1404 ·

82 1431 189 1471 νεκροὺς
205 1431 256 1471 γὰρ
270 1432 418 1468 ἀνέστησαν
433 1428 513 1461 οἷτοι.
524 1432 614 1461 Ἄλλοι
625 1432 652 1460 δὲ
663 1432 863 1470 ἐτυμπανίσθη-

84 1490 142 1514 σαν,
160 1480 189 1507 οὗ
202 1478 410 1517 προσδεξάμενοι
433 1478 481 1513 τὴν
505 1478 702 1516 ἀπολύτρωσιν,
718 1478 761 1507 ἵνα
777 1479 863 1517 κρείτ-

81 1535 156 1556 τονος
175 1524 347 1558 ἀναστάσεως
364 1524 492 1564 τύχωσιν.
506 1525 575 1554 Ἀλλ’
593 1526 643 1563 οὐχ
655 1528 734 1563 ἡμεῖς
744 1526 863 1554 ἀναστά-

84 1582 151 1602 σεως
165 1570 304 1609 ἐτύχομεν.
317 1571 387 1600 Ἀλλ’
399 1571 453 1610 ἔχω
467 1571 550 1604 δεῖξαι
565 1571 610 1600 καὶ
625 1571 755 1607 ἐκείνους,
772 1572 861 1611 φησὶν,

84 1616 304 1654 ἁποτμηθέντας,
324 1617 369 1645 καὶ
391 1617 428 1655 μὴ
452 1617 624 1654 δεξαμένους,
648 1617 691 1645 ἵνα
713 1618 862 1657 κρείττονος

84 1662 254 1696 ἀναστάσεως
269 1662 380 1701 τύχωσι.
399 1662 451 1691 Διὰ
477 1663 503 1691 τί
523 1663 574 1702 γὰρ
587 1685 594 1699 ,
617 1662 676 1691 εἰπέ
701 1674 761 1701 μοι,
777 1664 861 1703 παρὸν

638 170 656 193 Α
663 171 683 193 D
711 171 797 193 Hsslm
804 171 868 194 .EOS
875 185 883 193 .

1602 161 1670 197 353

923 234 1038 274 Adepti
1060 241 1129 264 sunt
1153 237 1398 274 repromissiones.
1414 236 1454 264 De
1475 235 1582 265 Davide
1597 237 1672 265 arbi-

921 286 976 308 tror
991 291 1052 309 eum
1072 280 1172 309 dicere.
1188 281 1326 315 Quasnam
1345 281 1557 320 promissiones?
1577 283 1617 311 Dc
1638 282 1672 310 iis

922 327 977 366 agit
988 327 1021 355 de
1033 328 1133 366 quihus
1144 327 1261 362 dicebat,
1279 327 1351 366 quod
1366 339 1454 357 semen
1467 329 1525 368 ejus
1536 339 1673 358 sessurum

922 374 955 403 sit
971 385 1052 413 super
1066 374 1155 402 sedem
1171 374 1237 413 ejus.
1252 375 1469 404 Ohturaverunt
1480 386 1533 404 ora
1545 376 1672 412 leonum,

923 421 970 449 54.
983 423 1189 449 exstinzerunt
1215 422 1353 459 impetum
1380 423 1455 459 ignis
1466 444 1474 457 ,
1500 422 1672 461 esficgerunt

923 468 1014 494 aciem
1030 466 1132 505 gladii.
1144 465 1215 494 Vide
1226 466 1361 503 quomodo
1374 474 1448 495 erant
1463 467 1488 495 in
1502 468 1559 506 ipsa
1574 474 1670 502 morte,

923 512 1018 540 Daniel
1031 512 1213 541 circumdatus
1227 523 1241 541 a
1256 512 1388 548 leonibus,
1401 520 1453 541 tres
1470 514 1545 552 pueri
1561 514 1608 552 qui
1622 513 1671 542 de-

879 587 914 608 ns
923 558 1020 596 gebaut
1034 558 1060 586 in
1077 559 1194 595 fornace,
1210 558 1343 587 Abraham
1354 582 1360 593 ,
1373 560 1457 593 Isaac,
1476 560 1560 589 Jacob
1575 560 1602 588 in
1623 559 1670 588 di-

887 618 905 639 Α
923 605 1006 633 versis
1029 605 1238 640 tentationibus;
1254 612 1278 634 et
1299 616 1332 633 ne
1352 606 1390 634 sic
1407 605 1519 644 quidem
1540 606 1670 645 despera-

921 658 995 679 runt.
1010 650 1067 679 Hoc
1082 651 1153 679 enim
1168 658 1206 679 est
1222 651 1307 679 fides:
1323 651 1431 689 quando
1450 663 1491 680 res
1514 652 1540 680 in
1561 659 1671 680 contra-

921 697 992 725 rium
1018 704 1132 734 exeunt,
1148 704 1211 726 tunc
1234 704 1339 736 oportet
1363 697 1470 726 credere
1495 698 1571 736 quod
1600 697 1671 726 nihil

919 743 1023 772 eveniat
1037 744 1212 778 contrarium,
1230 743 1276 772 scd
1291 744 1382 772 omnia
1398 744 1594 783 consequentia.
1612 745 1670 784 Ef-

909 790 1058 829 sugerunt
1073 791 1167 818 aciem
1180 790 1283 829 gladii.
1294 790 1430 819 Existimo
1445 801 1506 819 eum
1522 801 1615 818 rursus
1628 789 1669 818 di-

919 846 978 864 cere
993 836 1028 865 de
1042 836 1129 864 tribus
1143 836 1242 875 pueris.
1256 837 1480 865 Cons'aluerunt
1496 838 1533 865 de
1544 837 1670 876 infirmi<

919 889 990 918 tute,
1003 884 1096 922 fortes
1108 883 1186 921 facti
1204 889 1272 910 sunt
1294 885 1326 910 in
1350 883 1436 917 bello,
1454 890 1554 912 castra
1572 889 1669 911 verte-

918 936 988 957 runt
1000 936 1174 958 exterorum.
1189 929 1239 957 Hic
1252 930 1331 957 tacite
1341 929 1474 968 significat
1488 929 1560 968 quod
1569 930 1669 958 sactum

919 982 957 1003 est
981 975 1009 1003 in
1032 975 1121 1003 reditu
1140 986 1154 1003 a
1171 975 1322 1014 Babylone.
1343 977 1389 1004 De
1413 976 1669 1016 infirmitate-hoc

919 1027 968 1057 est,
980 1020 1014 1049 de
1028 1020 1195 1059 captivitate.
1211 1021 1328 1055 Quando
1341 1032 1381 1050 res
1395 1022 1516 1051 Judaicae
1524 1023 1580 1061 jam
1594 1028 1670 1050 erant

918 1066 1085 1105 desperatae,
1107 1066 1215 1104 quando
1237 1077 1251 1094 a
1275 1074 1445 1095 mortuorum
1470 1068 1577 1096 ossibus
1599 1067 1670 1096 nihil

919 1112 1092 1149 disserebant,
1108 1119 1170 1140 tunc
1184 1112 1239 1140 illis
1254 1112 1335 1140 fiebat
1351 1113 1462 1141 reditus.
1478 1114 1547 1148 Quis
1562 1124 1669 1153 speras-

882 1167 900 1189 B
919 1165 957 1187 set
967 1159 1091 1186 futurum
1106 1165 1134 1186 ut
1146 1157 1263 1186 redirent
1277 1169 1292 1186 a
1305 1159 1454 1198 Babylone,
1469 1167 1495 1188 et
1511 1171 1562 1188 non
1580 1160 1669 1189 solum

919 1205 1057 1241 redirent,
1073 1204 1118 1233 sed
1136 1205 1216 1233 ctiam
1232 1205 1313 1233 sortes
1329 1205 1433 1240 fierent,
1452 1213 1477 1234 et
1492 1213 1624 1235 verterent
1638 1218 1669 1236 ac

918 1252 1043 1290 fugarent
1063 1258 1147 1279 castra
1164 1251 1342 1279 exterorum?
1357 1253 1391 1280 At
1405 1252 1493 1287 nobis,
1507 1252 1606 1290 inquit,
1622 1253 1668 1281 ni-

918 1298 958 1326 hil
980 1297 1033 1326 tale
1055 1297 1163 1326 accidit.
1181 1297 1236 1326 Sed
1259 1297 1316 1326 haec
1340 1305 1401 1326 sunt
1423 1298 1482 1338 typi
1501 1298 1667 1329 futurorum.

918 1344 1105 1383 deceperunt
1118 1344 1254 1373 mulieres
1269 1343 1304 1372 de
1316 1347 1528 1373 resurrectione
1540 1351 1668 1373 mortuos

918 1400 994 1418 suos.
1007 1391 1048 1418 De
1063 1389 1202 1429 prophetis
1216 1389 1274 1418 haec
1288 1389 1366 1425 dicit,
1384 1400 1478 1429 nempe
1489 1389 1523 1418 de
1536 1389 1634 1419 Elisaeo
1644 1398 1669 1418 et

918 1437 980 1465 Elia
997 1448 1002 1464 :
1017 1443 1136 1465 mortuos
1151 1437 1222 1465 enim
1239 1436 1278 1465 illi
1293 1437 1464 1466 suscitarunt.
1477 1438 1524 1466 55.
1536 1438 1604 1465 Alii
1615 1447 1669 1465 au-

918 1489 974 1511 tem
997 1483 1117 1511 distenti
1135 1490 1204 1511 sunt
1214 1505 1221 1518 ‚
1236 1493 1294 1510 non
1309 1485 1499 1522 suscipientes
1514 1484 1668 1511 redemtio-

917 1539 993 1563 nem,
1015 1535 1046 1557 ut
1067 1528 1215 1556 meliorem
1237 1530 1402 1557 invenirent
1417 1531 1667 1557 resurrectionem.

917 1577 951 1603 At
968 1585 1016 1603 nos
1032 1585 1084 1603 non
1103 1574 1237 1612 assequuti
1256 1585 1349 1603 sumus
1364 1574 1596 1603 resurrectionem.
1614 1574 1668 1603 Sed

915 1629 1037 1658 possum,
1053 1619 1152 1657 inquit,
1169 1618 1308 1647 ostendere
1328 1619 1408 1647 etiam
1430 1619 1490 1647 illos
1512 1618 1595 1647 fuisse
1609 1619 1667 1647 dis-

916 1669 1010 1699 sectos,
1024 1662 1070 1692 sed
1084 1662 1277 1691 redemtionem
1291 1673 1344 1692 non
1359 1663 1516 1703 suscepisse,
1530 1670 1558 1691 ut
1573 1663 1666 1691 melio-

913 171 991 195 CAI‘.
1020 172 1068 196 XI·
1097 170 1216 195 nomi..
1246 171 1355 196 xxvn.

509 1796 685 1825 MUTIANO
708 1795 966 1826 SCHOLASTICO
986 1795 1244 1824 INTERPRETE.

87 1915 159 1944 enim
173 1913 240 1942 dicit
251 1914 278 1942 in
292 1913 344 1943 hoc
358 1914 426 1949 loco,
440 1924 522 1952 quam
534 1913 631 1942 habuit
645 1913 736 1943 David
749 1913 800 1942 :de
818 1924 848 1942 eo
868 1914 940 1942 enim
959 1913 1011 1942 boc
1026 1923 1087 1942 eum
1110 1912 1200 1941 dicere
1213 1912 1338 1942 arbitror.
1354 1912 1467 1951 Adepti
1481 1919 1549 1942 sunt
1563 1924 1666 1953 repro-

88 1964 250 1991 missiones.
262 1961 385 1997 Quales?
398 1962 466 1990 Istas
480 1961 515 1990 de
531 1961 630 1999 quibus
641 1961 792 1995 dicebatur,
803 1961 867 1999 quia
880 1971 969 1990 semen
980 1961 1037 2000 ejus
1049 1960 1153 1989 sedebit
1166 1970 1247 2000 super
1257 1960 1354 1988 solium
1367 1961 1433 1999 ejus.
1448 1961 1667 1990 obturaverunt

88 2020 141 2038 ora
156 2009 284 2044 leonum,
300 2010 504 2038 exstinxerunt
527 2011 669 2038 virtutem
684 2011 776 2048 ignis,
792 2009 1000 2048 effugaverunt
1017 2018 1069 2036 ora
1082 2008 1261 2047 gladiorum.
1276 2007 1463 2047 Contemplare
1480 2008 1615 2046 quomodo
1638 2008 1666 2037 in

87 2057 146 2096 ipsa
159 2064 246 2086 morte
255 2063 329 2085 erant
342 2056 456 2086 :Daniel
471 2056 653 2086 circumdatus
668 2068 683 2085 a
697 2057 831 2091 leonibus,
848 2063 901 2084 tres
917 2056 993 2095 pueri
1014 2056 1042 2084 in
1062 2055 1167 2084 camino
1188 2055 1391 2084 deambulantes
1403 2078 1410 2089 ,
1422 2055 1562 2093 Israelitae,
1577 2056 1667 2084 Abra-

86 2105 160 2142 ham,
174 2105 258 2140 Isaac,
271 2111 296 2134 et
307 2105 391 2135 Jacob
406 2105 433 2133 in
450 2105 534 2134 variis
548 2105 756 2143 tentationibu53
771 2112 796 2133 et
808 2115 893 2143 neque
907 2105 945 2132 sic
953 2104 1173 2144 desperaverunt.
1195 2103 1252 2132 Hoc
1267 2103 1338 2132 enim
1353 2110 1391 2132 est
1404 2103 1488 2140 fides,
1503 2110 1532 2132 ut
1546 2114 1608 2133 cum
1623 2115 1665 2133 res

85 2153 164 2182 nobis
177 2153 204 2181 in
219 2152 382 2181 contrarium
397 2160 508 2191 exeunt,
521 2160 586 2182 tunc
599 2152 740 2182 credamus
755 2165 760 2180 :
773 2153 835 2191 quia
851 2153 921 2181 nihil
935 2152 1100 2181 contrarium
1114 2152 1214 2180 factum
1231 2158 1282 2188 est,
1299 2151 1345 2180 sed
1365 2158 1460 2180 cuncta
1476 2153 1665 2190 consequentia

85 2208 111 2230 et
122 2200 246 2231 ordinata
258 2207 398 2230 venerunt.
410 2202 437 2229 E
435 2202 631 2240 ffugaverunt
648 2212 701 2230 ora
714 2202 892 2240 gladiorum.
904 2202 946 2230 De
958 2201 1047 2229 tribus
1062 2200 1153 2240 pueris
1167 2210 1228 2228 eum
1244 2200 1342 2228 iterum
1357 2206 1423 2238 puto
1437 2199 1535 2228 dicere.
1548 2201 1664 2229 Conva-

85 2250 203 2278 luerunl
216 2259 252 2277 ex
267 2249 450 2288 infirmitate.
465 2250 587 2289 Tempus
604 2256 748 2289 postquam
768 2249 869 2278 reversi
884 2255 946 2277 sunt
957 2248 992 2277 de
1004 2247 1156 2288 Babylonia
1180 2247 1326 2287 significat.
1338 2248 1388 2276 Ex
1401 2248 1577 2287 infirmitate
1591 2248 1664 2277 enim

84 2296 136 2325 hoc
148 2307 204 2325 esse
215 2303 298 2336 put03
312 2295 342 2325 id
355 2303 391 2325 est
405 2307 438 2325 ex
453 2297 620 2336 captivitate,
633 2296 741 2336 quando
754 2297 812 2336 jam
827 2297 853 2325 in
866 2296 1050 2336 desperatione
1062 2303 1137 2325 erant
1147 2295 1267 2326 Judaicae
1282 2306 1334 2331 res,
1344 2295 1514 2335 quandojam
1524 2306 1539 2324 a
1550 2296 1664 2325 mortuis

84 2344 153 2373 nihil
169 2343 315 2373 distabant.
332 2344 401 2379 Quis
411 2345 483 2373 enim
497 2355 550 2373 non
563 2345 722 2385 desperabat
733 2344 767 2374 de
776 2344 927 2384 Babylonia
940 2355 984 2374 eos
1001 2355 1077 2384 posse
1090 2344 1207 2373 reverti?
1221 2351 1246 2372 et
1262 2354 1313 2372 non
1321 2343 1384 2372 dico
1394 2343 1492 2372 reverti
1505 2344 1603 2378 solum,
1617 2343 1663 2372 sed

83 2392 165 2421 etiam
176 2392 299 2421 fortiores
309 2392 388 2421 effici.
397 2393 551 2421 Verterunt
566 2400 665 2422 castra
675 2400 852 2423 exterorum.
867 2392 921 2423 Sed
936 2393 1014 2422 vobis
1028 2392 1098 2421 nihil
1110 2392 1163 2420 tale
1174 2391 1296 2430 contigit,
1308 2390 1406 2429 inquit.
1424 2390 1479 2420 Sed
1497 2391 1556 2420 haec
1569 2392 1662 2420 formae

84 2445 147 2468 sunt
173 2438 338 2467 futurorum.
352 2438 541 2478 Acceperunt
568 2440 704 2468 mulieres
716 2440 752 2468 de
779 2441 991 2468 resurrectione
1018 2445 1147 2467 mortuos
1172 2448 1250 2466 suos.
1275 2436 1313 2465 Ea
1341 2447 1400 2474 quae
1425 2436 1495 2465 circa
1519 2437 1663 2476 prophetas

85 2492 275 2524 provenerunt,
296 2485 375 2522 dicit,
394 2486 540 2515 Helisaeum
555 2493 579 2515 et
595 2486 703 2515 Heliam
724 2486 891 2526 significans,
907 2486 955 2525 qui
973 2492 1095 2514 mortuos
1117 2484 1290 2514 suscitabant.
1301 2483 1369 2512 Atii
1383 2493 1467 2520 vem,
1483 2483 1586 2521 inquit,
1599 2484 1663 2513 dis-

87 2535 159 2561 tenti
173 2540 259 2569 sunt,
274 2543 333 2562 non
344 2535 532 2573 suscipientes
547 2535 766 2573 redemtionem,
782 2541 814 2564 ut
830 2535 980 2564 meliorem
998 2535 1236 2563 resurrectionem
1254 2532 1466 2571 adipiscantur.
1478 2530 1532 2561 Sed
1546 2541 1596 2560 nos
1609 2541 1663 2560 nou

87 2578 177 2619 adepti
195 2590 287 2610 sumus
308 2581 540 2611 resurrectionem.
562 2581 617 2612 Sed
637 2593 781 2622 possumus
797 2581 937 2612 ostendere
948 2589 973 2612 et
987 2581 1066 2621 illos,
1080 2580 1167 2620 inquit
1176 2603 1186 2619 7
1199 2578 1313 2615 excisos,
1336 2585 1362 2608 et
1385 2589 1438 2608 non
1461 2579 1618 2619 suscepisse,
1635 2586 1664 2608 ut
