<?xml version="1.0" encoding="UTF-8"?>
<!DOCTYPE html PUBLIC "-//W3C//DTD XHTML 1.0 Transitional//EN"
    "http://www.w3.org/TR/xhtml1/DTD/xhtml1-transitional.dtd">
<html xmlns="http://www.w3.org/1999/xhtml" xml:lang="en" lang="en">
 <head>
  <title>
</title>
<meta http-equiv="Content-Type" content="text/html;charset=utf-8" />
  <meta name='ocr-system' content='tesseract 3.04.00' />
  <meta name='ocr-capabilities' content='ocr_page ocr_carea ocr_par ocr_line ocrx_word'/>
</head>
<body>
  <div class='ocr_page' id='page_1' title='image "./operaomniaquaeex12johnuoft/operaomniaquaeex12johnuoft_0318.png"; bbox 0 0 1906 2846; ppageno 0'>
   <div class='ocr_carea' id='block_1_1' title="bbox 87 1387 228 1410">
    <p class='ocr_par' dir='ltr' id='par_1_1' title="bbox 87 1387 228 1410">
     <span class='ocr_line' id='line_1_1' title="bbox 87 1387 228 1410; baseline 0.007 -3"><span class='ocrx_word' id='word_1_1' title='bbox 87 1387 228 1410; x_wconf 65' lang='lat' dir='ltr'>(,&#39;e¹11.18.15⁴</span> 
     </span>
    </p>
   </div>
   <div class='ocr_carea' id='block_1_2' title="bbox 251 174 617 218">
    <p class='ocr_par' dir='ltr' id='par_1_2' title="bbox 251 174 617 218">
     <span class='ocr_line' id='line_1_2' title="bbox 251 174 617 218; baseline 0 -11"><span class='ocrx_word' id='word_1_2' title='bbox 251 174 317 218; x_wconf 61' lang='lat'>304</span> <span class='ocrx_word' id='word_1_3' title='bbox 589 186 617 207; x_wconf 85' lang='lat' dir='ltr'>s.</span> 
     </span>
    </p>
   </div>
   <div class='ocr_carea' id='block_1_3' title="bbox 233 245 985 1652">
    <p class='ocr_par' dir='ltr' id='par_1_3' title="bbox 233 245 985 1652">
     <span class='ocr_line' id='line_1_3' title="bbox 250 245 985 286; baseline -0.007 -10"><span class='ocrx_word' id='word_1_4' title='bbox 250 247 456 286; x_wconf 71' lang='lat' dir='ltr'>lculplabantur.</span> <span class='ocrx_word' id='word_1_5' title='bbox 474 248 527 274; x_wconf 85' lang='lat' dir='ltr'>Cur</span> <span class='ocrx_word' id='word_1_6' title='bbox 541 253 627 274; x_wconf 80' lang='lat' dir='ltr'>autem</span> <span class='ocrx_word' id='word_1_7' title='bbox 642 246 697 273; x_wconf 74' lang='lat' dir='ltr'>liceo</span> <span class='ocrx_word' id='word_1_8' title='bbox 713 246 781 273; x_wconf 85' lang='lat' dir='ltr'>fiunt</span> <span class='ocrx_word' id='word_1_9' title='bbox 791 245 804 272; x_wconf 76' lang='grc' dir='ltr'>ἶ)</span> <span class='ocrx_word' id='word_1_10' title='bbox 819 246 855 273; x_wconf 88' lang='lat' dir='ltr'>Ut</span> <span class='ocrx_word' id='word_1_11' title='bbox 870 254 918 272; x_wconf 91' lang='lat' dir='ltr'>nos</span> <span class='ocrx_word' id='word_1_12' title='bbox 932 255 985 283; x_wconf 89' lang='lat' dir='ltr'>pu-</span> 
     </span>
     <span class='ocr_line' id='line_1_4' title="bbox 248 290 985 330; baseline -0.005 -10"><span class='ocrx_word' id='word_1_13' title='bbox 248 292 325 327; x_wconf 73' lang='lat' dir='ltr'>dent,</span> <span class='ocrx_word' id='word_1_14' title='bbox 343 292 415 330; x_wconf 79' lang='lat' dir='ltr'>quod</span> <span class='ocrx_word' id='word_1_15' title='bbox 431 292 469 319; x_wconf 92' lang='lat' dir='ltr'>illi</span> <span class='ocrx_word' id='word_1_16' title='bbox 486 290 609 328; x_wconf 80' lang='lat' dir='ltr'>quidem,</span> <span class='ocrx_word' id='word_1_17' title='bbox 624 300 684 317; x_wconf 83' lang='lat' dir='ltr'>cum</span> <span class='ocrx_word' id='word_1_18' title='bbox 699 290 915 328; x_wconf 75' lang='lat' dir='ltr'>promitterentur</span> <span class='ocrx_word' id='word_1_19' title='bbox 927 299 985 327; x_wconf 59' lang='lat' dir='ltr'>quae</span> 
     </span>
     <span class='ocr_line' id='line_1_5' title="bbox 249 335 984 371; baseline -0.004 -5"><span class='ocrx_word' id='word_1_20' title='bbox 249 346 309 366; x_wconf 73' lang='lat' dir='ltr'>suut</span> <span class='ocrx_word' id='word_1_21' title='bbox 325 339 350 365; x_wconf 92' lang='lat' dir='ltr'>in</span> <span class='ocrx_word' id='word_1_22' title='bbox 368 346 432 365; x_wconf 71' lang='lat' dir='ltr'>{erra</span> <span class='ocrx_word' id='word_1_23' title='bbox 445 359 451 368; x_wconf 84' lang='grc'>,</span> <span class='ocrx_word' id='word_1_24' title='bbox 468 347 518 364; x_wconf 87' lang='lat' dir='ltr'>uon</span> <span class='ocrx_word' id='word_1_25' title='bbox 534 335 714 371; x_wconf 78' lang='lat' dir='ltr'>attendebant,</span> <span class='ocrx_word' id='word_1_26' title='bbox 730 335 773 363; x_wconf 84' lang='lat' dir='ltr'>scd</span> <span class='ocrx_word' id='word_1_27' title='bbox 788 335 906 363; x_wconf 82' lang='lat' dir='ltr'>futuram</span> <span class='ocrx_word' id='word_1_28' title='bbox 920 335 984 363; x_wconf 75' lang='lat' dir='ltr'>civi-</span> 
     </span>
     <span class='ocr_line' id='line_1_6' title="bbox 248 381 983 420; baseline -0.003 -9"><span class='ocrx_word' id='word_1_29' title='bbox 248 391 326 411; x_wconf 69' lang='lat' dir='ltr'>tatem</span> <span class='ocrx_word' id='word_1_30' title='bbox 343 382 494 420; x_wconf 67' lang='lat' dir='ltr'>quaerebant</span> <span class='ocrx_word' id='word_1_31' title='bbox 509 393 514 407; x_wconf 90' lang='lat'><strong>:</strong></span> <span class='ocrx_word' id='word_1_32' title='bbox 528 381 605 408; x_wconf 85' lang='lat' dir='ltr'>nobis</span> <span class='ocrx_word' id='word_1_33' title='bbox 625 388 712 409; x_wconf 77' lang='lat' dir='ltr'>autem</span> <span class='ocrx_word' id='word_1_34' title='bbox 733 382 805 408; x_wconf 73' lang='lat' dir='ltr'>Deus</span> <span class='ocrx_word' id='word_1_35' title='bbox 821 391 918 418; x_wconf 84' lang='lat' dir='ltr'>susque</span> <span class='ocrx_word' id='word_1_36' title='bbox 938 381 983 409; x_wconf 84' lang='lat' dir='ltr'>(le-</span> 
     </span>
     <span class='ocr_line' id='line_1_7' title="bbox 247 427 983 465; baseline -0.001 -10"><span class='ocrx_word' id='word_1_37' title='bbox 247 439 297 465; x_wconf 85' lang='lat' dir='ltr'>que</span> <span class='ocrx_word' id='word_1_38' title='bbox 311 428 344 455; x_wconf 76' lang='lat' dir='ltr'>dr</span> <span class='ocrx_word' id='word_1_39' title='bbox 358 438 471 465; x_wconf 80' lang='lat' dir='ltr'>superna</span> <span class='ocrx_word' id='word_1_40' title='bbox 487 427 605 464; x_wconf 85' lang='lat' dir='ltr'>loquitur</span> <span class='ocrx_word' id='word_1_41' title='bbox 620 427 744 461; x_wconf 77' lang='lat' dir='ltr'>civitate,</span> <span class='ocrx_word' id='word_1_42' title='bbox 761 433 785 454; x_wconf 81' lang='lat' dir='ltr'>et</span> <span class='ocrx_word' id='word_1_43' title='bbox 801 436 856 454; x_wconf 83' lang='lat' dir='ltr'>eam</span> <span class='ocrx_word' id='word_1_44' title='bbox 873 437 930 463; x_wconf 81' lang='lat' dir='ltr'>quae</span> <span class='ocrx_word' id='word_1_45' title='bbox 944 433 983 455; x_wconf 86' lang='lat' dir='ltr'>est</span> 
     </span>
     <span class='ocr_line' id='line_1_8' title="bbox 246 472 982 510; baseline 0 -10"><span class='ocrx_word' id='word_1_46' title='bbox 246 473 289 501; x_wconf 77' lang='lat' dir='ltr'>liic</span> <span class='ocrx_word' id='word_1_47' title='bbox 315 473 471 510; x_wconf 70' lang='lat' dir='ltr'>quaerimus.</span> <span class='ocrx_word' id='word_1_48' title='bbox 490 473 599 500; x_wconf 76' lang='lat' dir='ltr'>Dixerat</span> <span class='ocrx_word' id='word_1_49' title='bbox 621 472 658 500; x_wconf 83' lang='lat' dir='ltr'>cis</span> <span class='ocrx_word' id='word_1_50' title='bbox 674 483 679 498; x_wconf 88' lang='lat'>:</span> <span class='ocrx_word' id='word_1_51' title='bbox 698 472 780 499; x_wconf 80' lang='lat' dir='ltr'>Dabo</span> <span class='ocrx_word' id='word_1_52' title='bbox 807 473 891 499; x_wconf 79' lang='lat' dir='ltr'>vobis</span> <span class='ocrx_word' id='word_1_53' title='bbox 918 482 982 510; x_wconf 74' lang='lat' dir='ltr'><em>¹711oe</em></span> 
     </span>
     <span class='ocr_line' id='line_1_9' title="bbox 245 517 978 557; baseline -0.001 -10"><span class='ocrx_word' id='word_1_54' title='bbox 245 526 311 548; x_wconf 82' lang='lat' dir='ltr'>sunt</span> <span class='ocrx_word' id='word_1_55' title='bbox 327 522 356 547; x_wconf 87' lang='lat' dir='ltr'>in</span> <span class='ocrx_word' id='word_1_56' title='bbox 369 521 504 557; x_wconf 66' lang='lat' dir='ltr'>primenti</span> <span class='ocrx_word' id='word_1_57' title='bbox 518 531 525 545; x_wconf 87' lang='lat'>.·</span> <span class='ocrx_word' id='word_1_58' title='bbox 542 518 665 556; x_wconf 77' lang='lat' dir='ltr'>quoniam</span> <span class='ocrx_word' id='word_1_59' title='bbox 680 524 768 545; x_wconf 82' lang='lat' dir='ltr'>autem</span> <span class='ocrx_word' id='word_1_60' title='bbox 782 517 860 552; x_wconf 79' lang='lat' dir='ltr'>vidit,</span> <span class='ocrx_word' id='word_1_61' title='bbox 876 517 918 546; x_wconf 78' lang='lat' dir='ltr'>vel</span> <span class='ocrx_word' id='word_1_62' title='bbox 934 528 978 556; x_wconf 87' lang='lat' dir='ltr'>po—</span> 
     </span>
     <span class='ocr_line' id='line_1_10' title="bbox 245 564 981 603; baseline 0 -10"><span class='ocrx_word' id='word_1_63' title='bbox 245 566 297 593; x_wconf 80' lang='lat' dir='ltr'>tius</span> <span class='ocrx_word' id='word_1_64' title='bbox 311 566 434 603; x_wconf 76' lang='lat' dir='ltr'>quoniam</span> <span class='ocrx_word' id='word_1_65' title='bbox 451 565 548 603; x_wconf 82' lang='lat' dir='ltr'>scipsos</span> <span class='ocrx_word' id='word_1_66' title='bbox 562 564 733 593; x_wconf 79' lang='lat' dir='ltr'>ostenderunt</span> <span class='ocrx_word' id='word_1_67' title='bbox 747 564 843 602; x_wconf 81' lang='lat' dir='ltr'>dignos</span> <span class='ocrx_word' id='word_1_68' title='bbox 856 575 910 593; x_wconf 84' lang='lat' dir='ltr'>esse</span> <span class='ocrx_word' id='word_1_69' title='bbox 924 576 981 593; x_wconf 82' lang='lat' dir='ltr'>ma-</span> 
     </span>
     <span class='ocr_line' id='line_1_11' title="bbox 242 609 980 649; baseline 0 -10"><span class='ocrx_word' id='word_1_70' title='bbox 242 611 356 649; x_wconf 80' lang='lat' dir='ltr'>joribus,</span> <span class='ocrx_word' id='word_1_71' title='bbox 371 618 433 638; x_wconf 84' lang='lat' dir='ltr'>tunc</span> <span class='ocrx_word' id='word_1_72' title='bbox 447 620 497 638; x_wconf 91' lang='lat' dir='ltr'>non</span> <span class='ocrx_word' id='word_1_73' title='bbox 511 609 627 648; x_wconf 80' lang='lat' dir='ltr'>amplius</span> <span class='ocrx_word' id='word_1_74' title='bbox 641 609 703 638; x_wconf 86' lang='lat' dir='ltr'>sinit</span> <span class='ocrx_word' id='word_1_75' title='bbox 717 610 773 638; x_wconf 80' lang='lat' dir='ltr'>haec</span> <span class='ocrx_word' id='word_1_76' title='bbox 785 610 918 649; x_wconf 81' lang='lat' dir='ltr'>accipere,</span> <span class='ocrx_word' id='word_1_77' title='bbox 935 610 980 639; x_wconf 90' lang='lat' dir='ltr'>sed</span> 
     </span>
     <span class='ocr_line' id='line_1_12' title="bbox 245 654 980 694; baseline 0 -10"><span class='ocrx_word' id='word_1_78' title='bbox 245 656 290 684; x_wconf 78' lang='lat' dir='ltr'>illa</span> <span class='ocrx_word' id='word_1_79' title='bbox 311 657 410 694; x_wconf 72' lang='lat' dir='ltr'>majora</span> <span class='ocrx_word' id='word_1_80' title='bbox 425 667 430 687; x_wconf 87' lang='lat'>;</span> <span class='ocrx_word' id='word_1_81' title='bbox 448 655 537 683; x_wconf 78' lang='lat' dir='ltr'>volens</span> <span class='ocrx_word' id='word_1_82' title='bbox 554 655 630 683; x_wconf 88' lang='lat' dir='ltr'>nobis</span> <span class='ocrx_word' id='word_1_83' title='bbox 654 654 790 683; x_wconf 79' lang='lat' dir='ltr'>ostendere</span> <span class='ocrx_word' id='word_1_84' title='bbox 813 655 885 693; x_wconf 90' lang='lat' dir='ltr'>quod</span> <span class='ocrx_word' id='word_1_85' title='bbox 906 655 980 694; x_wconf 81' lang='lat' dir='ltr'>digni</span> 
     </span>
     <span class='ocr_line' id='line_1_13' title="bbox 244 701 981 739; baseline 0 -10"><span class='ocrx_word' id='word_1_86' title='bbox 244 709 304 729; x_wconf 64' lang='lat' dir='ltr'>sunt</span> <span class='ocrx_word' id='word_1_87' title='bbox 321 701 481 739; x_wconf 81' lang='lat' dir='ltr'>majoribus,</span> <span class='ocrx_word' id='word_1_88' title='bbox 497 708 524 728; x_wconf 90' lang='lat' dir='ltr'>ut</span> <span class='ocrx_word' id='word_1_89' title='bbox 546 701 591 738; x_wconf 86' lang='lat' dir='ltr'>qui</span> <span class='ocrx_word' id='word_1_90' title='bbox 606 701 740 729; x_wconf 85' lang='lat' dir='ltr'>noluerint</span> <span class='ocrx_word' id='word_1_91' title='bbox 755 701 797 729; x_wconf 84' lang='lat' dir='ltr'>his</span> <span class='ocrx_word' id='word_1_92' title='bbox 809 701 913 739; x_wconf 69' lang='lat' dir='ltr'>allIgari</span> <span class='ocrx_word' id='word_1_93' title='bbox 930 713 936 729; x_wconf 78' lang='lat' dir='ltr'>t</span> <span class='ocrx_word' id='word_1_94' title='bbox 952 708 981 730; x_wconf 87' lang='lat' dir='ltr'>ut</span> 
     </span>
     <span class='ocr_line' id='line_1_14' title="bbox 244 745 980 785; baseline 0 -11"><span class='ocrx_word' id='word_1_95' title='bbox 244 747 264 774; x_wconf 87' lang='lat' dir='ltr'>si</span> <span class='ocrx_word' id='word_1_96' title='bbox 283 747 342 784; x_wconf 89' lang='lat' dir='ltr'>quis</span> <span class='ocrx_word' id='word_1_97' title='bbox 358 745 513 783; x_wconf 68' lang='lat' dir='ltr'>intelligenti</span> <span class='ocrx_word' id='word_1_98' title='bbox 538 745 708 784; x_wconf 79' lang='lat' dir='ltr'>polliceretur</span> <span class='ocrx_word' id='word_1_99' title='bbox 731 746 860 785; x_wconf 84' lang='lat' dir='ltr'>puerilia,</span> <span class='ocrx_word' id='word_1_100' title='bbox 883 756 933 775; x_wconf 89' lang='lat' dir='ltr'>non</span> <span class='ocrx_word' id='word_1_101' title='bbox 951 753 980 775; x_wconf 89' lang='lat' dir='ltr'>ut</span> 
     </span>
     <span class='ocr_line' id='line_1_15' title="bbox 243 791 980 830; baseline 0.001 -11"><span class='ocrx_word' id='word_1_102' title='bbox 243 792 369 830; x_wconf 78' lang='lat' dir='ltr'>accipiat,</span> <span class='ocrx_word' id='word_1_103' title='bbox 391 791 436 819; x_wconf 83' lang='lat' dir='ltr'>sed</span> <span class='ocrx_word' id='word_1_104' title='bbox 459 792 515 830; x_wconf 76' lang='lat' dir='ltr'>ejus</span> <span class='ocrx_word' id='word_1_105' title='bbox 540 791 680 820; x_wconf 85' lang='lat' dir='ltr'>ostendens</span> <span class='ocrx_word' id='word_1_106' title='bbox 703 791 915 830; x_wconf 81' lang='lat' dir='ltr'>philosophiam,</span> <span class='ocrx_word' id='word_1_107' title='bbox 932 792 980 820; x_wconf 90' lang='lat' dir='ltr'>illo</span> 
     </span>
     <span class='ocr_line' id='line_1_16' title="bbox 243 837 979 876; baseline 0.003 -12"><span class='ocrx_word' id='word_1_108' title='bbox 243 843 346 875; x_wconf 80' lang='lat' dir='ltr'>petente</span> <span class='ocrx_word' id='word_1_109' title='bbox 370 837 478 875; x_wconf 78' lang='lat' dir='ltr'>majora.</span> <span class='ocrx_word' id='word_1_110' title='bbox 500 837 556 865; x_wconf 87' lang='lat' dir='ltr'>lloc</span> <span class='ocrx_word' id='word_1_111' title='bbox 577 837 646 865; x_wconf 81' lang='lat' dir='ltr'>enim</span> <span class='ocrx_word' id='word_1_112' title='bbox 663 844 702 865; x_wconf 87' lang='lat' dir='ltr'>est</span> <span class='ocrx_word' id='word_1_113' title='bbox 724 837 886 866; x_wconf 89' lang='lat' dir='ltr'>ostendentis</span> <span class='ocrx_word' id='word_1_114' title='bbox 908 837 979 876; x_wconf 89' lang='lat' dir='ltr'>quod</span> 
     </span>
     <span class='ocr_line' id='line_1_17' title="bbox 242 883 978 923; baseline 0.004 -13"><span class='ocrx_word' id='word_1_115' title='bbox 242 890 314 911; x_wconf 77' lang='lat' dir='ltr'>tanto</span> <span class='ocrx_word' id='word_1_116' title='bbox 326 883 415 911; x_wconf 86' lang='lat' dir='ltr'>studio</span> <span class='ocrx_word' id='word_1_117' title='bbox 430 883 598 912; x_wconf 80' lang='lat' dir='ltr'>abstinebant</span> <span class='ocrx_word' id='word_1_118' title='bbox 614 895 629 912; x_wconf 83' lang='lat' dir='ltr'>a</span> <span class='ocrx_word' id='word_1_119' title='bbox 647 891 714 913; x_wconf 86' lang='lat' dir='ltr'>terra</span> <span class='ocrx_word' id='word_1_120' title='bbox 726 907 733 917; x_wconf 86' lang='lat'>‚</span> <span class='ocrx_word' id='word_1_121' title='bbox 749 891 779 912; x_wconf 88' lang='lat' dir='ltr'>ut</span> <span class='ocrx_word' id='word_1_122' title='bbox 792 895 839 913; x_wconf 87' lang='lat' dir='ltr'>nec</span> <span class='ocrx_word' id='word_1_123' title='bbox 853 895 911 923; x_wconf 86' lang='lat' dir='ltr'>quae</span> <span class='ocrx_word' id='word_1_124' title='bbox 925 884 978 913; x_wconf 79' lang='lat' dir='ltr'>da—</span> 
     </span>
     <span class='ocr_line' id='line_1_18' title="bbox 242 929 979 970; baseline 0.004 -13"><span class='ocrx_word' id='word_1_125' title='bbox 242 930 339 957; x_wconf 82' lang='lat' dir='ltr'>bantur</span> <span class='ocrx_word' id='word_1_126' title='bbox 356 929 513 968; x_wconf 78' lang='lat' dir='ltr'>acciperent.</span> <span class='ocrx_word' id='word_1_127' title='bbox 530 931 672 969; x_wconf 80' lang='lat' dir='ltr'><strong>Propterea</strong></span> <span class='ocrx_word' id='word_1_128' title='bbox 692 941 755 968; x_wconf 69' lang='lat' dir='ltr'>ergo</span> <span class='ocrx_word' id='word_1_129' title='bbox 775 931 908 970; x_wconf 84' lang='lat' dir='ltr'>accipiunt</span> <span class='ocrx_word' id='word_1_130' title='bbox 930 942 979 960; x_wconf 89' lang='lat' dir='ltr'>ne-</span> 
     </span>
     <span class='ocr_line' id='line_1_19' title="bbox 242 975 978 1014; baseline 0.003 -11"><span class='ocrx_word' id='word_1_131' title='bbox 242 982 333 1013; x_wconf 84' lang='lat' dir='ltr'>potes;</span> <span class='ocrx_word' id='word_1_132' title='bbox 353 975 404 1014; x_wconf 86' lang='lat' dir='ltr'>ipsi</span> <span class='ocrx_word' id='word_1_133' title='bbox 425 976 495 1003; x_wconf 91' lang='lat' dir='ltr'>enim</span> <span class='ocrx_word' id='word_1_134' title='bbox 510 983 584 1004; x_wconf 81' lang='lat' dir='ltr'>crant</span> <span class='ocrx_word' id='word_1_135' title='bbox 597 976 673 1014; x_wconf 83' lang='lat' dir='ltr'>digni</span> <span class='ocrx_word' id='word_1_136' title='bbox 688 983 766 1005; x_wconf 85' lang='lat' dir='ltr'>terra.</span> <span class='ocrx_word' id='word_1_137' title='bbox 781 977 855 1011; x_wconf 84' lang='lat' dir='ltr'>Quid</span> <span class='ocrx_word' id='word_1_138' title='bbox 870 984 909 1005; x_wconf 81' lang='lat' dir='ltr'>est</span> <span class='ocrx_word' id='word_1_139' title='bbox 927 988 978 1005; x_wconf 86' lang='lat' dir='ltr'>au-</span> 
     </span>
     <span class='ocr_line' id='line_1_20' title="bbox 241 1022 978 1056; baseline 0.004 -8"><span class='ocrx_word' id='word_1_140' title='bbox 241 1027 306 1056; x_wconf 85' lang='lat' dir='ltr'>tem,</span> <span class='ocrx_word' id='word_1_141' title='bbox 329 1022 536 1049; x_wconf 78' lang='lat' dir='ltr'><em>Fundamenta</em></span> <span class='ocrx_word' id='word_1_142' title='bbox 560 1023 714 1050; x_wconf 81' lang='lat' dir='ltr'><em>habentem</em></span> <span class='ocrx_word' id='word_1_143' title='bbox 736 1024 906 1050; x_wconf 73' lang='lat' dir='ltr'>civitatem?</span> <span class='ocrx_word' id='word_1_144' title='bbox 922 1023 978 1052; x_wconf 84' lang='lat' dir='ltr'>haec</span> 
     </span>
     <span class='ocr_line' id='line_1_21' title="bbox 240 1067 976 1097; baseline 0.003 -3"><span class='ocrx_word' id='word_1_145' title='bbox 240 1067 311 1094; x_wconf 82' lang='lat' dir='ltr'>enim</span> <span class='ocrx_word' id='word_1_146' title='bbox 325 1077 376 1095; x_wconf 91' lang='lat' dir='ltr'>non</span> <span class='ocrx_word' id='word_1_147' title='bbox 392 1073 454 1095; x_wconf 92' lang='lat' dir='ltr'>sunt</span> <span class='ocrx_word' id='word_1_148' title='bbox 476 1067 671 1095; x_wconf 73' lang='lat' dir='ltr'>fundamenta?</span> <span class='ocrx_word' id='word_1_149' title='bbox 688 1068 747 1096; x_wconf 86' lang='lat' dir='ltr'>Non</span> <span class='ocrx_word' id='word_1_150' title='bbox 771 1075 832 1095; x_wconf 92' lang='lat' dir='ltr'>sunt</span> <span class='ocrx_word' id='word_1_151' title='bbox 847 1068 868 1096; x_wconf 86' lang='lat' dir='ltr'>si</span> <span class='ocrx_word' id='word_1_152' title='bbox 883 1069 976 1097; x_wconf 82' lang='lat' dir='ltr'>conse-</span> 
     </span>
     <span class='ocr_line' id='line_1_22' title="bbox 240 1112 977 1151; baseline 0.003 -11"><span class='ocrx_word' id='word_1_153' title='bbox 240 1119 334 1140; x_wconf 77' lang='lat' dir='ltr'>rantur</span> <span class='ocrx_word' id='word_1_154' title='bbox 355 1122 415 1140; x_wconf 90' lang='lat' dir='ltr'>cum</span> <span class='ocrx_word' id='word_1_155' title='bbox 430 1112 492 1140; x_wconf 86' lang='lat' dir='ltr'>illis.</span> <span class='ocrx_word' id='word_1_156' title='bbox 509 1113 600 1151; x_wconf 82' lang='lat' dir='ltr'>Cujus</span> <span class='ocrx_word' id='word_1_157' title='bbox 622 1113 732 1150; x_wconf 68' lang='lat' dir='ltr'>artifex</span> <span class='ocrx_word' id='word_1_158' title='bbox 749 1119 777 1140; x_wconf 82' lang='lat' dir='ltr'>et</span> <span class='ocrx_word' id='word_1_159' title='bbox 790 1114 922 1141; x_wconf 83' lang='lat' dir='ltr'>conditor</span> <span class='ocrx_word' id='word_1_160' title='bbox 934 1120 977 1142; x_wconf 76' lang='lat' dir='ltr'>est</span> 
     </span>
     <span class='ocr_line' id='line_1_23' title="bbox 240 1158 976 1197; baseline 0.001 -11"><span class='ocrx_word' id='word_1_161' title='bbox 240 1159 331 1186; x_wconf 84' lang='lat' dir='ltr'>Deus.</span> <span class='ocrx_word' id='word_1_162' title='bbox 347 1159 443 1197; x_wconf 83' lang='lat' dir='ltr'>Papae,</span> <span class='ocrx_word' id='word_1_163' title='bbox 458 1158 537 1196; x_wconf 87' lang='lat' dir='ltr'>quale</span> <span class='ocrx_word' id='word_1_164' title='bbox 556 1165 594 1186; x_wconf 83' lang='lat' dir='ltr'>est</span> <span class='ocrx_word' id='word_1_165' title='bbox 615 1158 765 1187; x_wconf 87' lang='lat' dir='ltr'>encomium</span> <span class='ocrx_word' id='word_1_166' title='bbox 789 1158 862 1187; x_wconf 88' lang='lat' dir='ltr'>illius</span> <span class='ocrx_word' id='word_1_167' title='bbox 884 1159 976 1188; x_wconf 86' lang='lat' dir='ltr'>civita-</span> 
     </span>
     <span class='ocr_line' id='line_1_24' title="bbox 239 1203 976 1241; baseline 0.003 -10"><span class='ocrx_word' id='word_1_168' title='bbox 239 1203 295 1231; x_wconf 77' lang='lat' dir='ltr'>tis?</span> <span class='ocrx_word' id='word_1_169' title='bbox 310 1205 356 1234; x_wconf 89' lang='grc'>11,</span> <span class='ocrx_word' id='word_1_170' title='bbox 373 1204 448 1231; x_wconf 85' lang='lat' dir='ltr'>Fide</span> <span class='ocrx_word' id='word_1_171' title='bbox 469 1209 496 1231; x_wconf 85' lang='lat' dir='ltr'>et</span> <span class='ocrx_word' id='word_1_172' title='bbox 519 1204 583 1241; x_wconf 83' lang='lat' dir='ltr'>ipsa</span> <span class='ocrx_word' id='word_1_173' title='bbox 604 1204 687 1232; x_wconf 86' lang='lat' dir='ltr'>Sara.</span> <span class='ocrx_word' id='word_1_174' title='bbox 708 1203 834 1232; x_wconf 79' lang='lat' dir='ltr'>Excitare</span> <span class='ocrx_word' id='word_1_175' title='bbox 852 1204 896 1232; x_wconf 82' lang='lat' dir='ltr'>hic</span> <span class='ocrx_word' id='word_1_176' title='bbox 910 1205 976 1233; x_wconf 87' lang='lat' dir='ltr'>inci-</span> 
     </span>
     <span class='ocr_line' id='line_1_25' title="bbox 238 1248 975 1288; baseline 0.004 -13"><span class='ocrx_word' id='word_1_177' title='bbox 238 1249 290 1286; x_wconf 91' lang='lat' dir='ltr'>pit,</span> <span class='ocrx_word' id='word_1_178' title='bbox 307 1249 331 1278; x_wconf 91' lang='lat' dir='ltr'>si</span> <span class='ocrx_word' id='word_1_179' title='bbox 354 1248 464 1286; x_wconf 86' lang='lat' dir='ltr'>quidem</span> <span class='ocrx_word' id='word_1_180' title='bbox 480 1249 651 1287; x_wconf 78' lang='lat' dir='ltr'>apparuerint</span> <span class='ocrx_word' id='word_1_181' title='bbox 674 1249 759 1287; x_wconf 80' lang='lat' dir='ltr'>magis</span> <span class='ocrx_word' id='word_1_182' title='bbox 781 1249 871 1288; x_wconf 82' lang='lat' dir='ltr'>pusilli</span> <span class='ocrx_word' id='word_1_183' title='bbox 894 1261 975 1287; x_wconf 84' lang='lat' dir='ltr'>quam</span> 
     </span>
     <span class='ocr_line' id='line_1_26' title="bbox 238 1293 973 1333; baseline 0.003 -12"><span class='ocrx_word' id='word_1_184' title='bbox 238 1293 342 1322; x_wconf 89' lang='lat' dir='ltr'>mulier.</span> <span class='ocrx_word' id='word_1_185' title='bbox 358 1293 412 1322; x_wconf 78' lang='lat' dir='ltr'>Sed</span> <span class='ocrx_word' id='word_1_186' title='bbox 435 1293 535 1322; x_wconf 80' lang='lat' dir='ltr'>dixerit</span> <span class='ocrx_word' id='word_1_187' title='bbox 557 1294 690 1333; x_wconf 81' lang='lat' dir='ltr'>quispiam</span> <span class='ocrx_word' id='word_1_188' title='bbox 707 1307 712 1321; x_wconf 74' lang='lat' dir='ltr'>t</span> <span class='ocrx_word' id='word_1_189' title='bbox 730 1294 871 1329; x_wconf 86' lang='lat' dir='ltr'>Quomodo</span> <span class='ocrx_word' id='word_1_190' title='bbox 886 1295 973 1323; x_wconf 80' lang='lat' dir='ltr'>fidelis</span> 
     </span>
     <span class='ocr_line' id='line_1_27' title="bbox 239 1339 971 1377; baseline 0.001 -10"><span class='ocrx_word' id='word_1_191' title='bbox 239 1349 298 1376; x_wconf 83' lang='lat' dir='ltr'>quae</span> <span class='ocrx_word' id='word_1_192' title='bbox 325 1339 404 1367; x_wconf 73' lang='lat' dir='ltr'>risit?</span> <span class='ocrx_word' id='word_1_193' title='bbox 421 1339 501 1368; x_wconf 83' lang='lat' dir='ltr'>Risus</span> <span class='ocrx_word' id='word_1_194' title='bbox 515 1339 621 1377; x_wconf 87' lang='lat' dir='ltr'>quidem</span> <span class='ocrx_word' id='word_1_195' title='bbox 643 1346 682 1367; x_wconf 84' lang='lat' dir='ltr'>est</span> <span class='ocrx_word' id='word_1_196' title='bbox 703 1350 737 1368; x_wconf 81' lang='lat' dir='ltr'>ex</span> <span class='ocrx_word' id='word_1_197' title='bbox 765 1340 950 1368; x_wconf 79' lang='lat' dir='ltr'>incredulitate</span> <span class='ocrx_word' id='word_1_198' title='bbox 964 1363 971 1375; x_wconf 92' lang='lat'><strong><em>‚</em></strong></span> 
     </span>
     <span class='ocr_line' id='line_1_28' title="bbox 239 1385 970 1422; baseline 0 -9"><span class='ocrx_word' id='word_1_199' title='bbox 239 1392 325 1413; x_wconf 88' lang='lat' dir='ltr'>metus</span> <span class='ocrx_word' id='word_1_200' title='bbox 348 1392 435 1413; x_wconf 82' lang='lat' dir='ltr'>autem</span> <span class='ocrx_word' id='word_1_201' title='bbox 458 1396 472 1413; x_wconf 86' lang='lat' dir='ltr'>a</span> <span class='ocrx_word' id='word_1_202' title='bbox 495 1385 548 1413; x_wconf 86' lang='lat' dir='ltr'>fide</span> <span class='ocrx_word' id='word_1_203' title='bbox 575 1397 580 1412; x_wconf 92' lang='lat'>:</span> <span class='ocrx_word' id='word_1_204' title='bbox 606 1385 694 1413; x_wconf 88' lang='lat' dir='ltr'>dicere</span> <span class='ocrx_word' id='word_1_205' title='bbox 711 1385 796 1421; x_wconf 87' lang='lat' dir='ltr'>enim,</span> <span class='ocrx_word' id='word_1_206' title='bbox 813 1387 881 1414; x_wconf 82' lang='lat' dir='ltr'>Non</span> <span class='ocrx_word' id='word_1_207' title='bbox 903 1388 970 1422; x_wconf 74' lang='lat' dir='ltr'>risi,</span> 
     </span>
     <span class='ocr_line' id='line_1_29' title="bbox 238 1432 974 1471; baseline 0 -11"><span class='ocrx_word' id='word_1_208' title='bbox 238 1433 336 1461; x_wconf 79' lang='lat' dir='ltr'>sactum</span> <span class='ocrx_word' id='word_1_209' title='bbox 358 1439 395 1460; x_wconf 90' lang='lat' dir='ltr'>est</span> <span class='ocrx_word' id='word_1_210' title='bbox 410 1444 423 1460; x_wconf 83' lang='lat' dir='ltr'>a</span> <span class='ocrx_word' id='word_1_211' title='bbox 439 1432 502 1461; x_wconf 82' lang='lat' dir='ltr'>fide.</span> <span class='ocrx_word' id='word_1_212' title='bbox 518 1434 659 1471; x_wconf 74' lang='lat' dir='ltr'>Propterea</span> <span class='ocrx_word' id='word_1_213' title='bbox 681 1442 760 1470; x_wconf 78' lang='lat' dir='ltr'>ergo,</span> <span class='ocrx_word' id='word_1_214' title='bbox 781 1433 916 1461; x_wconf 78' lang='lat' dir='ltr'>exinanita</span> <span class='ocrx_word' id='word_1_215' title='bbox 933 1433 974 1461; x_wconf 88' lang='lat' dir='ltr'>in-</span> 
     </span>
     <span class='ocr_line' id='line_1_30' title="bbox 237 1477 972 1516; baseline 0.003 -11"><span class='ocrx_word' id='word_1_216' title='bbox 237 1477 408 1513; x_wconf 74' lang='lat' dir='ltr'>credulitate,</span> <span class='ocrx_word' id='word_1_217' title='bbox 424 1477 541 1515; x_wconf 81' lang='lat' dir='ltr'>ingressa</span> <span class='ocrx_word' id='word_1_218' title='bbox 555 1485 593 1506; x_wconf 87' lang='lat' dir='ltr'>est</span> <span class='ocrx_word' id='word_1_219' title='bbox 606 1478 682 1506; x_wconf 87' lang='lat' dir='ltr'>fides.</span> <span class='ocrx_word' id='word_1_220' title='bbox 696 1479 772 1506; x_wconf 79' lang='lat' dir='ltr'>Fide</span> <span class='ocrx_word' id='word_1_221' title='bbox 783 1485 810 1506; x_wconf 84' lang='lat' dir='ltr'>et</span> <span class='ocrx_word' id='word_1_222' title='bbox 822 1480 885 1516; x_wconf 79' lang='lat' dir='ltr'>ipsa</span> <span class='ocrx_word' id='word_1_223' title='bbox 898 1479 972 1507; x_wconf 83' lang='lat' dir='ltr'>Sara</span> 
     </span>
     <span class='ocr_line' id='line_1_31' title="bbox 236 1525 971 1562; baseline 0.003 -12"><span class='ocrx_word' id='word_1_224' title='bbox 236 1526 374 1551; x_wconf 70' lang='lat' dir='ltr'>‘virtutem</span> <span class='ocrx_word' id='word_1_225' title='bbox 385 1525 416 1551; x_wconf 85' lang='lat' dir='ltr'>in</span> <span class='ocrx_word' id='word_1_226' title='bbox 428 1525 612 1561; x_wconf 81' lang='lat' dir='ltr'>conceptione</span> <span class='ocrx_word' id='word_1_227' title='bbox 621 1525 739 1551; x_wconf 76' lang='lat' dir='ltr'>seminis</span> <span class='ocrx_word' id='word_1_228' title='bbox 749 1526 871 1562; x_wconf 80' lang='lat' dir='ltr'>aceepit,</span> <span class='ocrx_word' id='word_1_229' title='bbox 883 1527 971 1552; x_wconf 83' lang='lat' dir='ltr'>etiam</span> 
     </span>
     <span class='ocr_line' id='line_1_32' title="bbox 233 1568 970 1607; baseline 0.004 -12"><span class='ocrx_word' id='word_1_230' title='bbox 233 1575 338 1607; x_wconf 61' lang='lat' dir='ltr'>pt&#39;ceter</span> <span class='ocrx_word' id='word_1_231' title='bbox 352 1576 462 1607; x_wconf 77' lang='lat' dir='ltr'>tempus</span> <span class='ocrx_word' id='word_1_232' title='bbox 474 1571 568 1597; x_wconf 74' lang='lat' dir='ltr'>celatis</span> <span class='ocrx_word' id='word_1_233' title='bbox 580 1571 696 1607; x_wconf 79' lang='lat' dir='ltr'>peperit.</span> <span class='ocrx_word' id='word_1_234' title='bbox 709 1568 781 1603; x_wconf 89' lang='lat' dir='ltr'>Quid</span> <span class='ocrx_word' id='word_1_235' title='bbox 793 1577 842 1605; x_wconf 88' lang='lat' dir='ltr'>est,</span> <span class='ocrx_word' id='word_1_236' title='bbox 855 1571 892 1597; x_wconf 85' lang='lat' dir='ltr'>In</span> <span class='ocrx_word' id='word_1_237' title='bbox 902 1580 970 1598; x_wconf 86' lang='lat' dir='ltr'>con-</span> 
     </span>
     <span class='ocr_line' id='line_1_33' title="bbox 235 1614 971 1652; baseline 0.001 -10"><span class='ocrx_word' id='word_1_238' title='bbox 235 1617 364 1652; x_wconf 67' lang='lat' dir='ltr'>ceptione</span> <span class='ocrx_word' id='word_1_239' title='bbox 385 1616 502 1643; x_wconf 78' lang='lat' dir='ltr'>seminis</span> <span class='ocrx_word' id='word_1_240' title='bbox 515 1617 527 1641; x_wconf 72' lang='grc' dir='ltr'><em>Ρ</em></span> <span class='ocrx_word' id='word_1_241' title='bbox 548 1614 591 1642; x_wconf 77' lang='lat' dir='ltr'>Ad</span> <span class='ocrx_word' id='word_1_242' title='bbox 613 1624 700 1643; x_wconf 84' lang='lat' dir='ltr'>semen</span> <span class='ocrx_word' id='word_1_243' title='bbox 724 1614 909 1643; x_wconf 83' lang='lat' dir='ltr'>retinendum:</span> <span class='ocrx_word' id='word_1_244' title='bbox 937 1616 971 1644; x_wconf 87' lang='lat' dir='ltr'>ad</span> 
     </span>
    </p>
   </div>
   <div class='ocr_carea' id='block_1_4' title="bbox 267 1708 618 1742">
    <p class='ocr_par' dir='ltr' id='par_1_4' title="bbox 267 1708 618 1742">
     <span class='ocr_line' id='line_1_34' title="bbox 267 1708 618 1742; baseline 0.009 -10"><span class='ocrx_word' id='word_1_245' title='bbox 267 1711 280 1728; x_wconf 81' lang='lat' dir='ltr'>b</span> <span class='ocrx_word' id='word_1_246' title='bbox 299 1709 357 1742; x_wconf 70' lang='lat' dir='ltr'>[Sai</span> <span class='ocrx_word' id='word_1_247' title='bbox 365 1708 418 1733; x_wconf 80' lang='lat' dir='ltr'>ilius</span> <span class='ocrx_word' id='word_1_248' title='bbox 431 1711 509 1738; x_wconf 70' lang='grc' dir='ltr'>ε’ὖειξεν</span> <span class='ocrx_word' id='word_1_249' title='bbox 519 1710 618 1741; x_wconf 62' lang='grc' dir='ltr'>αὖτοὺς-]</span> 
     </span>
    </p>
   </div>
   <div class='ocr_carea' id='block_1_5' title="bbox 645 184 1476 212">
    <p class='ocr_par' dir='ltr' id='par_1_5' title="bbox 645 184 1476 212">
     <span class='ocr_line' id='line_1_35' title="bbox 645 184 1476 212; baseline 0.007 -6"><span class='ocrx_word' id='word_1_250' title='bbox 645 184 784 207; x_wconf 68' lang='grc' dir='ltr'>,ΙΟᾹΝΜΞ</span> <span class='ocrx_word' id='word_1_251' title='bbox 814 184 992 206; x_wconf 73' lang='lat' dir='ltr'>cum&#39;SOST.</span> <span class='ocrx_word' id='word_1_252' title='bbox 1024 186 1178 209; x_wconf 71' lang='lat' dir='ltr'>ARCfflEP.</span> <span class='ocrx_word' id='word_1_253' title='bbox 1209 188 1476 212; x_wconf 73' lang='lat' dir='ltr'><strong>CONSTANTINOP-</strong></span> 
     </span>
    </p>
   </div>
   <div class='ocr_carea' id='block_1_6' title="bbox 1038 246 1802 336">
    <p class='ocr_par' dir='ltr' id='par_1_6' title="bbox 1038 246 1802 336">
     <span class='ocr_line' id='line_1_36' title="bbox 1039 246 1802 289; baseline 0.008 -15"><span class='ocrx_word' id='word_1_254' title='bbox 1039 246 1153 283; x_wconf 79' lang='grc' dir='ltr'>γίνεται;</span> <span class='ocrx_word' id='word_1_255' title='bbox 1165 247 1224 276; x_wconf 86' lang='grc' dir='ltr'>Ἵνα</span> <span class='ocrx_word' id='word_1_256' title='bbox 1238 250 1315 286; x_wconf 75' lang='grc' dir='ltr'>ἡμεῖς</span> <span class='ocrx_word' id='word_1_257' title='bbox 1327 251 1519 288; x_wconf 71' lang='grc' dir='ltr'>αἰσχυνθῶμεν,</span> <span class='ocrx_word' id='word_1_258' title='bbox 1530 250 1570 278; x_wconf 82' lang='grc' dir='ltr'>ὅτι</span> <span class='ocrx_word' id='word_1_259' title='bbox 1583 251 1676 279; x_wconf 80' lang='grc' dir='ltr'>ἐκεῖνοι</span> <span class='ocrx_word' id='word_1_260' title='bbox 1689 251 1746 289; x_wconf 82' lang='grc' dir='ltr'>μὲν,</span> <span class='ocrx_word' id='word_1_261' title='bbox 1757 251 1802 280; x_wconf 79' lang='grc' dir='ltr'>καὶ</span> 
     </span>
     <span class='ocr_line' id='line_1_37' title="bbox 1038 293 1801 336; baseline 0.008 -16"><span class='ocrx_word' id='word_1_262' title='bbox 1038 293 1270 330; x_wconf 79' lang='grc' dir='ltr'>ἐπαγγελλομένων</span> <span class='ocrx_word' id='word_1_263' title='bbox 1287 295 1374 326; x_wconf 81' lang='grc' dir='ltr'>αὐτοῖς</span> <span class='ocrx_word' id='word_1_264' title='bbox 1387 296 1438 322; x_wconf 74' lang='grc' dir='ltr'>τῶν</span> <span class='ocrx_word' id='word_1_265' title='bbox 1452 295 1478 322; x_wconf 79' lang='grc' dir='ltr'>ἐν</span> <span class='ocrx_word' id='word_1_266' title='bbox 1492 297 1524 332; x_wconf 72' lang='grc' dir='ltr'>τῇ</span> <span class='ocrx_word' id='word_1_267' title='bbox 1537 296 1585 332; x_wconf 70' lang='grc' dir='ltr'>γῇ,</span> <span class='ocrx_word' id='word_1_268' title='bbox 1606 297 1634 324; x_wconf 78' lang='grc' dir='ltr'>οὗ</span> <span class='ocrx_word' id='word_1_269' title='bbox 1648 301 1801 336; x_wconf 73' lang='grc' dir='ltr'>προσεῖχον,</span> 
     </span>
    </p>
   </div>
   <div class='ocr_carea' id='block_1_7' title="bbox 1003 337 1802 377">
    <p class='ocr_par' dir='ltr' id='par_1_7' title="bbox 1003 337 1802 377">
     <span class='ocr_line' id='line_1_38' title="bbox 1003 337 1802 377; baseline 0.008 -13"><span class='ocrx_word' id='word_1_270' title='bbox 1003 342 1019 364; x_wconf 88' lang='grc' dir='ltr'><strong>Β</strong></span> <span class='ocrx_word' id='word_1_271' title='bbox 1039 337 1107 366; x_wconf 74' lang='grc' dir='ltr'>ἀλλὰ</span> <span class='ocrx_word' id='word_1_272' title='bbox 1118 337 1165 372; x_wconf 73' lang='grc' dir='ltr'>τὴν</span> <span class='ocrx_word' id='word_1_273' title='bbox 1176 338 1322 376; x_wconf 79' lang='grc' dir='ltr'>μέλλουσαν</span> <span class='ocrx_word' id='word_1_274' title='bbox 1336 338 1412 367; x_wconf 83' lang='grc' dir='ltr'>πόλιν</span> <span class='ocrx_word' id='word_1_275' title='bbox 1432 339 1537 374; x_wconf 84' lang='grc' dir='ltr'>ἐζήτουν</span> <span class='ocrx_word' id='word_1_276' title='bbox 1549 351 1555 357; x_wconf 88' lang='grc'><em>·</em></span> <span class='ocrx_word' id='word_1_277' title='bbox 1570 342 1632 377; x_wconf 86' lang='grc' dir='ltr'>ἡμῖν</span> <span class='ocrx_word' id='word_1_278' title='bbox 1648 341 1673 369; x_wconf 78' lang='grc' dir='ltr'>δὲ</span> <span class='ocrx_word' id='word_1_279' title='bbox 1691 342 1744 369; x_wconf 82' lang='grc' dir='ltr'>ἅνω</span> <span class='ocrx_word' id='word_1_280' title='bbox 1758 342 1802 370; x_wconf 80' lang='grc' dir='ltr'>καὶ</span> 
     </span>
    </p>
   </div>
   <div class='ocr_carea' id='block_1_8' title="bbox 1033 382 1803 834">
    <p class='ocr_par' dir='ltr' id='par_1_8' title="bbox 1033 382 1803 834">
     <span class='ocr_line' id='line_1_39' title="bbox 1038 382 1801 424; baseline 0.004 -13"><span class='ocrx_word' id='word_1_281' title='bbox 1038 382 1110 411; x_wconf 80' lang='grc' dir='ltr'>κάτω</span> <span class='ocrx_word' id='word_1_282' title='bbox 1130 385 1143 412; x_wconf 82' lang='grc' dir='ltr'>ὁ</span> <span class='ocrx_word' id='word_1_283' title='bbox 1161 384 1228 415; x_wconf 78' lang='grc' dir='ltr'>Θεὸς</span> <span class='ocrx_word' id='word_1_284' title='bbox 1242 384 1303 423; x_wconf 82' lang='grc' dir='ltr'>περὶ</span> <span class='ocrx_word' id='word_1_285' title='bbox 1317 386 1364 418; x_wconf 67' lang='grc' dir='ltr'>τῆς</span> <span class='ocrx_word' id='word_1_286' title='bbox 1383 384 1436 412; x_wconf 79' lang='grc' dir='ltr'>ἅνω</span> <span class='ocrx_word' id='word_1_287' title='bbox 1459 385 1608 424; x_wconf 70' lang='grc' dir='ltr'>διαλέγεται</span> <span class='ocrx_word' id='word_1_288' title='bbox 1624 385 1724 418; x_wconf 78' lang='grc' dir='ltr'>πόλεως</span> <span class='ocrx_word' id='word_1_289' title='bbox 1735 408 1743 421; x_wconf 90' lang='grc'>,</span> <span class='ocrx_word' id='word_1_290' title='bbox 1757 387 1801 414; x_wconf 77' lang='grc' dir='ltr'>καὶ</span> 
     </span>
     <span class='ocr_line' id='line_1_40' title="bbox 1036 425 1802 467; baseline 0.007 -12"><span class='ocrx_word' id='word_1_291' title='bbox 1036 427 1082 461; x_wconf 71' lang='grc' dir='ltr'>τὴν</span> <span class='ocrx_word' id='word_1_292' title='bbox 1113 429 1225 457; x_wconf 73' lang='grc' dir='ltr'>ἐνταῦθα</span> <span class='ocrx_word' id='word_1_293' title='bbox 1251 431 1389 467; x_wconf 74' lang='grc' dir='ltr'>ζητοῦμεν.</span> <span class='ocrx_word' id='word_1_294' title='bbox 1419 425 1500 459; x_wconf 67' lang='grc' dir='ltr'>Εἶπεν</span> <span class='ocrx_word' id='word_1_295' title='bbox 1528 432 1629 466; x_wconf 71' lang='grc' dir='ltr'>αὐτοῖς,</span> <span class='ocrx_word' id='word_1_296' title='bbox 1656 431 1697 459; x_wconf 80' lang='grc' dir='ltr'>ὅτι</span> <span class='ocrx_word' id='word_1_297' title='bbox 1726 431 1802 460; x_wconf 80' lang='grc' dir='ltr'>δώσω</span> 
     </span>
     <span class='ocr_line' id='line_1_41' title="bbox 1035 471 1802 513; baseline 0.004 -12"><span class='ocrx_word' id='word_1_298' title='bbox 1035 475 1096 510; x_wconf 83' lang='grc' dir='ltr'>ὑμῖν</span> <span class='ocrx_word' id='word_1_299' title='bbox 1120 474 1154 502; x_wconf 78' lang='grc' dir='ltr'>τὰ</span> <span class='ocrx_word' id='word_1_300' title='bbox 1178 475 1205 502; x_wconf 81' lang='grc' dir='ltr'>ἐν</span> <span class='ocrx_word' id='word_1_301' title='bbox 1230 476 1266 513; x_wconf 80' lang='grc' dir='ltr'>τῷ</span> <span class='ocrx_word' id='word_1_302' title='bbox 1293 475 1404 513; x_wconf 77' lang='grc' dir='ltr'>παρόντι</span> <span class='ocrx_word' id='word_1_303' title='bbox 1415 487 1420 492; x_wconf 92' lang='grc'><em>·</em></span> <span class='ocrx_word' id='word_1_304' title='bbox 1453 475 1543 510; x_wconf 71' lang='grc' dir='ltr'>ἐπειδὴ</span> <span class='ocrx_word' id='word_1_305' title='bbox 1571 476 1597 504; x_wconf 81' lang='grc' dir='ltr'>δὲ</span> <span class='ocrx_word' id='word_1_306' title='bbox 1632 471 1682 504; x_wconf 67' lang='grc' dir='ltr'>εἶδε</span> <span class='ocrx_word' id='word_1_307' title='bbox 1694 499 1700 511; x_wconf 90' lang='grc'>,</span> <span class='ocrx_word' id='word_1_308' title='bbox 1730 477 1802 513; x_wconf 83' lang='grc' dir='ltr'>μᾶλ-</span> 
     </span>
     <span class='ocr_line' id='line_1_42' title="bbox 1034 518 1803 558; baseline 0.005 -12"><span class='ocrx_word' id='word_1_309' title='bbox 1034 519 1078 546; x_wconf 82' lang='grc' dir='ltr'>λον</span> <span class='ocrx_word' id='word_1_310' title='bbox 1107 518 1133 547; x_wconf 79' lang='grc' dir='ltr'>δὲ</span> <span class='ocrx_word' id='word_1_311' title='bbox 1162 520 1251 554; x_wconf 74' lang='grc' dir='ltr'>ἐπειδὴ</span> <span class='ocrx_word' id='word_1_312' title='bbox 1282 519 1400 553; x_wconf 67' lang='grc' dir='ltr'>ι’ἔδειξόιν</span> <span class='ocrx_word' id='word_1_313' title='bbox 1431 520 1538 553; x_wconf 67' lang='grc' dir='ltr'>ἑαυτοὺς</span> <span class='ocrx_word' id='word_1_314' title='bbox 1571 521 1695 558; x_wconf 74' lang='grc' dir='ltr'>μειζόνων</span> <span class='ocrx_word' id='word_1_315' title='bbox 1726 521 1803 555; x_wconf 80' lang='grc' dir='ltr'>ὄντας</span> 
     </span>
     <span class='ocr_line' id='line_1_43' title="bbox 1034 563 1801 605; baseline 0.005 -13"><span class='ocrx_word' id='word_1_316' title='bbox 1034 563 1133 600; x_wconf 77' lang='grc' dir='ltr'>ἀξίους,</span> <span class='ocrx_word' id='word_1_317' title='bbox 1148 565 1206 593; x_wconf 81' lang='grc' dir='ltr'>τότε</span> <span class='ocrx_word' id='word_1_318' title='bbox 1220 566 1304 594; x_wconf 81' lang='grc' dir='ltr'>οὐκέτι</span> <span class='ocrx_word' id='word_1_319' title='bbox 1322 566 1412 599; x_wconf 71' lang='grc' dir='ltr'>αὐτοὺς</span> <span class='ocrx_word' id='word_1_320' title='bbox 1425 566 1517 605; x_wconf 67' lang='grc' dir='ltr'>ἀφίησι</span> <span class='ocrx_word' id='word_1_321' title='bbox 1531 569 1616 595; x_wconf 67' lang='grc' dir='ltr'>ταῦτα</span> <span class='ocrx_word' id='word_1_322' title='bbox 1629 567 1730 603; x_wconf 51' lang='lat' dir='ltr'>honesti),</span> <span class='ocrx_word' id='word_1_323' title='bbox 1743 569 1801 596; x_wconf 82' lang='grc' dir='ltr'>ἀλλ’</span> 
     </span>
     <span class='ocr_line' id='line_1_44' title="bbox 1035 611 1801 651; baseline 0.005 -14"><span class='ocrx_word' id='word_1_324' title='bbox 1035 611 1121 638; x_wconf 77' lang='grc' dir='ltr'>ἐκεῖνα</span> <span class='ocrx_word' id='word_1_325' title='bbox 1134 611 1167 639; x_wconf 86' lang='grc' dir='ltr'>τὰ</span> <span class='ocrx_word' id='word_1_326' title='bbox 1183 611 1303 649; x_wconf 76' lang='grc' dir='ltr'>μείζονα,</span> <span class='ocrx_word' id='word_1_327' title='bbox 1321 611 1475 649; x_wconf 84' lang='grc' dir='ltr'>βουλόμενος</span> <span class='ocrx_word' id='word_1_328' title='bbox 1495 614 1558 649; x_wconf 82' lang='grc' dir='ltr'>ἡμῖν</span> <span class='ocrx_word' id='word_1_329' title='bbox 1582 613 1663 646; x_wconf 76' lang='grc' dir='ltr'>δεῖξαι</span> <span class='ocrx_word' id='word_1_330' title='bbox 1682 612 1721 641; x_wconf 80' lang='grc' dir='ltr'>ὅτι</span> <span class='ocrx_word' id='word_1_331' title='bbox 1741 624 1801 651; x_wconf 84' lang='grc' dir='ltr'>μει-</span> 
     </span>
     <span class='ocr_line' id='line_1_45' title="bbox 1035 656 1801 697; baseline 0.005 -14"><span class='ocrx_word' id='word_1_332' title='bbox 1035 656 1113 688; x_wconf 74' lang='grc' dir='ltr'>ζόνων</span> <span class='ocrx_word' id='word_1_333' title='bbox 1137 656 1204 689; x_wconf 81' lang='grc' dir='ltr'>ἄξιοί</span> <span class='ocrx_word' id='word_1_334' title='bbox 1224 658 1289 691; x_wconf 79' lang='grc' dir='ltr'>εἶσι,</span> <span class='ocrx_word' id='word_1_335' title='bbox 1311 657 1346 694; x_wconf 72' lang='grc' dir='ltr'>μὴ</span> <span class='ocrx_word' id='word_1_336' title='bbox 1371 657 1526 692; x_wconf 71' lang='grc' dir='ltr'>θελήσαντες</span> <span class='ocrx_word' id='word_1_337' title='bbox 1547 658 1723 697; x_wconf 76' lang='grc' dir='ltr'>προσδεῦἧναι</span> <span class='ocrx_word' id='word_1_338' title='bbox 1742 658 1801 687; x_wconf 77' lang='grc' dir='ltr'>τοῦ-</span> 
     </span>
     <span class='ocr_line' id='line_1_46' title="bbox 1034 703 1801 743; baseline 0.003 -13"><span class='ocrx_word' id='word_1_339' title='bbox 1034 713 1101 733; x_wconf 86' lang='grc' dir='ltr'>τοις·</span> <span class='ocrx_word' id='word_1_340' title='bbox 1117 704 1152 735; x_wconf 80' lang='grc' dir='ltr'>ὡς</span> <span class='ocrx_word' id='word_1_341' title='bbox 1166 703 1196 731; x_wconf 84' lang='grc' dir='ltr'>ἄν</span> <span class='ocrx_word' id='word_1_342' title='bbox 1211 715 1249 735; x_wconf 88' lang='grc' dir='ltr'>τις</span> <span class='ocrx_word' id='word_1_343' title='bbox 1271 705 1386 741; x_wconf 55' lang='lat' dir='ltr'>‘cous-rifi</span> <span class='ocrx_word' id='word_1_344' title='bbox 1406 703 1594 741; x_wconf 79' lang='grc' dir='ltr'>ἐπαγγέλλοιτο</span> <span class='ocrx_word' id='word_1_345' title='bbox 1608 703 1719 732; x_wconf 76' lang='grc' dir='ltr'>παιδικὰ</span> <span class='ocrx_word' id='word_1_346' title='bbox 1729 725 1737 738; x_wconf 89' lang='grc'>,</span> <span class='ocrx_word' id='word_1_347' title='bbox 1752 706 1801 743; x_wconf 79' lang='grc' dir='ltr'>οὐχ</span> 
     </span>
     <span class='ocr_line' id='line_1_47' title="bbox 1033 747 1795 788; baseline 0.005 -13"><span class='ocrx_word' id='word_1_348' title='bbox 1033 747 1075 776; x_wconf 80' lang='grc' dir='ltr'>ἵνα</span> <span class='ocrx_word' id='word_1_349' title='bbox 1085 748 1154 787; x_wconf 74' lang='grc' dir='ltr'>λάὸῃ</span> <span class='ocrx_word' id='word_1_350' title='bbox 1163 769 1170 782; x_wconf 88' lang='grc'>,</span> <span class='ocrx_word' id='word_1_351' title='bbox 1184 750 1242 777; x_wconf 76' lang='grc' dir='ltr'>ἀλλ’</span> <span class='ocrx_word' id='word_1_352' title='bbox 1255 749 1464 786; x_wconf 76' lang='grc' dir='ltr'>ἐπιδεικνύμενος</span> <span class='ocrx_word' id='word_1_353' title='bbox 1478 750 1555 779; x_wconf 70' lang='grc' dir='ltr'>αὐτοῦ</span> <span class='ocrx_word' id='word_1_354' title='bbox 1566 749 1614 784; x_wconf 77' lang='grc' dir='ltr'>τὴν</span> <span class='ocrx_word' id='word_1_355' title='bbox 1630 749 1795 788; x_wconf 69' lang='grc' dir='ltr'>φιλοσοφίαν,</span> 
     </span>
     <span class='ocr_line' id='line_1_48' title="bbox 1034 794 1799 834; baseline 0.004 -13"><span class='ocrx_word' id='word_1_356' title='bbox 1034 794 1166 826; x_wconf 73' lang='grc' dir='ltr'>αἰτοῦντος</span> <span class='ocrx_word' id='word_1_357' title='bbox 1177 794 1274 823; x_wconf 76' lang='grc' dir='ltr'>ἐκείνου</span> <span class='ocrx_word' id='word_1_358' title='bbox 1286 794 1319 822; x_wconf 87' lang='grc' dir='ltr'>τὰ</span> <span class='ocrx_word' id='word_1_359' title='bbox 1334 795 1447 832; x_wconf 71' lang='grc' dir='ltr'>μείζονα.</span> <span class='ocrx_word' id='word_1_360' title='bbox 1460 796 1545 824; x_wconf 67' lang='grc' dir='ltr'>Τοῦτο</span> <span class='ocrx_word' id='word_1_361' title='bbox 1555 795 1605 834; x_wconf 84' lang='grc' dir='ltr'>γάρ</span> <span class='ocrx_word' id='word_1_362' title='bbox 1616 796 1671 824; x_wconf 78' lang='grc' dir='ltr'>ἔστι</span> <span class='ocrx_word' id='word_1_363' title='bbox 1685 795 1799 824; x_wconf 79' lang='grc' dir='ltr'>δεικνύν-</span> 
     </span>
    </p>
   </div>
   <div class='ocr_carea' id='block_1_9' title="bbox 1009 839 1800 879">
    <p class='ocr_par' dir='ltr' id='par_1_9' title="bbox 1009 839 1800 879">
     <span class='ocr_line' id='line_1_49' title="bbox 1009 839 1800 879; baseline 0.004 -13"><span class='ocrx_word' id='word_1_364' title='bbox 1009 858 1014 865; x_wconf 78' lang='grc'><em>,</em></span> <span class='ocrx_word' id='word_1_365' title='bbox 1033 851 1090 873; x_wconf 83' lang='grc' dir='ltr'>τος,</span> <span class='ocrx_word' id='word_1_366' title='bbox 1107 839 1146 867; x_wconf 73' lang='grc' dir='ltr'>ὅτι</span> <span class='ocrx_word' id='word_1_367' title='bbox 1162 839 1228 877; x_wconf 81' lang='grc' dir='ltr'>μετὰ</span> <span class='ocrx_word' id='word_1_368' title='bbox 1244 840 1373 875; x_wconf 76' lang='grc' dir='ltr'>τοσαύτης</span> <span class='ocrx_word' id='word_1_369' title='bbox 1387 841 1501 875; x_wconf 78' lang='grc' dir='ltr'>σπουδῆς</span> <span class='ocrx_word' id='word_1_370' title='bbox 1516 841 1657 879; x_wconf 60' lang='grc' dir='ltr'>ἀπείχοντο</span> <span class='ocrx_word' id='word_1_371' title='bbox 1676 843 1722 875; x_wconf 73' lang='grc' dir='ltr'>τῆς</span> <span class='ocrx_word' id='word_1_372' title='bbox 1737 842 1800 879; x_wconf 73' lang='grc' dir='ltr'>γῆς,</span> 
     </span>
    </p>
   </div>
   <div class='ocr_carea' id='block_1_10' title="bbox 1027 885 1799 1652">
    <p class='ocr_par' dir='ltr' id='par_1_10' title="bbox 1027 885 1799 1652">
     <span class='ocr_line' id='line_1_50' title="bbox 1033 885 1799 924; baseline 0.001 -10"><span class='ocrx_word' id='word_1_373' title='bbox 1033 886 1072 913; x_wconf 77' lang='grc' dir='ltr'>ὅτι</span> <span class='ocrx_word' id='word_1_374' title='bbox 1087 885 1143 914; x_wconf 70' lang='grc' dir='ltr'>οὐδὲ</span> <span class='ocrx_word' id='word_1_375' title='bbox 1163 886 1285 923; x_wconf 75' lang='grc' dir='ltr'>διδόμενα</span> <span class='ocrx_word' id='word_1_376' title='bbox 1299 886 1455 924; x_wconf 68' lang='grc' dir='ltr'>ἐλάμέανον.</span> <span class='ocrx_word' id='word_1_377' title='bbox 1468 888 1614 924; x_wconf 73' lang='grc' dir='ltr'>Τοιγαροῦν</span> <span class='ocrx_word' id='word_1_378' title='bbox 1631 885 1673 914; x_wconf 79' lang='grc' dir='ltr'>διὰ</span> <span class='ocrx_word' id='word_1_379' title='bbox 1688 888 1765 915; x_wconf 73' lang='grc' dir='ltr'>τοῦτο</span> <span class='ocrx_word' id='word_1_380' title='bbox 1775 888 1799 915; x_wconf 79' lang='grc' dir='ltr'>οἱ</span> 
     </span>
     <span class='ocr_line' id='line_1_51' title="bbox 1032 927 1797 971; baseline 0.001 -12"><span class='ocrx_word' id='word_1_381' title='bbox 1032 930 1132 968; x_wconf 80' lang='grc' dir='ltr'>ἔκγονοι</span> <span class='ocrx_word' id='word_1_382' title='bbox 1147 931 1327 969; x_wconf 68' lang='grc' dir='ltr'>λαμὸάνουσιν</span> <span class='ocrx_word' id='word_1_383' title='bbox 1338 943 1344 949; x_wconf 90' lang='grc'><em>·</em></span> <span class='ocrx_word' id='word_1_384' title='bbox 1363 931 1436 960; x_wconf 78' lang='grc' dir='ltr'>αὐτοὶ</span> <span class='ocrx_word' id='word_1_385' title='bbox 1451 930 1502 971; x_wconf 77' lang='grc' dir='ltr'>γὰρ</span> <span class='ocrx_word' id='word_1_386' title='bbox 1517 927 1584 966; x_wconf 61' lang='grc' dir='ltr'>ἦσαν</span> <span class='ocrx_word' id='word_1_387' title='bbox 1597 933 1643 966; x_wconf 71' lang='grc' dir='ltr'>τῆς</span> <span class='ocrx_word' id='word_1_388' title='bbox 1657 932 1706 969; x_wconf 73' lang='grc' dir='ltr'>γῆς</span> <span class='ocrx_word' id='word_1_389' title='bbox 1722 931 1797 964; x_wconf 82' lang='grc' dir='ltr'>ἄξιοι.</span> 
     </span>
     <span class='ocr_line' id='line_1_52' title="bbox 1031 973 1798 1016; baseline 0.003 -11"><span class='ocrx_word' id='word_1_390' title='bbox 1031 976 1066 1005; x_wconf 85' lang='grc' dir='ltr'>Τί</span> <span class='ocrx_word' id='word_1_391' title='bbox 1082 978 1153 1012; x_wconf 80' lang='grc' dir='ltr'>ἐστι,</span> <span class='ocrx_word' id='word_1_392' title='bbox 1170 977 1227 1012; x_wconf 76' lang='grc' dir='ltr'>Τὴν</span> <span class='ocrx_word' id='word_1_393' title='bbox 1252 977 1309 1009; x_wconf 72' lang='grc' dir='ltr'>τοὺς</span> <span class='ocrx_word' id='word_1_394' title='bbox 1334 977 1468 1015; x_wconf 74' lang='grc' dir='ltr'>Οεμελίσυς</span> <span class='ocrx_word' id='word_1_395' title='bbox 1482 977 1592 1016; x_wconf 74' lang='grc' dir='ltr'>ἔχουσαν</span> <span class='ocrx_word' id='word_1_396' title='bbox 1617 977 1706 1014; x_wconf 74' lang='grc' dir='ltr'>πόλιν;</span> <span class='ocrx_word' id='word_1_397' title='bbox 1727 973 1798 1007; x_wconf 65' lang='grc' dir='ltr'>οὗτοι</span> 
     </span>
     <span class='ocr_line' id='line_1_53' title="bbox 1030 1020 1797 1061; baseline 0.003 -12"><span class='ocrx_word' id='word_1_398' title='bbox 1030 1020 1081 1059; x_wconf 83' lang='grc' dir='ltr'>γὰρ</span> <span class='ocrx_word' id='word_1_399' title='bbox 1102 1023 1147 1050; x_wconf 81' lang='grc' dir='ltr'>οὐκ</span> <span class='ocrx_word' id='word_1_400' title='bbox 1163 1022 1212 1050; x_wconf 80' lang='grc' dir='ltr'>εἶσὶ</span> <span class='ocrx_word' id='word_1_401' title='bbox 1227 1022 1359 1059; x_wconf 78' lang='grc' dir='ltr'>θεμέλιοι;</span> <span class='ocrx_word' id='word_1_402' title='bbox 1376 1022 1448 1060; x_wconf 74' lang='grc' dir='ltr'>Πρὸς</span> <span class='ocrx_word' id='word_1_403' title='bbox 1472 1022 1608 1061; x_wconf 82' lang='grc' dir='ltr'>σύγκρισιν</span> <span class='ocrx_word' id='word_1_404' title='bbox 1628 1021 1734 1051; x_wconf 81' lang='grc' dir='ltr'>ἐκείνων</span> <span class='ocrx_word' id='word_1_405' title='bbox 1751 1023 1797 1052; x_wconf 79' lang='grc' dir='ltr'>οὒκ</span> 
     </span>
     <span class='ocr_line' id='line_1_54' title="bbox 1031 1062 1796 1105; baseline 0.003 -11"><span class='ocrx_word' id='word_1_406' title='bbox 1031 1066 1106 1095; x_wconf 84' lang='grc' dir='ltr'>εἰσίν.</span> <span class='ocrx_word' id='word_1_407' title='bbox 1121 1062 1173 1099; x_wconf 67' lang='grc' dir='ltr'>ῖΗς</span> <span class='ocrx_word' id='word_1_408' title='bbox 1186 1067 1307 1105; x_wconf 80' lang='grc' dir='ltr'>τεχνίτης</span> <span class='ocrx_word' id='word_1_409' title='bbox 1327 1067 1372 1095; x_wconf 80' lang='grc' dir='ltr'>καὶ</span> <span class='ocrx_word' id='word_1_410' title='bbox 1396 1067 1553 1105; x_wconf 78' lang='grc' dir='ltr'>δημιουργὸς</span> <span class='ocrx_word' id='word_1_411' title='bbox 1566 1069 1580 1095; x_wconf 82' lang='grc' dir='ltr'>ὁ</span> <span class='ocrx_word' id='word_1_412' title='bbox 1594 1067 1670 1100; x_wconf 85' lang='grc' dir='ltr'>Θεός.</span> <span class='ocrx_word' id='word_1_413' title='bbox 1692 1067 1796 1103; x_wconf 75' lang='grc' dir='ltr'>Βαὸαὶ,</span> 
     </span>
     <span class='ocr_line' id='line_1_55' title="bbox 1030 1107 1797 1150; baseline 0.003 -11"><span class='ocrx_word' id='word_1_414' title='bbox 1030 1107 1082 1140; x_wconf 74' lang='grc' dir='ltr'>οἶον</span> <span class='ocrx_word' id='word_1_415' title='bbox 1104 1112 1133 1140; x_wconf 85' lang='grc' dir='ltr'>τὸ</span> <span class='ocrx_word' id='word_1_416' title='bbox 1156 1112 1285 1150; x_wconf 78' lang='grc' dir='ltr'>ἐγκώμιον</span> <span class='ocrx_word' id='word_1_417' title='bbox 1309 1115 1357 1146; x_wconf 73' lang='grc' dir='ltr'>τῆς</span> <span class='ocrx_word' id='word_1_418' title='bbox 1379 1112 1480 1143; x_wconf 78' lang='grc' dir='ltr'>πόλεως</span> <span class='ocrx_word' id='word_1_419' title='bbox 1502 1112 1611 1147; x_wconf 76' lang='grc' dir='ltr'>ἐκείνης.</span> <span class='ocrx_word' id='word_1_420' title='bbox 1637 1112 1730 1141; x_wconf 81' lang='grc' dir='ltr'>Πίστει</span> <span class='ocrx_word' id='word_1_421' title='bbox 1751 1113 1797 1141; x_wconf 80' lang='grc' dir='ltr'>καὶ</span> 
     </span>
     <span class='ocr_line' id='line_1_56' title="bbox 1030 1156 1796 1197; baseline 0.003 -12"><span class='ocrx_word' id='word_1_422' title='bbox 1030 1156 1096 1192; x_wconf 82' lang='grc' dir='ltr'>αὐτὴ</span> <span class='ocrx_word' id='word_1_423' title='bbox 1121 1158 1221 1196; x_wconf 78' lang='grc' dir='ltr'>Σάῤῥα.</span> <span class='ocrx_word' id='word_1_424' title='bbox 1237 1158 1433 1197; x_wconf 78' lang='grc' dir='ltr'>Έντρεπτικῶς</span> <span class='ocrx_word' id='word_1_425' title='bbox 1453 1159 1563 1186; x_wconf 78' lang='grc' dir='ltr'>ἐνταῦθα</span> <span class='ocrx_word' id='word_1_426' title='bbox 1584 1157 1700 1195; x_wconf 77' lang='grc' dir='ltr'>ἤρξατο,</span> <span class='ocrx_word' id='word_1_427' title='bbox 1722 1158 1745 1187; x_wconf 82' lang='grc' dir='ltr'>εἴ</span> <span class='ocrx_word' id='word_1_428' title='bbox 1766 1170 1796 1197; x_wconf 82' lang='grc' dir='ltr'>γε</span> 
     </span>
     <span class='ocr_line' id='line_1_57' title="bbox 1028 1202 1796 1242; baseline 0.001 -12"><span class='ocrx_word' id='word_1_429' title='bbox 1028 1203 1148 1240; x_wconf 80' lang='grc' dir='ltr'>γυναικὸς</span> <span class='ocrx_word' id='word_1_430' title='bbox 1164 1203 1378 1242; x_wconf 70' lang='grc' dir='ltr'>ὀλιγοψυχότεροι</span> <span class='ocrx_word' id='word_1_431' title='bbox 1389 1207 1500 1241; x_wconf 78' lang='grc' dir='ltr'>φανεῖεν.</span> <span class='ocrx_word' id='word_1_432' title='bbox 1516 1202 1585 1230; x_wconf 77' lang='grc' dir='ltr'>Ἀλλ’</span> <span class='ocrx_word' id='word_1_433' title='bbox 1604 1202 1672 1230; x_wconf 81' lang='grc' dir='ltr'>εἴποι</span> <span class='ocrx_word' id='word_1_434' title='bbox 1689 1202 1718 1230; x_wconf 75' lang='grc' dir='ltr'>ἄν</span> <span class='ocrx_word' id='word_1_435' title='bbox 1741 1215 1796 1239; x_wconf 84' lang='grc' dir='ltr'>τις,</span> 
     </span>
     <span class='ocr_line' id='line_1_58' title="bbox 1028 1243 1797 1286; baseline 0 -10"><span class='ocrx_word' id='word_1_436' title='bbox 1028 1250 1084 1280; x_wconf 82' lang='grc' dir='ltr'>πῶς</span> <span class='ocrx_word' id='word_1_437' title='bbox 1107 1248 1188 1283; x_wconf 85' lang='grc' dir='ltr'>πιστὴ</span> <span class='ocrx_word' id='word_1_438' title='bbox 1211 1251 1226 1283; x_wconf 86' lang='grc' dir='ltr'>ἡ</span> <span class='ocrx_word' id='word_1_439' title='bbox 1247 1247 1438 1286; x_wconf 45' lang='lat' dir='ltr'>ystris-wazso</span> <span class='ocrx_word' id='word_1_440' title='bbox 1464 1247 1510 1284; x_wconf 82' lang='grc' dir='ltr'>μὲν</span> <span class='ocrx_word' id='word_1_441' title='bbox 1535 1243 1578 1275; x_wconf 65' lang='grc' dir='ltr'>οὖν</span> <span class='ocrx_word' id='word_1_442' title='bbox 1593 1247 1676 1284; x_wconf 84' lang='grc' dir='ltr'>γέλως</span> <span class='ocrx_word' id='word_1_443' title='bbox 1692 1246 1718 1279; x_wconf 82' lang='grc' dir='ltr'>ἐξ</span> <span class='ocrx_word' id='word_1_444' title='bbox 1736 1249 1797 1276; x_wconf 74' lang='grc' dir='ltr'>ἀπι-</span> 
     </span>
     <span class='ocr_line' id='line_1_59' title="bbox 1029 1292 1795 1332; baseline 0 -10"><span class='ocrx_word' id='word_1_445' title='bbox 1029 1293 1102 1326; x_wconf 84' lang='grc' dir='ltr'>στίας</span> <span class='ocrx_word' id='word_1_446' title='bbox 1113 1317 1120 1329; x_wconf 77' lang='lat'>,</span> <span class='ocrx_word' id='word_1_447' title='bbox 1133 1296 1146 1321; x_wconf 82' lang='grc' dir='ltr'>ὁ</span> <span class='ocrx_word' id='word_1_448' title='bbox 1159 1294 1185 1322; x_wconf 79' lang='grc' dir='ltr'>δὲ</span> <span class='ocrx_word' id='word_1_449' title='bbox 1200 1293 1278 1332; x_wconf 65' lang='grc' dir='ltr'>φόέος</span> <span class='ocrx_word' id='word_1_450' title='bbox 1298 1293 1350 1320; x_wconf 81' lang='grc' dir='ltr'>ἀπὸ</span> <span class='ocrx_word' id='word_1_451' title='bbox 1370 1292 1498 1325; x_wconf 81' lang='grc' dir='ltr'>πίστεως·</span> <span class='ocrx_word' id='word_1_452' title='bbox 1514 1292 1543 1321; x_wconf 75' lang='grc' dir='ltr'>τὸ</span> <span class='ocrx_word' id='word_1_453' title='bbox 1561 1292 1611 1331; x_wconf 81' lang='grc' dir='ltr'>γὰρ</span> <span class='ocrx_word' id='word_1_454' title='bbox 1633 1294 1723 1328; x_wconf 80' lang='grc' dir='ltr'>εἰπεῖν,</span> <span class='ocrx_word' id='word_1_455' title='bbox 1736 1293 1795 1322; x_wconf 81' lang='grc' dir='ltr'>Οὐκ</span> 
     </span>
     <span class='ocr_line' id='line_1_60' title="bbox 1029 1337 1794 1376; baseline 0 -10"><span class='ocrx_word' id='word_1_456' title='bbox 1029 1339 1155 1376; x_wconf 70' lang='grc' dir='ltr'>ἐγέλασα,</span> <span class='ocrx_word' id='word_1_457' title='bbox 1171 1339 1223 1367; x_wconf 82' lang='grc' dir='ltr'>ἀπὸ</span> <span class='ocrx_word' id='word_1_458' title='bbox 1238 1338 1349 1370; x_wconf 82' lang='grc' dir='ltr'>πίστεως</span> <span class='ocrx_word' id='word_1_459' title='bbox 1371 1337 1469 1375; x_wconf 76' lang='grc' dir='ltr'>γέγονε.</span> <span class='ocrx_word' id='word_1_460' title='bbox 1482 1339 1628 1376; x_wconf 75' lang='grc' dir='ltr'>Τοιγαροῦν</span> <span class='ocrx_word' id='word_1_461' title='bbox 1645 1338 1688 1366; x_wconf 76' lang='grc' dir='ltr'>διὰ</span> <span class='ocrx_word' id='word_1_462' title='bbox 1707 1341 1794 1375; x_wconf 74' lang='grc' dir='ltr'>τοῦτο,</span> 
     </span>
     <span class='ocr_line' id='line_1_61' title="bbox 1029 1383 1793 1419; baseline 0 -7"><span class='ocrx_word' id='word_1_463' title='bbox 1029 1384 1183 1419; x_wconf 78' lang='grc' dir='ltr'>κενωθείσης</span> <span class='ocrx_word' id='word_1_464' title='bbox 1197 1386 1244 1418; x_wconf 66' lang='grc' dir='ltr'>τῆς</span> <span class='ocrx_word' id='word_1_465' title='bbox 1258 1383 1395 1418; x_wconf 76' lang='grc' dir='ltr'>ἀπιστίας,</span> <span class='ocrx_word' id='word_1_466' title='bbox 1416 1384 1569 1418; x_wconf 74' lang='grc' dir='ltr'>ἐπεισῆλθεν</span> <span class='ocrx_word' id='word_1_467' title='bbox 1592 1386 1608 1419; x_wconf 86' lang='grc' dir='ltr'>ἡ</span> <span class='ocrx_word' id='word_1_468' title='bbox 1632 1383 1728 1416; x_wconf 83' lang='grc' dir='ltr'>πίστις.</span> <span class='ocrx_word' id='word_1_469' title='bbox 1742 1383 1793 1412; x_wconf 71' lang='grc' dir='ltr'>Πί-</span> 
     </span>
     <span class='ocr_line' id='line_1_62' title="bbox 1029 1428 1793 1468; baseline 0 -10"><span class='ocrx_word' id='word_1_470' title='bbox 1029 1441 1085 1458; x_wconf 83' lang='grc' dir='ltr'>στει</span> <span class='ocrx_word' id='word_1_471' title='bbox 1100 1429 1144 1458; x_wconf 81' lang='grc' dir='ltr'>καὶ</span> <span class='ocrx_word' id='word_1_472' title='bbox 1160 1429 1224 1464; x_wconf 78' lang='grc' dir='ltr'>αὐτὴ</span> <span class='ocrx_word' id='word_1_473' title='bbox 1239 1429 1331 1468; x_wconf 71' lang='grc' dir='ltr'>Σοίῤῥα</span> <span class='ocrx_word' id='word_1_474' title='bbox 1346 1428 1457 1467; x_wconf 79' lang='grc' dir='ltr'>δύναμιν</span> <span class='ocrx_word' id='word_1_475' title='bbox 1477 1430 1512 1462; x_wconf 87' lang='grc' dir='ltr'>εἷς</span> <span class='ocrx_word' id='word_1_476' title='bbox 1535 1429 1686 1465; x_wconf 50' lang='lat' dir='ltr'>muffet-&gt;iv</span> <span class='ocrx_word' id='word_1_477' title='bbox 1712 1429 1793 1468; x_wconf 80' lang='grc' dir='ltr'>σπέρ-</span> 
     </span>
     <span class='ocr_line' id='line_1_63' title="bbox 1029 1473 1792 1513; baseline 0.003 -11"><span class='ocrx_word' id='word_1_478' title='bbox 1029 1486 1109 1511; x_wconf 82' lang='grc' dir='ltr'>ματος</span> <span class='ocrx_word' id='word_1_479' title='bbox 1119 1474 1209 1509; x_wconf 65' lang='grc' dir='ltr'>ἔλαὲῗε,</span> <span class='ocrx_word' id='word_1_480' title='bbox 1223 1474 1268 1503; x_wconf 75' lang='grc' dir='ltr'>καὶ</span> <span class='ocrx_word' id='word_1_481' title='bbox 1277 1473 1350 1513; x_wconf 65' lang='grc' dir='ltr'>παρὰ</span> <span class='ocrx_word' id='word_1_482' title='bbox 1361 1474 1450 1513; x_wconf 78' lang='grc' dir='ltr'>καιρὸν</span> <span class='ocrx_word' id='word_1_483' title='bbox 1462 1474 1566 1508; x_wconf 73' lang='grc' dir='ltr'>ἡλικίας</span> <span class='ocrx_word' id='word_1_484' title='bbox 1576 1474 1657 1503; x_wconf 79' lang='grc' dir='ltr'>ἔτεκε.</span> <span class='ocrx_word' id='word_1_485' title='bbox 1668 1474 1792 1510; x_wconf 79' lang='grc' dir='ltr'>Τίέστιν,</span> 
     </span>
     <span class='ocr_line' id='line_1_64' title="bbox 1027 1519 1792 1559; baseline 0 -11"><span class='ocrx_word' id='word_1_486' title='bbox 1027 1520 1075 1552; x_wconf 75' lang='grc' dir='ltr'>Εἷς</span> <span class='ocrx_word' id='word_1_487' title='bbox 1098 1519 1247 1554; x_wconf 63' lang='grc' dir='ltr'>καταδολῆν</span> <span class='ocrx_word' id='word_1_488' title='bbox 1277 1519 1445 1558; x_wconf 73' lang='grc' dir='ltr'>σπέρματος,</span> <span class='ocrx_word' id='word_1_489' title='bbox 1470 1520 1518 1552; x_wconf 83' lang='grc' dir='ltr'>Εἷς</span> <span class='ocrx_word' id='word_1_490' title='bbox 1540 1519 1570 1548; x_wconf 80' lang='grc' dir='ltr'>τὸ</span> <span class='ocrx_word' id='word_1_491' title='bbox 1595 1524 1740 1559; x_wconf 79' lang='grc' dir='ltr'>κατασχεῖν</span> <span class='ocrx_word' id='word_1_492' title='bbox 1762 1520 1792 1550; x_wconf 84' lang='grc' dir='ltr'>τὸ</span> 
     </span>
     <span class='ocr_line' id='line_1_65' title="bbox 1027 1564 1791 1604; baseline 0 -10"><span class='ocrx_word' id='word_1_493' title='bbox 1027 1565 1144 1603; x_wconf 82' lang='grc' dir='ltr'>σπέρμα,</span> <span class='ocrx_word' id='word_1_494' title='bbox 1156 1567 1192 1598; x_wconf 81' lang='grc' dir='ltr'>εἷς</span> <span class='ocrx_word' id='word_1_495' title='bbox 1202 1565 1334 1604; x_wconf 68' lang='grc' dir='ltr'>ὑποδοχὴν</span> <span class='ocrx_word' id='word_1_496' title='bbox 1347 1564 1455 1603; x_wconf 77' lang='grc' dir='ltr'>δύναμιν</span> <span class='ocrx_word' id='word_1_497' title='bbox 1469 1565 1561 1593; x_wconf 70' lang='grc' dir='ltr'>ἔλαὸεν</span> <span class='ocrx_word' id='word_1_498' title='bbox 1573 1568 1589 1601; x_wconf 80' lang='grc' dir='ltr'>ἡ</span> <span class='ocrx_word' id='word_1_499' title='bbox 1601 1565 1791 1604; x_wconf 80' lang='grc' dir='ltr'>νενεκρωμένη,</span> 
     </span>
     <span class='ocr_line' id='line_1_66' title="bbox 1027 1609 1792 1652; baseline 0.001 -10"><span class='ocrx_word' id='word_1_500' title='bbox 1027 1615 1042 1647; x_wconf 84' lang='grc' dir='ltr'>ἡ</span> <span class='ocrx_word' id='word_1_501' title='bbox 1058 1617 1156 1652; x_wconf 82' lang='grc' dir='ltr'>στεῖρα.</span> <span class='ocrx_word' id='word_1_502' title='bbox 1169 1615 1257 1648; x_wconf 81' lang='grc' dir='ltr'>Διπλῆ</span> <span class='ocrx_word' id='word_1_503' title='bbox 1273 1613 1324 1652; x_wconf 79' lang='grc' dir='ltr'>γὰρ</span> <span class='ocrx_word' id='word_1_504' title='bbox 1335 1609 1366 1648; x_wconf 71' lang='grc' dir='ltr'>ἧν</span> <span class='ocrx_word' id='word_1_505' title='bbox 1385 1615 1401 1647; x_wconf 82' lang='grc' dir='ltr'>ἡ</span> <span class='ocrx_word' id='word_1_506' title='bbox 1418 1613 1553 1652; x_wconf 78' lang='grc' dir='ltr'>πήρωσις,</span> <span class='ocrx_word' id='word_1_507' title='bbox 1573 1615 1590 1648; x_wconf 82' lang='grc' dir='ltr'>ἡ</span> <span class='ocrx_word' id='word_1_508' title='bbox 1611 1613 1658 1651; x_wconf 87' lang='grc' dir='ltr'>μὲν</span> <span class='ocrx_word' id='word_1_509' title='bbox 1677 1614 1729 1643; x_wconf 81' lang='grc' dir='ltr'>ἀπὸ</span> <span class='ocrx_word' id='word_1_510' title='bbox 1746 1618 1792 1644; x_wconf 79' lang='grc' dir='ltr'>τοῦ</span> 
     </span>
    </p>
   </div>
   <div class='ocr_carea' id='block_1_11' title="bbox 1063 1710 1668 1745">
    <p class='ocr_par' dir='ltr' id='par_1_11' title="bbox 1063 1710 1668 1745">
     <span class='ocr_line' id='line_1_67' title="bbox 1063 1710 1668 1745; baseline -0.005 -7"><span class='ocrx_word' id='word_1_511' title='bbox 1063 1719 1073 1730; x_wconf 62' lang='lat'>³</span> <span class='ocrx_word' id='word_1_512' title='bbox 1090 1712 1182 1744; x_wconf 61' lang='grc' dir='ltr'>[παιδίῳ</span> <span class='ocrx_word' id='word_1_513' title='bbox 1195 1718 1276 1745; x_wconf 67' lang='grc' dir='ltr'>συνετῷ</span> <span class='ocrx_word' id='word_1_514' title='bbox 1289 1720 1346 1736; x_wconf 85' lang='lat' dir='ltr'>cum</span> <span class='ocrx_word' id='word_1_515' title='bbox 1361 1719 1438 1743; x_wconf 81' lang='lat' dir='ltr'>marg.</span> <span class='ocrx_word' id='word_1_516' title='bbox 1458 1710 1536 1736; x_wconf 81' lang='lat' dir='ltr'>Savil.</span> <span class='ocrx_word' id='word_1_517' title='bbox 1551 1711 1668 1743; x_wconf 59' lang='lat' dir='ltr'>Mutina]</span> 
     </span>
    </p>
   </div>
   <div class='ocr_carea' id='block_1_12' title="bbox 657 1807 1366 1838">
    <p class='ocr_par' dir='ltr' id='par_1_12' title="bbox 657 1807 1366 1838">
     <span class='ocr_line' id='line_1_68' title="bbox 657 1807 1366 1838; baseline 0.003 -2"><span class='ocrx_word' id='word_1_518' title='bbox 657 1807 823 1837; x_wconf 86' lang='lat' dir='ltr'><strong>MUTIANO</strong></span> <span class='ocrx_word' id='word_1_519' title='bbox 843 1807 1094 1838; x_wconf 84' lang='lat' dir='ltr'><strong>SCHOLASTICO</strong></span> <span class='ocrx_word' id='word_1_520' title='bbox 1116 1809 1366 1838; x_wconf 85' lang='lat' dir='ltr'>INTERPRETE.</span> 
     </span>
    </p>
   </div>
   <div class='ocr_carea' id='block_1_13' title="bbox 228 1900 1789 2599">
    <p class='ocr_par' dir='ltr' id='par_1_13' title="bbox 228 1900 1789 2599">
     <span class='ocr_line' id='line_1_69' title="bbox 234 1900 1785 1942; baseline 0.001 -13"><span class='ocrx_word' id='word_1_521' title='bbox 234 1900 283 1929; x_wconf 80' lang='lat' dir='ltr'>lioc</span> <span class='ocrx_word' id='word_1_522' title='bbox 298 1900 377 1929; x_wconf 88' lang='lat' dir='ltr'>fiebat</span> <span class='ocrx_word' id='word_1_523' title='bbox 389 1900 402 1929; x_wconf 74' lang='lat'>¹?</span> <span class='ocrx_word' id='word_1_524' title='bbox 414 1901 451 1930; x_wconf 89' lang='lat' dir='ltr'>Ut</span> <span class='ocrx_word' id='word_1_525' title='bbox 467 1911 514 1929; x_wconf 91' lang='lat' dir='ltr'>nos</span> <span class='ocrx_word' id='word_1_526' title='bbox 528 1901 732 1935; x_wconf 85' lang='lat' dir='ltr'>erubescamus,</span> <span class='ocrx_word' id='word_1_527' title='bbox 750 1901 816 1940; x_wconf 83' lang='lat' dir='ltr'>quia</span> <span class='ocrx_word' id='word_1_528' title='bbox 834 1901 875 1930; x_wconf 92' lang='lat' dir='ltr'>illi</span> <span class='ocrx_word' id='word_1_529' title='bbox 899 1902 1008 1940; x_wconf 87' lang='lat' dir='ltr'>quidem</span> <span class='ocrx_word' id='word_1_530' title='bbox 1022 1902 1273 1942; x_wconf 78' lang='lat' dir='ltr'>repromissionibus</span> <span class='ocrx_word' id='word_1_531' title='bbox 1297 1902 1324 1930; x_wconf 91' lang='lat' dir='ltr'>in</span> <span class='ocrx_word' id='word_1_532' title='bbox 1341 1908 1425 1930; x_wconf 83' lang='lat' dir='ltr'>terrra</span> <span class='ocrx_word' id='word_1_533' title='bbox 1438 1902 1515 1931; x_wconf 84' lang='lat' dir='ltr'>sactis</span> <span class='ocrx_word' id='word_1_534' title='bbox 1530 1912 1584 1931; x_wconf 89' lang='lat' dir='ltr'>non</span> <span class='ocrx_word' id='word_1_535' title='bbox 1598 1901 1785 1939; x_wconf 83' lang='lat' dir='ltr'>attendebant,</span> 
     </span>
     <span class='ocr_line' id='line_1_70' title="bbox 231 1947 1789 1988; baseline 0.001 -12"><span class='ocrx_word' id='word_1_536' title='bbox 231 1947 278 1976; x_wconf 76' lang='lat' dir='ltr'>sed</span> <span class='ocrx_word' id='word_1_537' title='bbox 293 1949 410 1976; x_wconf 77' lang='lat' dir='ltr'>suturam</span> <span class='ocrx_word' id='word_1_538' title='bbox 424 1948 559 1977; x_wconf 87' lang='lat' dir='ltr'>civitatem</span> <span class='ocrx_word' id='word_1_539' title='bbox 573 1948 743 1986; x_wconf 81' lang='lat' dir='ltr'>requirebant</span> <span class='ocrx_word' id='word_1_540' title='bbox 756 1960 762 1976; x_wconf 92' lang='lat'><strong>:</strong></span> <span class='ocrx_word' id='word_1_541' title='bbox 775 1949 851 1978; x_wconf 88' lang='lat' dir='ltr'>nobis</span> <span class='ocrx_word' id='word_1_542' title='bbox 864 1956 952 1978; x_wconf 85' lang='lat' dir='ltr'>autem</span> <span class='ocrx_word' id='word_1_543' title='bbox 966 1960 1072 1978; x_wconf 88' lang='lat' dir='ltr'>sursum</span> <span class='ocrx_word' id='word_1_544' title='bbox 1084 1957 1161 1988; x_wconf 79' lang='lat' dir='ltr'>atque</span> <span class='ocrx_word' id='word_1_545' title='bbox 1172 1949 1301 1978; x_wconf 84' lang='lat' dir='ltr'>deorsum</span> <span class='ocrx_word' id='word_1_546' title='bbox 1314 1951 1387 1978; x_wconf 83' lang='lat' dir='ltr'>Deus</span> <span class='ocrx_word' id='word_1_547' title='bbox 1400 1949 1434 1978; x_wconf 90' lang='lat' dir='ltr'>de</span> <span class='ocrx_word' id='word_1_548' title='bbox 1441 1959 1554 1988; x_wconf 86' lang='lat' dir='ltr'>superna</span> <span class='ocrx_word' id='word_1_549' title='bbox 1563 1949 1684 1987; x_wconf 89' lang='lat' dir='ltr'>loquitur</span> <span class='ocrx_word' id='word_1_550' title='bbox 1695 1948 1789 1978; x_wconf 84' lang='lat' dir='ltr'>civita-</span> 
     </span>
     <span class='ocr_line' id='line_1_71' title="bbox 232 1996 1788 2036; baseline 0 -12"><span class='ocrx_word' id='word_1_551' title='bbox 232 2004 267 2031; x_wconf 85' lang='lat' dir='ltr'>te,</span> <span class='ocrx_word' id='word_1_552' title='bbox 280 2007 326 2024; x_wconf 87' lang='lat' dir='ltr'>nos</span> <span class='ocrx_word' id='word_1_553' title='bbox 339 2003 426 2024; x_wconf 84' lang='lat' dir='ltr'>tamen</span> <span class='ocrx_word' id='word_1_554' title='bbox 441 2002 571 2024; x_wconf 84' lang='lat' dir='ltr'>terrenam</span> <span class='ocrx_word' id='word_1_555' title='bbox 582 1996 735 2034; x_wconf 75' lang='lat' dir='ltr'>quaerimus.</span> <span class='ocrx_word' id='word_1_556' title='bbox 750 1996 828 2025; x_wconf 76' lang='lat' dir='ltr'>Dixit</span> <span class='ocrx_word' id='word_1_557' title='bbox 842 1996 889 2031; x_wconf 87' lang='lat' dir='ltr'>eis,</span> <span class='ocrx_word' id='word_1_558' title='bbox 904 1998 980 2035; x_wconf 84' lang='lat' dir='ltr'>Quia</span> <span class='ocrx_word' id='word_1_559' title='bbox 994 1998 1070 2026; x_wconf 82' lang='lat' dir='ltr'>dabo</span> <span class='ocrx_word' id='word_1_560' title='bbox 1082 1999 1166 2026; x_wconf 83' lang='lat' dir='ltr'>vobis</span> <span class='ocrx_word' id='word_1_561' title='bbox 1181 1999 1335 2036; x_wconf 81' lang='lat' dir='ltr'>proesentia</span> <span class='ocrx_word' id='word_1_562' title='bbox 1349 2008 1357 2024; x_wconf 89' lang='lat'><em>:</em></span> <span class='ocrx_word' id='word_1_563' title='bbox 1370 1997 1498 2035; x_wconf 86' lang='lat' dir='ltr'>quoniam</span> <span class='ocrx_word' id='word_1_564' title='bbox 1508 1997 1618 2026; x_wconf 84' lang='lat' dir='ltr'>videbat</span> <span class='ocrx_word' id='word_1_565' title='bbox 1631 2007 1691 2034; x_wconf 78' lang='lat' dir='ltr'>eos3</span> <span class='ocrx_word' id='word_1_566' title='bbox 1703 1996 1788 2035; x_wconf 84' lang='lat' dir='ltr'>magis</span> 
     </span>
     <span class='ocr_line' id='line_1_72' title="bbox 231 2043 1787 2084; baseline 0 -12"><span class='ocrx_word' id='word_1_567' title='bbox 231 2052 319 2073; x_wconf 82' lang='lat' dir='ltr'>autem</span> <span class='ocrx_word' id='word_1_568' title='bbox 335 2043 399 2082; x_wconf 83' lang='lat' dir='ltr'>quia</span> <span class='ocrx_word' id='word_1_569' title='bbox 417 2044 588 2072; x_wconf 82' lang='lat' dir='ltr'>ostenderunt</span> <span class='ocrx_word' id='word_1_570' title='bbox 600 2044 623 2072; x_wconf 85' lang='lat' dir='ltr'>ei</span> <span class='ocrx_word' id='word_1_571' title='bbox 641 2043 739 2083; x_wconf 87' lang='lat' dir='ltr'>seipsos</span> <span class='ocrx_word' id='word_1_572' title='bbox 754 2044 901 2083; x_wconf 87' lang='lat' dir='ltr'>majoribus</span> <span class='ocrx_word' id='word_1_573' title='bbox 915 2056 972 2074; x_wconf 88' lang='lat' dir='ltr'>esse</span> <span class='ocrx_word' id='word_1_574' title='bbox 985 2045 1098 2083; x_wconf 82' lang='lat' dir='ltr'>dignos,</span> <span class='ocrx_word' id='word_1_575' title='bbox 1116 2056 1167 2074; x_wconf 90' lang='lat' dir='ltr'>non</span> <span class='ocrx_word' id='word_1_576' title='bbox 1183 2056 1226 2074; x_wconf 89' lang='lat' dir='ltr'>eos</span> <span class='ocrx_word' id='word_1_577' title='bbox 1240 2045 1360 2084; x_wconf 82' lang='lat' dir='ltr'>permisit</span> <span class='ocrx_word' id='word_1_578' title='bbox 1374 2045 1432 2073; x_wconf 79' lang='lat' dir='ltr'>haec</span> <span class='ocrx_word' id='word_1_579' title='bbox 1448 2045 1569 2083; x_wconf 83' lang='lat' dir='ltr'>accipere</span> <span class='ocrx_word' id='word_1_580' title='bbox 1580 2067 1587 2080; x_wconf 93' lang='lat'>,</span> <span class='ocrx_word' id='word_1_581' title='bbox 1605 2044 1651 2073; x_wconf 88' lang='lat' dir='ltr'>sed</span> <span class='ocrx_word' id='word_1_582' title='bbox 1664 2044 1711 2072; x_wconf 85' lang='lat' dir='ltr'>illa</span> <span class='ocrx_word' id='word_1_583' title='bbox 1725 2054 1787 2072; x_wconf 86' lang='lat' dir='ltr'>ma-</span> 
     </span>
     <span class='ocr_line' id='line_1_73' title="bbox 228 2089 1786 2130; baseline -0.001 -11"><span class='ocrx_word' id='word_1_584' title='bbox 228 2091 286 2128; x_wconf 81' lang='lat' dir='ltr'>jora</span> <span class='ocrx_word' id='word_1_585' title='bbox 302 2091 339 2119; x_wconf 88' lang='lat' dir='ltr'>eis</span> <span class='ocrx_word' id='word_1_586' title='bbox 352 2090 447 2118; x_wconf 86' lang='lat' dir='ltr'>tribuit</span> <span class='ocrx_word' id='word_1_587' title='bbox 462 2101 468 2116; x_wconf 88' lang='lat'>:</span> <span class='ocrx_word' id='word_1_588' title='bbox 484 2090 561 2118; x_wconf 89' lang='lat' dir='ltr'>nobis</span> <span class='ocrx_word' id='word_1_589' title='bbox 575 2090 667 2119; x_wconf 70' lang='lat' dir='ltr'>volens</span> <span class='ocrx_word' id='word_1_590' title='bbox 684 2089 833 2126; x_wconf 79' lang='lat' dir='ltr'>ostendere,</span> <span class='ocrx_word' id='word_1_591' title='bbox 853 2090 914 2128; x_wconf 89' lang='lat' dir='ltr'>quia</span> <span class='ocrx_word' id='word_1_592' title='bbox 936 2091 1082 2130; x_wconf 87' lang='lat' dir='ltr'>majoribus</span> <span class='ocrx_word' id='word_1_593' title='bbox 1096 2090 1171 2129; x_wconf 82' lang='lat' dir='ltr'>digni</span> <span class='ocrx_word' id='word_1_594' title='bbox 1189 2098 1266 2127; x_wconf 91' lang='lat' dir='ltr'>sunt,</span> <span class='ocrx_word' id='word_1_595' title='bbox 1291 2091 1408 2119; x_wconf 86' lang='lat' dir='ltr'>nolentes</span> <span class='ocrx_word' id='word_1_596' title='bbox 1424 2090 1529 2129; x_wconf 79' lang='lat' dir='ltr'>alligari</span> <span class='ocrx_word' id='word_1_597' title='bbox 1545 2090 1579 2119; x_wconf 85' lang='lat' dir='ltr'>ad</span> <span class='ocrx_word' id='word_1_598' title='bbox 1595 2090 1646 2119; x_wconf 84' lang='lat' dir='ltr'>ista</span> <span class='ocrx_word' id='word_1_599' title='bbox 1661 2097 1764 2119; x_wconf 80' lang='lat' dir='ltr'>terrena</span> <span class='ocrx_word' id='word_1_600' title='bbox 1779 2103 1786 2118; x_wconf 88' lang='lat'>:</span> 
     </span>
     <span class='ocr_line' id='line_1_74' title="bbox 231 2136 1786 2176; baseline 0.001 -12"><span class='ocrx_word' id='word_1_601' title='bbox 231 2137 307 2165; x_wconf 81' lang='lat' dir='ltr'>sicuti</span> <span class='ocrx_word' id='word_1_602' title='bbox 322 2136 455 2175; x_wconf 85' lang='lat' dir='ltr'>quispiam</span> <span class='ocrx_word' id='word_1_603' title='bbox 468 2136 580 2175; x_wconf 86' lang='lat' dir='ltr'>puerulo</span> <span class='ocrx_word' id='word_1_604' title='bbox 595 2136 706 2175; x_wconf 81' lang='lat' dir='ltr'>sapienti</span> <span class='ocrx_word' id='word_1_605' title='bbox 721 2137 858 2175; x_wconf 81' lang='lat' dir='ltr'>promittat</span> <span class='ocrx_word' id='word_1_606' title='bbox 873 2136 1000 2175; x_wconf 87' lang='lat' dir='ltr'>puerilia,</span> <span class='ocrx_word' id='word_1_607' title='bbox 1016 2147 1068 2165; x_wconf 89' lang='lat' dir='ltr'>non</span> <span class='ocrx_word' id='word_1_608' title='bbox 1082 2143 1111 2165; x_wconf 89' lang='lat' dir='ltr'>ut</span> <span class='ocrx_word' id='word_1_609' title='bbox 1124 2137 1255 2176; x_wconf 86' lang='lat' dir='ltr'>accipiat,</span> <span class='ocrx_word' id='word_1_610' title='bbox 1267 2136 1313 2165; x_wconf 84' lang='lat' dir='ltr'>sed</span> <span class='ocrx_word' id='word_1_611' title='bbox 1328 2143 1356 2166; x_wconf 83' lang='lat' dir='ltr'>ut</span> <span class='ocrx_word' id='word_1_612' title='bbox 1371 2137 1493 2165; x_wconf 71' lang='lat' dir='ltr'>ostendat</span> <span class='ocrx_word' id='word_1_613' title='bbox 1508 2137 1564 2176; x_wconf 86' lang='lat' dir='ltr'>ejus</span> <span class='ocrx_word' id='word_1_614' title='bbox 1574 2136 1786 2176; x_wconf 85' lang='lat' dir='ltr'>philosophiam,</span> 
     </span>
     <span class='ocr_line' id='line_1_75' title="bbox 231 2182 1786 2222; baseline 0.001 -12"><span class='ocrx_word' id='word_1_615' title='bbox 231 2183 297 2211; x_wconf 86' lang='lat' dir='ltr'>dum</span> <span class='ocrx_word' id='word_1_616' title='bbox 312 2183 357 2211; x_wconf 87' lang='lat' dir='ltr'>ille</span> <span class='ocrx_word' id='word_1_617' title='bbox 373 2183 474 2222; x_wconf 84' lang='lat' dir='ltr'>majora</span> <span class='ocrx_word' id='word_1_618' title='bbox 488 2182 614 2221; x_wconf 83' lang='lat' dir='ltr'>postulat.</span> <span class='ocrx_word' id='word_1_619' title='bbox 636 2182 693 2211; x_wconf 90' lang='lat' dir='ltr'>Hoc</span> <span class='ocrx_word' id='word_1_620' title='bbox 707 2182 778 2210; x_wconf 89' lang='lat' dir='ltr'>enim</span> <span class='ocrx_word' id='word_1_621' title='bbox 799 2189 837 2210; x_wconf 86' lang='lat' dir='ltr'>est</span> <span class='ocrx_word' id='word_1_622' title='bbox 861 2182 1023 2211; x_wconf 88' lang='lat' dir='ltr'>ostendentis</span> <span class='ocrx_word' id='word_1_623' title='bbox 1036 2183 1100 2221; x_wconf 85' lang='lat' dir='ltr'>quia</span> <span class='ocrx_word' id='word_1_624' title='bbox 1114 2194 1175 2212; x_wconf 90' lang='lat' dir='ltr'>cum</span> <span class='ocrx_word' id='word_1_625' title='bbox 1189 2190 1262 2212; x_wconf 85' lang='lat' dir='ltr'>tanto</span> <span class='ocrx_word' id='word_1_626' title='bbox 1277 2183 1366 2212; x_wconf 86' lang='lat' dir='ltr'>studio</span> <span class='ocrx_word' id='word_1_627' title='bbox 1380 2183 1549 2212; x_wconf 84' lang='lat' dir='ltr'>abducebant</span> <span class='ocrx_word' id='word_1_628' title='bbox 1570 2183 1674 2212; x_wconf 85' lang='lat' dir='ltr'>animos</span> <span class='ocrx_word' id='word_1_629' title='bbox 1694 2194 1756 2213; x_wconf 89' lang='lat' dir='ltr'>suos</span> <span class='ocrx_word' id='word_1_630' title='bbox 1771 2195 1786 2213; x_wconf 83' lang='lat' dir='ltr'>a</span> 
     </span>
     <span class='ocr_line' id='line_1_76' title="bbox 231 2229 1787 2272; baseline 0.001 -13"><span class='ocrx_word' id='word_1_631' title='bbox 231 2238 314 2267; x_wconf 82' lang='lat' dir='ltr'>terra,</span> <span class='ocrx_word' id='word_1_632' title='bbox 328 2230 391 2268; x_wconf 89' lang='lat' dir='ltr'>quia</span> <span class='ocrx_word' id='word_1_633' title='bbox 413 2241 496 2268; x_wconf 86' lang='lat' dir='ltr'>neque</span> <span class='ocrx_word' id='word_1_634' title='bbox 510 2241 568 2268; x_wconf 84' lang='lat' dir='ltr'>quae</span> <span class='ocrx_word' id='word_1_635' title='bbox 583 2229 715 2258; x_wconf 74' lang='lat' dir='ltr'>dabantur</span> <span class='ocrx_word' id='word_1_636' title='bbox 736 2230 909 2269; x_wconf 77' lang='lat' dir='ltr'>accipiebant.</span> <span class='ocrx_word' id='word_1_637' title='bbox 924 2231 1031 2260; x_wconf 87' lang='lat' dir='ltr'>Etenim</span> <span class='ocrx_word' id='word_1_638' title='bbox 1052 2239 1193 2271; x_wconf 82' lang='lat' dir='ltr'>propterea</span> <span class='ocrx_word' id='word_1_639' title='bbox 1207 2239 1314 2271; x_wconf 83' lang='lat' dir='ltr'>nepotes</span> <span class='ocrx_word' id='word_1_640' title='bbox 1339 2242 1431 2260; x_wconf 87' lang='lat' dir='ltr'>eorum</span> <span class='ocrx_word' id='word_1_641' title='bbox 1455 2231 1591 2271; x_wconf 86' lang='lat' dir='ltr'>accipiunt</span> <span class='ocrx_word' id='word_1_642' title='bbox 1604 2243 1610 2259; x_wconf 87' lang='lat'>:</span> <span class='ocrx_word' id='word_1_643' title='bbox 1624 2232 1665 2260; x_wconf 91' lang='lat' dir='ltr'>illi</span> <span class='ocrx_word' id='word_1_644' title='bbox 1686 2232 1787 2272; x_wconf 88' lang='lat' dir='ltr'>quippe</span> 
     </span>
     <span class='ocr_line' id='line_1_77' title="bbox 230 2277 1786 2318; baseline 0.001 -12"><span class='ocrx_word' id='word_1_645' title='bbox 230 2285 304 2306; x_wconf 79' lang='lat' dir='ltr'>crant</span> <span class='ocrx_word' id='word_1_646' title='bbox 319 2285 387 2306; x_wconf 83' lang='lat' dir='ltr'>terra</span> <span class='ocrx_word' id='word_1_647' title='bbox 402 2277 486 2316; x_wconf 78' lang='lat' dir='ltr'>digni.</span> <span class='ocrx_word' id='word_1_648' title='bbox 508 2277 582 2312; x_wconf 90' lang='lat' dir='ltr'>Quid</span> <span class='ocrx_word' id='word_1_649' title='bbox 597 2284 652 2312; x_wconf 89' lang='lat' dir='ltr'>est,</span> <span class='ocrx_word' id='word_1_650' title='bbox 672 2277 827 2306; x_wconf 75' lang='lat' dir='ltr'>Civitatem</span> <span class='ocrx_word' id='word_1_651' title='bbox 844 2279 1041 2318; x_wconf 82' lang='lat' dir='ltr'>fundamenta</span> <span class='ocrx_word' id='word_1_652' title='bbox 1063 2280 1239 2308; x_wconf 76' lang='lat' dir='ltr'>habentem?</span> <span class='ocrx_word' id='word_1_653' title='bbox 1260 2279 1305 2307; x_wconf 84' lang='lat' dir='ltr'>isti</span> <span class='ocrx_word' id='word_1_654' title='bbox 1326 2279 1397 2307; x_wconf 89' lang='lat' dir='ltr'>enim</span> <span class='ocrx_word' id='word_1_655' title='bbox 1422 2289 1475 2306; x_wconf 80' lang='lat' dir='ltr'>non</span> <span class='ocrx_word' id='word_1_656' title='bbox 1498 2285 1573 2307; x_wconf 87' lang='lat' dir='ltr'>erant</span> <span class='ocrx_word' id='word_1_657' title='bbox 1587 2278 1786 2308; x_wconf 78' lang='lat' dir='ltr'>fundamenta?</span> 
     </span>
     <span class='ocr_line' id='line_1_78' title="bbox 231 2323 1785 2364; baseline 0.001 -12"><span class='ocrx_word' id='word_1_658' title='bbox 231 2324 284 2359; x_wconf 82' lang='lat' dir='ltr'>Qui</span> <span class='ocrx_word' id='word_1_659' title='bbox 296 2325 339 2364; x_wconf 86' lang='lat' dir='ltr'>[f.</span> <span class='ocrx_word' id='word_1_660' title='bbox 353 2324 446 2361; x_wconf 88' lang='lat' dir='ltr'>Quia]</span> <span class='ocrx_word' id='word_1_661' title='bbox 459 2324 493 2352; x_wconf 89' lang='lat' dir='ltr'>ad</span> <span class='ocrx_word' id='word_1_662' title='bbox 515 2323 739 2362; x_wconf 76' lang='lat' dir='ltr'>comparationem</span> <span class='ocrx_word' id='word_1_663' title='bbox 754 2323 862 2352; x_wconf 89' lang='lat' dir='ltr'>illorum</span> <span class='ocrx_word' id='word_1_664' title='bbox 878 2335 928 2353; x_wconf 89' lang='lat' dir='ltr'>non</span> <span class='ocrx_word' id='word_1_665' title='bbox 943 2332 1014 2354; x_wconf 86' lang='lat' dir='ltr'>sunt.</span> <span class='ocrx_word' id='word_1_666' title='bbox 1034 2326 1124 2364; x_wconf 82' lang='lat' dir='ltr'>Cujus</span> <span class='ocrx_word' id='word_1_667' title='bbox 1138 2326 1248 2364; x_wconf 76' lang='lat' dir='ltr'>artifex</span> <span class='ocrx_word' id='word_1_668' title='bbox 1264 2332 1290 2354; x_wconf 89' lang='lat' dir='ltr'>et</span> <span class='ocrx_word' id='word_1_669' title='bbox 1306 2326 1404 2364; x_wconf 77' lang='lat' dir='ltr'>opifex</span> <span class='ocrx_word' id='word_1_670' title='bbox 1424 2326 1504 2353; x_wconf 81' lang='lat' dir='ltr'>Deus</span> <span class='ocrx_word' id='word_1_671' title='bbox 1518 2331 1568 2353; x_wconf 83' lang='lat' dir='ltr'>est.</span> <span class='ocrx_word' id='word_1_672' title='bbox 1585 2325 1610 2354; x_wconf 94' lang='grc' dir='ltr'>Ο</span> <span class='ocrx_word' id='word_1_673' title='bbox 1623 2325 1711 2363; x_wconf 77' lang='lat' dir='ltr'>qualis</span> <span class='ocrx_word' id='word_1_674' title='bbox 1725 2325 1785 2354; x_wconf 83' lang='lat' dir='ltr'>laus</span> 
     </span>
     <span class='ocr_line' id='line_1_79' title="bbox 232 2370 1784 2410; baseline 0.003 -13"><span class='ocrx_word' id='word_1_675' title='bbox 232 2370 304 2398; x_wconf 89' lang='lat' dir='ltr'>illius</span> <span class='ocrx_word' id='word_1_676' title='bbox 319 2370 435 2399; x_wconf 86' lang='lat' dir='ltr'>civitatis</span> <span class='ocrx_word' id='word_1_677' title='bbox 449 2370 456 2400; x_wconf 75' lang='lat' dir='ltr'>l</span> <span class='ocrx_word' id='word_1_678' title='bbox 470 2371 556 2407; x_wconf 81' lang='lat' dir='ltr'>Fide,</span> <span class='ocrx_word' id='word_1_679' title='bbox 571 2370 666 2408; x_wconf 85' lang='lat' dir='ltr'>inquit,</span> <span class='ocrx_word' id='word_1_680' title='bbox 681 2376 707 2398; x_wconf 87' lang='lat' dir='ltr'>et</span> <span class='ocrx_word' id='word_1_681' title='bbox 720 2372 784 2409; x_wconf 81' lang='lat' dir='ltr'>ipsa</span> <span class='ocrx_word' id='word_1_682' title='bbox 798 2370 872 2399; x_wconf 83' lang='lat' dir='ltr'>Sara</span> <span class='ocrx_word' id='word_1_683' title='bbox 889 2372 1005 2400; x_wconf 81' lang='lat' dir='ltr'>sterilis.</span> <span class='ocrx_word' id='word_1_684' title='bbox 1019 2372 1050 2400; x_wconf 91' lang='lat' dir='ltr'>In</span> <span class='ocrx_word' id='word_1_685' title='bbox 1065 2372 1116 2400; x_wconf 88' lang='lat' dir='ltr'>hoc</span> <span class='ocrx_word' id='word_1_686' title='bbox 1132 2371 1190 2400; x_wconf 89' lang='lat' dir='ltr'>loco</span> <span class='ocrx_word' id='word_1_687' title='bbox 1212 2371 1402 2401; x_wconf 86' lang='lat' dir='ltr'>verecundiam</span> <span class='ocrx_word' id='word_1_688' title='bbox 1416 2371 1453 2399; x_wconf 90' lang='lat' dir='ltr'>eis</span> <span class='ocrx_word' id='word_1_689' title='bbox 1467 2371 1588 2400; x_wconf 80' lang='lat' dir='ltr'>excitans</span> <span class='ocrx_word' id='word_1_690' title='bbox 1601 2371 1683 2407; x_wconf 84' lang='lat' dir='ltr'>dicit,</span> <span class='ocrx_word' id='word_1_691' title='bbox 1699 2372 1784 2410; x_wconf 88' lang='lat' dir='ltr'>siqui-</span> 
     </span>
     <span class='ocr_line' id='line_1_80' title="bbox 230 2415 1784 2456; baseline 0.003 -13"><span class='ocrx_word' id='word_1_692' title='bbox 230 2415 291 2444; x_wconf 80' lang='lat' dir='ltr'>dem</span> <span class='ocrx_word' id='word_1_693' title='bbox 306 2428 386 2456; x_wconf 87' lang='lat' dir='ltr'>super</span> <span class='ocrx_word' id='word_1_694' title='bbox 401 2416 539 2445; x_wconf 90' lang='lat' dir='ltr'>mulierem</span> <span class='ocrx_word' id='word_1_695' title='bbox 553 2416 736 2456; x_wconf 85' lang='lat' dir='ltr'>pusillanimes</span> <span class='ocrx_word' id='word_1_696' title='bbox 751 2424 941 2455; x_wconf 83' lang='lat' dir='ltr'>apparuerunt.</span> <span class='ocrx_word' id='word_1_697' title='bbox 957 2417 1008 2446; x_wconf 90' lang='lat' dir='ltr'>Sed</span> <span class='ocrx_word' id='word_1_698' title='bbox 1023 2418 1141 2446; x_wconf 80' lang='lat' dir='ltr'>fortassis</span> <span class='ocrx_word' id='word_1_699' title='bbox 1161 2417 1232 2446; x_wconf 87' lang='lat' dir='ltr'>dicat</span> <span class='ocrx_word' id='word_1_700' title='bbox 1246 2417 1358 2456; x_wconf 83' lang='lat' dir='ltr'>aliquis,</span> <span class='ocrx_word' id='word_1_701' title='bbox 1379 2417 1520 2452; x_wconf 88' lang='lat' dir='ltr'>Quomodo</span> <span class='ocrx_word' id='word_1_702' title='bbox 1534 2417 1605 2455; x_wconf 85' lang='lat' dir='ltr'>fide,</span> <span class='ocrx_word' id='word_1_703' title='bbox 1626 2428 1685 2456; x_wconf 84' lang='lat' dir='ltr'>quae</span> <span class='ocrx_word' id='word_1_704' title='bbox 1699 2418 1760 2448; x_wconf 91' lang='lat' dir='ltr'>risit</span> <span class='ocrx_word' id='word_1_705' title='bbox 1770 2420 1784 2448; x_wconf 73' lang='grc' dir='ltr'>Ξ)</span> 
     </span>
     <span class='ocr_line' id='line_1_81' title="bbox 232 2462 1778 2502; baseline 0.003 -12"><span class='ocrx_word' id='word_1_706' title='bbox 232 2463 311 2492; x_wconf 80' lang='lat' dir='ltr'>Risus</span> <span class='ocrx_word' id='word_1_707' title='bbox 325 2463 433 2501; x_wconf 87' lang='lat' dir='ltr'>quidem</span> <span class='ocrx_word' id='word_1_708' title='bbox 447 2470 485 2492; x_wconf 87' lang='lat' dir='ltr'>est</span> <span class='ocrx_word' id='word_1_709' title='bbox 497 2474 531 2492; x_wconf 79' lang='lat' dir='ltr'>ex</span> <span class='ocrx_word' id='word_1_710' title='bbox 545 2462 720 2500; x_wconf 85' lang='lat' dir='ltr'>infidelitate,</span> <span class='ocrx_word' id='word_1_711' title='bbox 735 2462 815 2491; x_wconf 89' lang='lat' dir='ltr'>timor</span> <span class='ocrx_word' id='word_1_712' title='bbox 827 2470 915 2491; x_wconf 89' lang='lat' dir='ltr'>autem</span> <span class='ocrx_word' id='word_1_713' title='bbox 927 2474 960 2492; x_wconf 81' lang='lat' dir='ltr'>ex</span> <span class='ocrx_word' id='word_1_714' title='bbox 975 2463 1028 2492; x_wconf 87' lang='lat' dir='ltr'>fide</span> <span class='ocrx_word' id='word_1_715' title='bbox 1041 2475 1047 2491; x_wconf 91' lang='lat'><strong>:</strong></span> <span class='ocrx_word' id='word_1_716' title='bbox 1063 2464 1137 2502; x_wconf 86' lang='lat' dir='ltr'>quod</span> <span class='ocrx_word' id='word_1_717' title='bbox 1152 2464 1223 2493; x_wconf 89' lang='lat' dir='ltr'>enim</span> <span class='ocrx_word' id='word_1_718' title='bbox 1238 2464 1327 2501; x_wconf 82' lang='lat' dir='ltr'>dixit,</span> <span class='ocrx_word' id='word_1_719' title='bbox 1341 2465 1409 2493; x_wconf 85' lang='lat' dir='ltr'>Non</span> <span class='ocrx_word' id='word_1_720' title='bbox 1421 2465 1484 2502; x_wconf 78' lang='lat' dir='ltr'>risi,</span> <span class='ocrx_word' id='word_1_721' title='bbox 1500 2474 1535 2493; x_wconf 77' lang='lat' dir='ltr'>ex</span> <span class='ocrx_word' id='word_1_722' title='bbox 1546 2464 1600 2493; x_wconf 86' lang='lat' dir='ltr'>fide</span> <span class='ocrx_word' id='word_1_723' title='bbox 1613 2465 1714 2493; x_wconf 72' lang='lat' dir='ltr'>factum</span> <span class='ocrx_word' id='word_1_724' title='bbox 1728 2473 1778 2498; x_wconf 73' lang='lat' dir='ltr'>est.</span> 
     </span>
     <span class='ocr_line' id='line_1_82' title="bbox 232 2510 1778 2552; baseline 0.003 -14"><span class='ocrx_word' id='word_1_725' title='bbox 232 2510 347 2539; x_wconf 84' lang='lat' dir='ltr'>Proinde</span> <span class='ocrx_word' id='word_1_726' title='bbox 361 2518 485 2539; x_wconf 83' lang='lat' dir='ltr'>evacuata</span> <span class='ocrx_word' id='word_1_727' title='bbox 499 2511 657 2539; x_wconf 77' lang='lat' dir='ltr'>infidelitate</span> <span class='ocrx_word' id='word_1_728' title='bbox 669 2510 818 2540; x_wconf 84' lang='lat' dir='ltr'>introducta</span> <span class='ocrx_word' id='word_1_729' title='bbox 832 2518 871 2540; x_wconf 87' lang='lat' dir='ltr'>est</span> <span class='ocrx_word' id='word_1_730' title='bbox 885 2511 959 2540; x_wconf 86' lang='lat' dir='ltr'>fides.</span> <span class='ocrx_word' id='word_1_731' title='bbox 971 2514 1000 2540; x_wconf 85' lang='lat' dir='ltr'><em>F</em></span> <span class='ocrx_word' id='word_1_732' title='bbox 998 2513 1053 2548; x_wconf 76' lang='lat' dir='ltr'>lde,</span> <span class='ocrx_word' id='word_1_733' title='bbox 1067 2513 1163 2551; x_wconf 79' lang='lat' dir='ltr'>inquit,</span> <span class='ocrx_word' id='word_1_734' title='bbox 1172 2519 1200 2541; x_wconf 83' lang='lat' dir='ltr'>et</span> <span class='ocrx_word' id='word_1_735' title='bbox 1210 2515 1273 2552; x_wconf 83' lang='lat' dir='ltr'>ipsa</span> <span class='ocrx_word' id='word_1_736' title='bbox 1283 2513 1358 2542; x_wconf 86' lang='lat' dir='ltr'>Sam</span> <span class='ocrx_word' id='word_1_737' title='bbox 1368 2515 1505 2541; x_wconf 81' lang='lat' dir='ltr'>virtutem</span> <span class='ocrx_word' id='word_1_738' title='bbox 1517 2512 1558 2541; x_wconf 90' lang='lat' dir='ltr'>ad</span> <span class='ocrx_word' id='word_1_739' title='bbox 1566 2514 1778 2552; x_wconf 82' lang='lat' dir='ltr'>suscipiendum</span> 
     </span>
     <span class='ocr_line' id='line_1_83' title="bbox 231 2557 1777 2599; baseline 0.001 -12"><span class='ocrx_word' id='word_1_740' title='bbox 231 2557 427 2587; x_wconf 72' lang='lat' dir='ltr'>semen.***Ad</span> <span class='ocrx_word' id='word_1_741' title='bbox 439 2557 605 2586; x_wconf 79' lang='lat' dir='ltr'>retinendum</span> <span class='ocrx_word' id='word_1_742' title='bbox 615 2567 702 2587; x_wconf 85' lang='lat' dir='ltr'>semen</span> <span class='ocrx_word' id='word_1_743' title='bbox 710 2569 716 2586; x_wconf 91' lang='lat'>:</span> <span class='ocrx_word' id='word_1_744' title='bbox 724 2557 757 2587; x_wconf 82' lang='lat' dir='ltr'>ad</span> <span class='ocrx_word' id='word_1_745' title='bbox 769 2558 962 2597; x_wconf 82' lang='lat' dir='ltr'>susceptionem</span> <span class='ocrx_word' id='word_1_746' title='bbox 973 2559 1096 2588; x_wconf 71' lang='lat' dir='ltr'>virtutem</span> <span class='ocrx_word' id='word_1_747' title='bbox 1108 2559 1272 2599; x_wconf 76' lang='lat' dir='ltr'>accepitquae</span> <span class='ocrx_word' id='word_1_748' title='bbox 1279 2559 1336 2598; x_wconf 78' lang='lat' dir='ltr'>jam</span> <span class='ocrx_word' id='word_1_749' title='bbox 1346 2558 1504 2589; x_wconf 73' lang='lat' dir='ltr'>mortificata</span> <span class='ocrx_word' id='word_1_750' title='bbox 1516 2565 1570 2588; x_wconf 81' lang='lat' dir='ltr'>erat</span> <span class='ocrx_word' id='word_1_751' title='bbox 1581 2566 1605 2589; x_wconf 85' lang='lat' dir='ltr'>et</span> <span class='ocrx_word' id='word_1_752' title='bbox 1613 2559 1777 2590; x_wconf 77' lang='lat' dir='ltr'>stcrilisDu-</span> 
     </span>
    </p>
   </div>
  </div>
 </body>
</html>
