1886 2846
87 592 138 603 «um⁴

177 589 211 604 ti.

230 181 294 215 itio
540 193 568 216 s.
597 194 633 216 so
643 195 735 217 mixis
761 193 940 216 cuuxsos‘r.

222 253 314 282 dicis?
331 254 448 282 Maxime
462 254 570 292 quidem
587 255 642 294 ipsc
659 267 666 291 ;
683 255 727 283 sed
751 265 802 283 non
819 253 957 282 conti-udo.

223 299 338 334 Quando
366 310 429 338 ergo
456 300 512 339 ipse
536 301 610 339 jurat
637 301 687 329 hoe
712 300 769 339 ipso
796 301 957 337 juramento.

225 347 334 377 Amen,
354 356 438 374 anu-n
458 347 523 374 dico
542 348 640 376 vnln's:
655 356 742 375 annon
764 345 823 373 idco
848 342 957 373 scilicet,

224 391 295 430 quod
318 402 368 420 non
390 391 485 420 habeat
509 393 635 431 majorem
651 403 697 431 pei·
713 401 790 428 quem
803 387 896 426 juret?
922 388 957 415 Ut

223 436 293 464 enim
305 437 408 475 juravit
434 438 512 466 Pater
523 459 529 469 .
544 437 579 465 ita
595 438 673 465 etium
691 435 772 463 Filius
784 434 857 471 jurat
872 441 919 470 per
934 441 961 459 se
978 434 996 457 C

222 482 322 515 dicens.
338 483 447 519 Amen,
457 493 541 511 mmm
554 484 619 510 dico
635 483 724 510 vohis.
740 479 789 507 llic
804 477 870 516 ipsis
885 487 958 506 revo-

223 535 264 556 cat
278 528 305 556 in
318 529 471 557 memoriam
487 527 585 556 Christi
600 536 704 564 quoque
724 525 885 563 juramenta,
901 533 961 561 qua:

223 572 329 601 dicebat
352 573 458 601 assidue
473 586 478 600 :
494 574 601 602 Amen.
626 580 711 598 amen
735 570 800 597 dico
824 570 886 605 tibi,
910 571 961 607 qui

225 620 314 647 cri-dit
337 621 367 646 in
382 629 436 652 tue,
455 628 511 645 non
524 619 661 644 morietur
676 617 707 643 in
722 621 871 644 oeternum.
885 614 960 649 Quid

224 671 272 699 est,
287 665 325 692 Et
341 666 433 692 omnis
447 663 648 691 controversioe
663 661 733 698 finis
747 662 779 688 in
797 660 958 699 confirma-

224 713 328 738 tionem
342 717 382 738 cst
392 711 588 747 juramentum
602 710 614 734 ?
629 706 659 735 ld
669 713 765 735 est:ex
780 707 830 735 hoc
845 705 960 734 solvitur

222 756 308 783 omnis
323 753 508 783 controversia*
523 751 736 781 dubitatiomon
753 751 845 790 hujus,
862 757 908 779 aut
920 751 961 779 il-

221 801 283 837 lius,
303 799 347 828 sed
363 798 457 827 omnis.
475 800 561 835 Atque
583 798 722 836 oportebat
745 796 854 835 quidem
878 797 959 825 etiam

219 845 433 883 sincjuraruento
448 844 504 871 Deo
520 842 634 871 credere.
653 844 700 871 17.
714 845 751 871 In
767 853 834 881 quo,
853 842 959 881 inquit,

218 891 414 918 abundantius
427 889 532 917 volens
547 889 626 917 Deus
639 889 789 917 ostendere
807 889 959 927 pollicila-
979 903 996 924 D

219 939 304 965 tionis
315 937 467 965 heredibus
478 936 711 964 immobilitatem
722 936 837 964 consilii
847 938 901 971 sui,
919 937 961 964 in-

218 985 354 1022 terposuit
367 983 585 1023 jusjurandum.
596 982 647 1011 Hic
661 982 862 1022 comprehendit
879 982 959 1011 etiam

217 1030 318 1059 fideles.
332 1031 474 1069 Propterea
485 1029 607 1058 meminit
617 1029 697 1058 etiam
709 1029 790 1068 hujus
803 1029 960 1068 promissio-

216 1075 268 1112 nis,
279 1086 338 1114 quae
350 1076 423 1115 prior
438 1075 507 1104 sacta
520 1082 559 1104 est
572 1075 759 1103 communiter.
769 1077 958 1113 Interposuic,

216 1121 315 1159 inquit,
334 1122 554 1160 jusjurandum.
576 1120 627 1149 Hic
650 1131 743 1149 rursus
765 1120 832 1149 dicit
859 1120 959 1149 Filium

215 1167 296 1196 fuisse
322 1168 538 1202 intercessorem,
565 1166 636 1195 inter
664 1166 786 1195 homines
809 1173 834 1195 et
859 1167 956 1195 Deum.

217 1212 263 1241 18.
280 1214 317 1241 Ut
330 1223 385 1252 per
400 1213 474 1241 duas
489 1222 535 1241 res
549 1212 722 1249 immobiles,
736 1214 840 1251 quibus
856 1214 958 1251 impos-

217 1258 299 1287 sibile
313 1265 356 1286 est
371 1259 488 1286 metiri
504 1258 608 1286 Deum.
624 1257 674 1286 Per
685 1268 816 1295 quasnam
828 1258 892 1286 res?
908 1259 959 1286 Per

216 1304 267 1332 hoc
280 1303 352 1342 quod
368 1303 439 1332 dixit
453 1314 483 1332 ac
496 1303 632 1342 promisit,
643 1309 668 1331 et
683 1313 730 1342 per
743 1303 794 1331 hoc
807 1302 881 1341 quod
895 1314 959 1342 pro-

218 1349 339 1378 missioni
351 1348 448 1388 adjccit
457 1348 656 1387 jusjurandum.
668 1349 735 1377 Nam
747 1349 874 1386 quoniam
887 1349 959 1388 apud

218 1395 340 1423 homines
355 1394 405 1422 hoc
419 1393 528 1423 videtur
539 1404 595 1422 esse
608 1393 774 1431 credibilius,
788 1404 894 1433 nempe,
908 1395 958 1433 ju-

217 1447 378 1474 ramentum,
391 1447 529 1479 propterea
545 1440 633 1478 ipsum
648 1450 754 1478 quoque
767 1440 888 1470 addidit.

260 1488 288 1516 L2.
306 1486 390 1514 Vides
405 1484 476 1523 quod
494 1495 546 1514 non
569 1496 645 1514 suam
665 1492 763 1525 spectet
786 1485 942 1526 dignitatem

951 1510 958 1524 ²
968 1510 1005 1529 113

971 192 989 212 A
996 190 1124 212 rutuli-21).
1153 190 1215 212 CON
1221 190 1279 212 sTA
1287 190 1420 213 M‘in'ol‘.

1015 250 1128 286 μείζονος
1142 249 1255 286 ὀμόσαις
1269 249 1376 288 Ἵὶσπερ
1388 250 1438 289 γὰρ
1449 252 1463 278 ὁ
1477 251 1572 290 Πατὴρ
1584 252 1698 289 ὤμοσεν,
1709 251 1777 280 οὕτω

1014 295 1058 323 καὶ
1073 297 1087 323 ὁ
1104 295 1163 327 Υἱὸς
1176 295 1266 333 ὀμνύει
1281 297 1338 324 καθ’
1361 297 1452 325 ἑαυτοῦ
1462 319 1469 332 ,
1489 297 1586 335 λέγων,
1608 297 1691 335 Ἀμὴν
1705 298 1777 335 ἀμὴν

1013 341 1082 378 λέγω
1106 342 1176 378 ὑμῖν.
1199 341 1329 370 Ἐνταῦθα
1353 341 1446 375 αὐτοὺς
1461 343 1655 380 ἀναμιμνήσκει
1674 343 1779 372 ἐκείνων

1014 388 1066 414 τῶν
1087 388 1171 424 ὅρκων
1193 389 1245 415 τῶν
1271 391 1315 416 τοῦ
1342 388 1456 427 Χριστοῦ
1466 410 1474 423 ,
1495 384 1532 416 ὧν
1554 390 1668 428 συνεχῶς
1682 388 1780 426 ἔλεγεν,

1015 432 1097 469 Ἀμὴν
1108 431 1178 470 ἀμὴν
1189 432 1258 470 λέγω
1274 443 1323 468 σοι,
1338 435 1351 461 ὁ
1363 433 1494 462 πιστεύων
1507 435 1542 466 εἷς
1554 433 1610 472 ἐμὲ,
1623 435 1652 463 οὗ
1663 434 1699 472 μὴ
1714 436 1779 463 ἄπο-

1015 478 1078 516 θοίνῃ
1095 478 1130 511 εἰς
1143 478 1187 507 τὸν
1200 480 1291 507 αἰῶνα.
1308 478 1344 507 Τί
1356 479 1422 514 ἐστι,
1438 479 1491 508 Καὶ
1505 479 1592 515 ποίσης
1606 480 1692 512 αὐτοῖς
1705 481 1779 508 ἀντι-

1014 523 1104 562 λογίας
1115 523 1196 562 πέρας
1207 525 1242 556 εἰς
1254 523 1396 563 βεέῗαίωσιν
1407 526 1422 553 ὁ
1431 525 1518 563 ὅρκος
1531 524 1600 553 Ἀντὶ
1609 528 1665 561 τοῦ,
1681 526 1711 554 ἐκ
1721 524 1779 554 τού-

1014 582 1058 599 του
1073 570 1161 599 λύεται
1175 570 1262 605 πάσης
1273 570 1420 609 ἀντιλογίας
1430 570 1626 609 ἀμφισόήτ-ησις
1636 582 1642 589 ·
1656 573 1686 600 οὗ
1697 572 1778 606 τῆσδε

1013 616 1030 651 ἢ
1042 617 1121 651 τῆσδε
1132 639 1139 652 ,
1155 616 1223 645 ἀλλὰ
1237 617 1334 652 πάσης.
1350 616 1426 646 Ἔδει
1437 616 1484 654 μὲν
1496 612 1539 646 οὖν
1551 616 1596 645 καὶ
1608 617 1689 656 χωρὶς
1699 617 1778 656 ὅρκου

1014 663 1182 692 πιστεύεσθαι
1196 663 1240 692 τὸν
1253 663 1330 693 Θεόν.
1354 663 1402 692 Ἔν
1418 658 1440 703 ᾧ
1453 663 1636 702 περισσότερον
1651 663 1777 702 βουλόμε-

1014 720 1055 742 νος
1069 711 1082 738 ὁ
1102 710 1170 741 Θεὸς
1180 732 1188 745 ,
1204 709 1281 748 φησὶν
1293 731 1300 744 ,
1324 709 1450 742 ἐπιδεῖξαι
1471 713 1525 741 τοῖς
1544 709 1716 747 κληρονόμοις
1731 710 1778 744 τῆς

1015 754 1172 793 ἐπαγγελίας
1184 754 1215 783 τὸ
1231 754 1389 792 ἀμετάθετον
1405 756 1452 789 τῆς
1471 755 1566 792 βουλῆς
1580 756 1672 789 αὑτοῦ,
1687 754 1779 792 ἐμεσί-

1014 811 1102 828 τευσεν
1117 799 1196 838 ὅρκῳ.
1218 799 1348 829 Ἐνταῦθα
1362 800 1476 833 καὶτοὺς
1490 799 1598 833 πιστοὺς
1612 799 1778 840 περιλαμὸοί-

1014 857 1052 874 νει
1064 857 1070 863 ·
1095 844 1139 873 διὰ
1154 848 1230 874 τοῦτο
1244 845 1288 874 καὶ
1302 845 1399 881 ταύτης
1413 848 1459 880 τῆς
1474 845 1631 884 ἐπαγγελίας
1645 845 1779 884 μέμνηται

1014 893 1061 925 τῆς
1071 891 1135 930 πρὸς
1146 893 1217 928 ἡμᾶς
1227 893 1319 924 κοινῶς
1329 891 1478 929 γενομένης.
1496 890 1678 929 Ἐμεσίτευσε,
1689 891 1778 930 φησὶν,

1013 937 1094 976 ὅρκῳ.
1114 937 1200 965 Πάλιν
1217 938 1325 966 ἐνταῦθα
1340 937 1384 966 τὸν
1406 937 1468 966 Υἱόν
1483 947 1546 976 φησι
1563 935 1660 974 μεταξὺ
1674 936 1777 975 ἀνθρώ-

1014 995 1070 1011 πων
1085 982 1130 1012 καὶ
1144 983 1214 1012 Θεοῦ
1231 981 1340 1020 μεσίτην
1355 982 1500 1021 γεγονέναι.
1524 981 1582 1011 Ἵνα
1593 981 1636 1010 διὰ
1648 981 1693 1011 δύο
1705 993 1778 1021 πρα-

1013 1028 1122 1067 γμάτων
1136 1029 1318 1066 ἀμεταθέτων,
1339 1030 1366 1057 ἐν
1386 1024 1422 1062 οἶς
1437 1027 1561 1057 ἀδύνατον
1575 1027 1720 1067 ψεύσασθαι
1734 1027 1778 1057 τὸν

1013 1075 1089 1103 Θεόν.
1107 1074 1198 1109 Ποίου,
1213 1075 1258 1103 καὶ
1271 1074 1364 1110 ποίου;
1386 1075 1442 1103 Τοῦ
1459 1085 1487 1102 τε
1502 1075 1583 1102 εἰπεῖν
1601 1073 1647 1102 καὶ
1659 1074 1777 1113 ὑποσχέ-

1014 1123 1073 1148 σθαι
1083 1143 1090 1155 ,
1102 1122 1146 1149 τοῦ
1158 1131 1187 1148 τε
1201 1120 1277 1158 ὅρκον
1293 1123 1444 1159 προσθεῖναι
1456 1123 1488 1159 τῇ
1500 1119 1652 1159 ὑποσχέσει.
1664 1120 1776 1155 Ἐπειδὴ

1013 1165 1064 1204 γὰρ
1078 1166 1151 1205 παρὰ
1168 1166 1313 1205 ἀνθρώποις
1332 1169 1408 1195 τοῦτο
1422 1167 1492 1194 δοκεῖ
1504 1166 1656 1204 πιστότερον
1671 1161 1778 1195 εἶναιτὸ

1014 1213 1058 1240 τοῦ
1070 1211 1157 1251 ὅρκου,
1172 1211 1214 1240 διὰ
1229 1215 1306 1241 τοῦτο
1317 1212 1362 1240 καὶ
1375 1212 1436 1241 αὐτὸ
1447 1212 1617 1251 προσέθηκεν.

1053 1487 1136 1527 Ὁρᾷς
1156 1488 1196 1516 δ’τι
1217 1488 1246 1516 οὖ
1261 1487 1309 1522 τὴν
1327 1486 1401 1520 ἀξίαν
1420 1486 1468 1522 τὴν
1483 1487 1575 1515 ἑαυτοῦ
1594 1490 1705 1522 σκοπεῖ,
1719 1488 1778 1516 ἀλλ’

217 1532 264 1561 sed
279 1531 411 1570 quomodo
428 1531 584 1560 hominihus
596 1532 754 1571 persuadeat
766 1554 774 1569 ,
788 1539 812 1561 et
825 1533 859 1562 de
873 1543 900 1561 se
912 1534 957 1561 in·
977 1540 996 1560 A
1014 1533 1084 1567 ὅπως
1096 1533 1154 1567 τοὺς
1169 1532 1320 1572 ἀνθρώπους
1337 1532 1414 1571 πείσῃ
1426 1555 1434 1568 ,
1445 1531 1491 1561 καὶ
1504 1532 1597 1565 ἀνάξια
1609 1532 1672 1572 περὶ
1685 1533 1778 1561 ἑαυτοῦ

218 1577 299 1616 digna
313 1577 367 1606 dici
381 1577 506 1613 sustinet,
523 1584 552 1606 nt
565 1577 612 1615 qui
622 1578 687 1606 velit
698 1578 804 1617 plenam
822 1585 847 1607 et
861 1586 959 1608 certam

218 1623 314 1652 afferre
339 1623 547 1662 probationem?
563 1622 599 1651 Et
621 1623 647 1652 in
672 1624 827 1653 Abrahamo
850 1625 959 1663 quidem

219 1669 335 1698 ostendit
347 1676 431 1698 totum
443 1680 498 1698 esse
513 1669 580 1705 Dei,
603 1679 653 1697 non
670 1669 743 1698 illius
761 1670 898 1699 diuturnae
912 1682 959 1711 pa-

221 1716 329 1750 tientiae,
342 1715 474 1753 siquidem
486 1715 613 1743 sustinuit
627 1716 706 1745 etiam
717 1715 957 1756 adderejuramen-

1014 1579 1137 1618 ἀνέχεται
1150 1579 1287 1618 λέγεσθαι;
1309 1578 1444 1614 τουτέστι,
1464 1579 1665 1617 πληροφορῆσαι
1685 1577 1777 1606 θέλων.

1014 1626 1067 1654 Καὶ
1078 1626 1121 1655 ἐπὶ
1133 1626 1180 1664 μὲν
1190 1628 1236 1654 τοῦ
1248 1624 1369 1663 'impetn
1379 1624 1493 1652 δείκνυσι
1504 1626 1549 1653 τοῦ
1559 1625 1629 1654 Θεοῦ
1639 1623 1666 1652 ὃν
1676 1623 1707 1652 τὸ
1714 1628 1778 1660 πᾶν,

1013 1673 1042 1700 οὗ
1057 1674 1102 1707 τῆς
1117 1671 1296 1712 μακροθυμίας
1306 1670 1414 1705 ἐκείνου,
1425 1670 1449 1699 εἴ
1461 1682 1491 1708 γε
1505 1669 1549 1698 καὶ
1562 1669 1640 1709 ὅρκον
1650 1668 1778 1709 ἠνέσχετο

1013 1720 1173 1756 προσθεῖναι,
1185 1719 1208 1746 εἷ
1220 1717 1277 1746 καθ’
1289 1711 1317 1745 οῧ
1329 1716 1466 1754 ὀμνύουσιν
1476 1716 1622 1754 ἄνθρωποι,
1631 1714 1677 1744 καὶ
1688 1717 1702 1744 ὁ
1711 1715 1779 1748 Θεὸς

644 1830 819 1859 MCTIANO
843 1830 1096 1860 SCHOLASTICO
1114 1829 1364 1859 INTERPRETE.

226 1930 312 1951 autem
329 1923 392 1962 ipse.
406 1924 479 1958 Esto,
494 1932 544 1950 non
561 1922 698 1952 contendo.
711 1923 827 1959 Quando
841 1934 906 1952 vero
924 1924 980 1963 ipse
990 1925 1076 1963 jurat,
1094 1925 1192 1952 Amen
1207 1933 1293 1951 amen
1305 1923 1369 1951 dico
1383 1923 1467 1950 vohis
1479 1933 1487 1948 .·
1497 1931 1583 1950 nonne
1596 1921 1777 1960 manifestum,

226 1970 288 2007 quia
303 1980 353 1998 non
373 1969 473 1997 habens
488 1969 614 2007 majorem
630 1980 677 2008 per
692 1981 769 2008 quein
781 1971 875 2009 juret?
891 1971 966 1999 Sicut
982 1971 1053 2000 enim
1067 1972 1146 2000 Pater
1155 1972 1243 2010 jurat,
1258 1969 1296 1998 sic
1310 1976 1335 1998 et
1351 1969 1436 1997 Filius
1447 1979 1495 2008 per
1508 1968 1679 2007 semetipsum
1691 1969 1776 2007 jurat,

225 2015 316 2044 dicens
326 2027 332 2042 :
342 2014 440 2043 Amen
451 2025 536 2043 amen
550 2016 614 2043 dico
626 2017 718 2043 vobis.
736 2016 793 2044 Hoc
808 2027 851 2045 eos
872 2017 1075 2046 commonefacit
1089 2024 1114 2046 et
1128 2018 1342 2056 juramentorum
1354 2014 1465 2049 Christi,
1484 2013 1531 2052 qui
1544 2013 1642 2053 saepius
1654 2013 1779 2043 dicebat:

226 2064 326 2092 Amen
338 2072 424 2091 amen
435 2062 500 2090 dico
515 2063 578 2097 tibi,
595 2065 645 2101 qui
662 2064 752 2092 credit
765 2065 795 2091 in
807 2075 862 2098 me,
877 2075 935 2092 non
950 2067 1090 2093 morietur
1100 2067 1132 2092 in
1142 2071 1293 2092 aeternum.
1307 2061 1380 2097 Quid
1394 2068 1443 2098 est,
1455 2062 1496 2090 Et
1507 2062 1602 2090 omnis
1615 2067 1782 2091 controver-

226 2111 276 2138 site
290 2119 387 2137 eorum
400 2108 469 2145 finis
482 2108 523 2136 ad
535 2109 788 2148 confirmationem
803 2117 845 2139 est
855 2112 1056 2150 juramentum
1067 2114 1080 2138 Ρ
1095 2110 1212 2139 Proinde
1226 2109 1248 2138 si
1264 2109 1374 2146 diceret,
1383 2118 1419 2136 ex
1427 2107 1478 2137 hoc
1491 2107 1606 2137 solvitur
1621 2107 1704 2138 totius
1717 2119 1779 2138 con—

226 2155 363 2185 troversiae
374 2154 542 2194 disceptatio,
557 2165 607 2184 non
621 2155 694 2183 illius
705 2157 745 2184 vel
759 2157 842 2194 illius,
850 2158 898 2187 sed
908 2158 996 2187 totius.
1005 2158 1154 2197 Oportebat
1167 2156 1275 2196 quidem
1287 2163 1312 2185 et
1320 2156 1376 2185 sine
1384 2156 1537 2194 juramento
1547 2154 1655 2184 credere
1666 2156 1733 2185 Deo.
1742 2158 1781 2185 In

228 2212 285 2241 quo
295 2201 494 2230 abundantius
506 2201 609 2230 volens
624 2202 704 2230 Deus
718 2205 867 2232 ostendere
879 2205 1109 2243 pollicitationes
1125 2204 1288 2238 heredibus,
1303 2202 1535 2230 immobilitatem
1549 2202 1664 2230 consilii
1676 2205 1722 2232 sui
1733 2204 1778 2232 in-

228 2252 366 2288 terposuit
377 2250 595 2289 jusjurandum.
610 2249 661 2278 Hic
675 2256 701 2277 et
714 2250 806 2279 fideles
821 2251 946 2281 includit.
959 2253 1101 2291 Propterea
1116 2251 1197 2281 etiam
1210 2250 1291 2290 hujus
1305 2248 1518 2289 repromissionis
1532 2248 1694 2279 mentionem
1707 2250 1782 2288 facit,

227 2305 286 2333 quae
298 2295 332 2323 ad
349 2305 395 2324 nos
409 2295 585 2323 communiter
601 2295 668 2324 facta
685 2301 734 2324 est.
749 2297 926 2335 Interposuit
936 2298 1154 2337 jusjurandum.
1167 2297 1268 2326 Iterum
1288 2295 1333 2324 hic
1347 2295 1448 2324 Filium
1459 2293 1527 2323 dicit
1542 2294 1611 2323 inter
1623 2294 1745 2325 homines
1758 2302 1784 2325 et

227 2341 315 2370 Deum
328 2341 512 2370 mediatorem.
527 2342 565 2370 Ut
572 2352 625 2381 per
637 2342 711 2371 duas
725 2353 770 2371 res
781 2344 941 2373 immobiles
956 2347 1061 2384 quibus
1071 2343 1247 2383 impossibile
1258 2349 1299 2371 est
1311 2343 1427 2371 mentiri
1440 2342 1544 2370 Deum.
1553 2340 1640 2376 Quale
1648 2348 1674 2370 et
1685 2341 1784 2380 quale?

228 2388 286 2417 Hoc
300 2395 337 2417 est
346 2411 353 2423 ‚
367 2388 457 2417 dicere
468 2395 493 2417 et
508 2388 671 2428 promittere,
687 2395 711 2417 et
723 2390 906 2428 juramentum
915 2391 1014 2420 addere
1029 2391 1207 2431 promissioni.
1227 2390 1361 2425 Quoniam
1373 2389 1444 2418 enim
1455 2387 1527 2427 apud
1540 2387 1661 2417 homines
1672 2387 1724 2417 hoc
1738 2389 1784 2418 vi-

228 2434 306 2463 detur
320 2435 399 2464 fidele
411 2446 475 2471 esse,
490 2446 550 2464 cum
563 2436 744 2475 juramentum
760 2436 907 2466 interfuerit
918 2445 1073 2477 :propterea
1085 2438 1165 2466 etiam
1178 2437 1230 2466 hoc
1243 2436 1360 2465 addidit.

268 2482 384 2510 Intueris
395 2482 521 2521 quoniam
535 2493 587 2511 non
599 2482 757 2522 dignitatem
772 2494 847 2512 suam
861 2485 989 2522 attendit,
1006 2485 1051 2513 sed
1072 2485 1205 2523 quomodo
1220 2484 1375 2513 hominibus
1393 2481 1551 2522 persuadeat
1563 2503 1570 2518 ,
1583 2487 1608 2510 et
1621 2480 1731 2521 indigna
1746 2482 1780 2512 de

231 2538 258 2555 se
275 2527 374 2566 patitur
384 2528 460 2557 dici?
475 2529 526 2558 hoe
540 2536 593 2565 cst,
608 2529 757 2558 satisfacere
769 2531 867 2559 volens.
882 2531 915 2559 Et
928 2531 961 2559 de
984 2532 1111 2560 ‘ibralh'un
1125 2532 1233 2570 quidem
1248 2530 1361 2560 ostendit
1384 2529 1433 2558 Dei
1453 2538 1507 2557 esse
1529 2534 1613 2556 totum
1624 2538 1710 2567 opus,
1723 2539 1775 2558 non

231 2573 438 2613 longanimitatis
453 2576 524 2604 illius
535 2599 542 2613 ,
558 2576 688 2616 siquidem
704 2578 920 2617 otjuramentum
937 2589 1028 2618 passus
1053 2586 1089 2608 est
1108 2579 1222 2616 addere,
1235 2588 1373 2617 perquem
1393 2577 1484 2614 jurant
1504 2574 1641 2612 homines,
1657 2582 1681 2604 ΕΙ
1704 2576 1776 2605 Deus
