1886 2846
60 342 185 362 Cmnmci-

46 381 77 393 tw
87 389 92 396 ,
108 372 188 393 sarnifv

47 412 79 423 ma
88 420 93 427 ,
108 404 183 424 sulib-¹-

47 440 93 455 tum
111 435 187 455 umbra

46 470 106 486 uiant

201 168 266 203 188

195 242 239 270 lcx
262 241 381 280 profuit?
398 241 500 269 Profuit
520 241 642 278 quidem,
664 247 689 268 ct
714 240 792 269 valde
816 238 916 277 profuit
927 259 933 272 ‚

196 286 244 316 scd
261 287 295 316 ad
319 285 484 314 reddendum
500 286 629 325 perfectos
653 285 721 314 nihil
742 284 850 323 profuit.
874 282 936 311 Ideo

196 333 280 369 dicit,
291 333 376 360 Nihil
391 333 438 360 lez·
446 333 569 370 perfecit
580 343 588 358 :
599 331 686 360 omnia
698 331 768 358 enim
778 336 851 357 erant
862 327 934 366 typi,

198 378 285 407 onmia
308 379 414 415 umbra,
438 378 620 412 circumcisio,
644 376 814 408 sacrificium,
837 375 935 402 sabba-

199 431 255 452 tum
265 446 272 459 ,
290 435 348 462 quae
363 434 414 452 non
429 430 574 463 potuerunt
589 423 622 451 ad
643 422 759 450 animam
776 419 936 458 pervadere:

198 477 338 509 propterea
349 469 445 499 cedunt
461 477 485 498 et
499 469 655 498 abscedunt.
672 467 854 495 Introductio
868 476 938 494 vero

198 516 326 544 melioris
335 517 396 555 spei
399 539 405 551 ,
413 526 465 554 per
475 526 561 554 quarn
569 515 768 553 proximamus
779 512 819 539 ad
827 512 921 540 Deum
928 523 936 539 .-

197 563 280 591 §lstel
294 569 435 601 quantum
447 568 489 590 est
504 571 561 588 non
572 558 843 596 sinejnrejurando.
854 557 939 588 Vides

198 607 270 645 quod
282 608 326 636 hic
341 607 419 635 suerit
430 607 613 645 juramentum
627 603 826 632 necessarium?
838 604 939 639 Quam-

197 652 289 681 obrem
300 652 422 691 supcrius
431 658 485 678 tam
495 649 580 678 multa
589 655 627 676 cst
639 648 854 687 philosophatus,
865 648 938 687 quod

201 698 271 725 Deus
282 696 425 736 juraverit,
434 695 596 733 etjuraverit
607 700 636 722 ut
647 701 714 722 esset
725 694 823 722 certior
842 701 868 722 et
884 694 940 733 ple-

198 743 258 771 nior
269 741 412 781 persuasio.
425 741 609 768 Introductio
621 746 716 768 autem
727 740 854 768 melioris
870 741 939 778 spei.

197 788 272 822 Quid
286 788 336 815 hoc
347 786 404 814 est?
414 787 471 814 Lex
484 796 589 824 quoque
599 796 674 825 spem
684 785 816 822 habebat,
830 785 877 814 sed
889 795 939 813 non

197 833 288 861 talem:
296 831 439 871 sperabant
447 831 527 869 enim,
536 831 558 860 si
566 832 623 860 Deo
631 831 801 870 placuissent,
809 842 835 860 se
843 838 940 860 terram

196 879 334 907 habituros
344 901 351 914 ,
366 886 391 907 et
404 878 473 907 nihil
490 888 572 917 grave
581 888 715 918 passuros.
728 878 779 906 Hic
788 884 878 907 autem
886 888 941 918 spe·

197 936 296 959 ramus,
306 926 328 953 si
340 926 396 954 Deo
409 924 599 964 placuerimus,
610 935 656 953 nos
667 935 720 953 non
732 931 830 953 terram
840 935 941 963 posses-

197 982 283 1007 suros,
297 970 343 1000 sed
356 971 470 1008 caelum5
489 970 554 1006 imo,
570 970 643 1009 quod
657 977 696 999 est
710 970 761 999 hoc
776 971 862 999 multo
875 981 941 1010 prae-

197 1018 320 1053 stantius,
334 1027 473 1056 speramus
485 1017 541 1045 sore
556 1023 586 1045 ut
601 1017 684 1045 simus
698 1027 780 1056 prope
795 1018 895 1053 Deum,
907 1016 940 1045 ad

198 1063 284 1102 ipsam
297 1064 387 1092 sedem
401 1062 539 1091 veniamus
551 1069 700 1101 paternam,
715 1063 739 1090 ei
764 1062 941 1091 ministraturi

198 1119 259 1137 cum
274 1109 385 1147 angelis.
398 1109 433 1137 Et
448 1107 509 1137 vide
524 1107 659 1146 quomodo
672 1119 701 1136 ea
713 1108 787 1147 ponit
798 1108 938 1147 paulatim.

198 1155 267 1184 Nam
285 1155 344 1183 illic
358 1154 468 1192 quidem
486 1154 563 1189 dicit,
589 1155 775 1193 Ingredimur
795 1165 885 1193 usque
902 1155 942 1182 ad

199 1203 339 1229 interiora
349 1200 506 1228 velaminis
516 1211 527 1233 ;
539 1199 583 1228 hic
594 1206 693 1237 autem,
708 1201 766 1228 Per
779 1210 867 1239 quam
875 1210 940 1237 pro-

198 1249 346 1276 ximamus
361 1247 402 1274 ad
417 1247 511 1274 Deum
522 1252 565 1274 :et
580 1252 724 1285 quantum
745 1252 785 1274 est
806 1256 864 1273 non
878 1247 941 1274 sine

195 1292 399 1332 jurejuranda
414 1291 487 1326 Quid
509 1298 558 1327 est,
582 1293 622 1320 Et
645 1298 785 1331 quantum
811 1298 864 1329 est,
883 1302 941 1319 non

199 1338 485 1377 sinejurejurando?
500 1337 556 1366 Hoc
570 1344 618 1371 est,
632 1338 691 1365 Non
707 1338 763 1365 sine
773 1337 938 1375 juramento.

202 1383 270 1412 Ecce
282 1383 334 1412 alia
347 1383 508 1411 differentia.
524 1384 616 1420 Neque
635 1382 692 1410 haec
713 1382 770 1410 sine
786 1393 865 1411 causa
879 1389 941 1410 sunt

202 1429 343 1468 promissa,
358 1428 454 1466 inquit.
465 1428 532 1456 Alii
546 1428 662 1467 quidem
676 1430 739 1457 sine
746 1428 941 1467 jurejurando

201 1475 364 1503 sacerdotes
371 1474 454 1513 sacti
463 1481 550 1507 sunt;
564 1475 610 1502 21.
623 1474 669 1501 lzic
681 1480 776 1501 autem
786 1484 838 1512 per
846 1475 941 1512 jusju-

203 1521 329 1549 randum
341 1530 468 1558 pereum
483 1522 534 1559 qui
547 1520 623 1548 dixit
648 1520 688 1547 ad
703 1519 788 1547 illum
801 1531 808 1546 :
821 1520 941 1548 Juravit
961 1529 978 1550 D

204 1567 348 1595 Dominus
357 1573 384 1594 et
397 1576 455 1594 non
461 1567 610 1604 poenitebit
620 1575 685 1593 eum
696 1577 702 1592 .-
716 1567 756 1594 Τιι
767 1576 796 1594 es
807 1566 942 1594 sacerdos

205 1614 234 1640 in
246 1619 384 1641 {eternum
400 1613 558 1641 secundum
574 1612 703 1639 ordinem
719 1612 941 1641 lilelchisedech.

532 180 560 201 S.

589 179 645 202 ,ΙΟᾹ
654 179 728 202 uuis
756 178 936 201 CHRYSOS'I'.

253 1720 262 1730 ³
276 1712 285 1745 [
299 1718 338 1738 ro:
352 1716 385 1737 ἀεὶ
398 1716 456 1741 ἐ’-,τος
473 1721 549 1745 marg⁴
565 1712 654 1746 δεμ-ἢ]

969 176 986 198 Α
993 176 1109 198 uCfflEP
1116 190 1122 197 .
1152 175 1279 198 CONSTA
1286 177 1406 200 NTINOP
1413 192 1420 199 .

1732 236 1753 246 «x

988 239 1063 265 τοῦτο
1085 241 1241 275 παραχωρεῖ
1262 237 1306 265 καὶ
1320 237 1499 272 ὑπεξίσταται.
1518 237 1705 276 Ἰἰπεισαγωγή
1730 249 1755 265 οε

989 281 1134 321 κρείττονος
1163 282 1266 315 ἐλπίδος
1279 303 1286 316 ,
1316 283 1350 310 δι’
1382 279 1413 317 ἧς
1443 284 1577 322 ἐγγίζομεν
1604 285 1642 322 τῷ
1670 284 1732 321 (θεῷ
1750 293 1755 298 ·

990 327 1034 356 καὶ
1047 327 1156 356 καθόσον
1172 330 1200 356 οὐ
1225 328 1306 368 χωρὶς
1328 330 1502 367 ὁρκωμοσίας.
1518 330 1600 369 Ὁρᾷς
1616 329 1656 358 ὅτι
1676 331 1757 366 ἀναγ-

991 377 1063 402 καῖον
1087 373 1154 401 οὕτω
1176 374 1263 412 γέγονε
1287 374 1316 402 τὸ
1340 377 1384 403 τοῦ
1414 375 1491 413 ὅρκου
1521 377 1649 410 ἐνταῦοα;
1671 375 1756 403 “stote

991 419 1033 448 διὰ
1057 422 1133 448 τοῦτο
1152 420 1238 448 πολλὰ
1263 420 1316 448 ἅνω
1336 421 1531 460 ἐφιλοσόφησεν,
1556 423 1595 449 ὅτι
1621 421 1722 459 ὤμοσεν
1744 423 1757 449 ὁ

991 465 1068 500 Θεὸς,
1083 465 1128 494 καὶ
1143 465 1244 504 ὤμοσεν
1258 465 1449 505 ὓπὲρπλείονος
1462 467 1649 506 πληροφορίας.
1664 467 1757 495 Ἐπει-

991 511 1099 549 σαγωγὴ
1117 511 1142 540 δὲ
1158 511 1304 550 κρείττονος
1319 511 1431 544 ἐλπίδος.
1447 511 1483 541 Τί
1506 513 1562 540 ἐστὶ
1575 516 1650 541 τοῦτο
1664 513 1681 551 3!
1691 508 1757 551 Εἶχε

991 558 1035 586 καὶ
1053 560 1066 586 ὁ
1088 557 1165 595 νόμος
1188 557 1297 594 ἐλπίδα,
1317 557 1405 597 φησὶν,
1428 558 1486 586 ἀλλ’
1504 559 1532 586 οὐ
1550 558 1671 593 τοιαύτην
1683 568 1689 574 ·
1705 558 1757 592 ἤλ-

991 606 1064 638 πιζον
1096 603 1146 643 γὰρ
1177 604 1396 642 εὐαρεστήσαντες
1421 603 1485 637 ἕξειν
1510 604 1557 638 τὴν
1586 606 1634 642 γῆν
1646 625 1653 638 ,
1679 603 1758 641 μηδὲν

991 650 1126 679 πείσεσθαι
1142 650 1224 678 δεινόν
1235 660 1241 666 ·
1253 652 1364 679 ἐνταῦθα
1379 649 1405 678 δὲ
1420 649 1558 687 ἐλπίζομεν
1571 649 1759 688 εὖαρεστήσαν-

992 708 1048 731 τες,
1060 697 1088 725 οὐ
1100 698 1149 734 γῆν
1163 695 1288 731 καθέξειν,
1299 696 1366 725 ἀλλὰ
1377 696 1420 724 τὸν
1434 695 1540 734 οὐρανόν
1552 705 1558 711 ·
1577 696 1675 733 μᾶλλον
1690 694 1731 729 δὲ,
1747 694 1761 723 ὃ

992 743 1081 781 πολλῷ
1096 741 1186 771 τούτου
1202 741 1317 780 κρεῖττόν
1331 743 1411 776 ἐστιν,
1427 742 1564 780 ἐλπίζομεν
1577 741 1651 780 ἐγγὺς
1666 740 1760 776 στήσε-

994 792 1054 818 σθαι
1068 792 1112 817 τοῦ
1125 790 1208 823 Θεοῦ,
1225 789 1287 828 παρ’
1307 787 1383 816 αὐτὸν
1398 787 1469 822 ἥξειν
1483 788 1526 816 τὀν
1544 787 1632 828 θρόνον
1645 787 1687 816 τὸν
1704 798 1759 815 πα-

993 834 1091 874 τρικὸν,
1112 834 1306 873 λειτουργήσειν
1324 834 1394 872 αὐτῷ
1409 833 1476 871 μετὰ
1498 834 1626 872 ἀγγέλων.
1646 832 1699 861 Καὶ
1712 832 1760 870 ὅρα

993 883 1050 913 πῶς
1065 879 1131 909 αὐτὰ
1145 879 1232 915 τίθησι
1246 879 1314 908 κατὰ
1331 879 1433 918 μικρόν.
1448 879 1522 908 Ἐκεῖ
1546 879 1593 917 μὲν
1607 878 1657 916 γάρ
1672 889 1760 916 φησιν,

995 925 1193 966 Εἰσερχομένην
1209 927 1244 958 εἷς
1258 926 1287 954 τὸ
1299 924 1425 964 ἐσώτερον
1439 927 1484 953 τοῦ
1504 924 1742 961 καταπετάσματος
1753 933 1760 938 ·

993 974 1105 1001 ἐνταῦθα
1119 971 1145 1000 δὲ
1154 995 1161 1008 ,
1175 973 1216 1000 Δι’
1226 967 1257 1006 ἧς
1269 970 1404 1009 ἐγγίζομεν
1419 972 1457 1009 τῷ
1467 972 1541 1010 Θεῷ·
1555 970 1600 998 καὶ
1610 969 1720 998 καθόσον
1733 969 1762 997 οὗ

994 1019 1075 1058 χωρὶς
1089 1017 1255 1057 ὁρκωμοσίας
1264 1028 1270 1033 ·
1282 1017 1308 1045 τί
1320 1019 1389 1052 ἐστι,
1402 1017 1455 1046 Καὶ
1466 1016 1575 1045 καθόσον
1589 1018 1617 1045 οὒ
1631 1015 1712 1055 χωρὶς
1721 1016 1762 1054 ὁρ-

995 1063 1146 1102 κωμοσίας;
1159 1062 1314 1098 Τουτέστιν,
1329 1064 1357 1090 οὖ
1376 1062 1457 1102 χωρὶς
1472 1061 1634 1101 ὅρκου.Ἰδοὺ
1643 1060 1761 1095 καὶᾶλλη

995 1110 1114 1149 διαφορά.
1128 1109 1179 1138 Καὶ
1190 1109 1247 1138 οὐδὲ
1264 1109 1353 1141 ἁπλῶς
1375 1111 1459 1136 ταῦτα
1481 1108 1657 1146 ἐπήγγελται,
1670 1107 1760 1146 φησίν.

993 1157 1028 1185 Οἱ
1041 1156 1087 1193 μὲν
1098 1155 1148 1194 γὰρ
1160 1154 1241 1195 χωρὶς
1255 1154 1420 1193 ὁρκωμοσίας
1432 1154 1496 1183 εἰσὶν
1507 1154 1583 1192 ἱερεῖς
1593 1153 1736 1191 γεγονότες·
1749 1155 1763 1182 ὁ

994 1202 1020 1230 δὲ
1036 1203 1092 1239 μεθ’
1114 1199 1296 1240 ὁρκωμοσίας,
1318 1199 1360 1228 διὰ
1380 1202 1424 1228 τοῦ
1447 1199 1566 1237 λέγοντος
1586 1199 1651 1238 πρὸς
1674 1199 1762 1235 αὐτὸν,

993 1247 1080 1285 ὤμοσε
1094 1246 1188 1285 Κύριος
1198 1269 1204 1281 ,
1218 1246 1263 1274 καὶ
1276 1247 1304 1273 οὐ
1317 1245 1579 1282 μεταμεληθήσεται,
1592 1244 1622 1272 σὺ
1635 1244 1716 1284 ἱερεὺς
1728 1246 1763 1277 εἷς

993 1293 1035 1321 τὸν
1050 1294 1131 1320 αἰῶνα
1147 1292 1214 1320 κατὰ
1229 1291 1276 1326 τὴν
1291 1290 1363 1323 τάξιν
1380 1290 1550 1329 Μελχισεδέχ
1560 1300 1566 1306 ·
1579 1290 1649 1319 κατὰ
1668 1294 1764 1319 τοσοῦ-

992 1350 1035 1366 τον
1050 1337 1195 1375 κρείττονος
1208 1336 1336 1371 διαθήκης
1356 1336 1459 1374 γέγονεν
1482 1335 1572 1375 ἔγγυος
1583 1336 1694 1371 Ἰησοῦς.
1710 1336 1763 1365 Καὶ

994 1386 1017 1412 οἱ
1032 1383 1078 1421 μὲν
1092 1383 1209 1415 πλείονές
1223 1384 1274 1411 εἶσι
1287 1382 1420 1420 γεγονότες
1435 1382 1527 1421 ἱερεῖς,
1549 1381 1591 1410 διὰ
1605 1382 1635 1411 τὸ
1659 1382 1763 1420 θανάτῳ

993 1429 1140 1458 κωλύεσθαι
1154 1428 1314 1467 παραμένειν
1327 1437 1333 1443 ”
1354 1430 1367 1456 ὁ
1385 1427 1412 1456 δὲ
1427 1428 1469 1456 διὰ
1488 1427 1517 1456 τὸ
1533 1427 1618 1465 μένειν
1635 1427 1712 1456 αὐτὸν
1726 1429 1763 1460 εἷς

994 1474 1037 1503 τὸν
1059 1476 1156 1509 αἰῶνα,
1170 1474 1340 1513 ἀπαράὸατον
1356 1473 1412 1512 ἔχει
1424 1473 1471 1508 τὴν
1484 1473 1637 1512 ἱερωσύνην.
1652 1473 1706 1502 Δύο
1721 1473 1763 1501 τί-

995 1524 1055 1556 θησι
1068 1520 1205 1559 διαφορὰς,
1221 1519 1260 1548 ὅτι
1274 1521 1321 1548 οὐκ
1335 1520 1390 1558 ἔχει
1404 1519 1476 1552 τέλος
1485 1542 1492 1555 ,
1505 1518 1594 1558 ὥσπερ
1614 1521 1631 1554 ἡ
1647 1518 1743 1556 νομικὴ
1755 1541 1763 1554 ,

996 1566 1041 1595 καὶ
1053 1566 1092 1595 ὅτι
1105 1568 1161 1603 μεθ’
1172 1565 1350 1605 ὁρκωμοσίας·
1361 1568 1437 1594 τοῦτο
1451 1564 1477 1594 δὲ
1488 1568 1558 1593 ποιεῖ
1572 1564 1624 1593 ἀπὸ
1638 1567 1682 1593 τοῦ
1698 1565 1765 1603 Χρι-

997 1615 1057 1641 στοῦ
1071 1615 1080 1627 ³
1090 1615 1135 1641 τοῦ
1149 1611 1280 1649 μετιόντος
1291 1621 1297 1627 ·
1313 1610 1389 1640 Κατὰ
1403 1610 1510 1648 δύναμιν
1521 1609 1587 1649 γὰρ,
1601 1609 1679 1649 φησὶ,
1695 1610 1763 1645 ζωῆς

625 1804 799 1832 MUTIANO
822 1804 1076 1834 SCHOLASTICO
1103 1802 1352 1834 INTERPRETE.

205 1889 247 1917 lex
261 1888 273 1916 ἶ)
288 1889 392 1917 Profuit
406 1889 515 1926 quiden]
526 1912 534 1925 ‚
548 1889 627 1918 valde
638 1890 739 1929 profuit
750 1913 758 1927 ,
774 1891 821 1919 sed
833 1891 867 1919 ad
880 1892 1018 1921 faciendos
1026 1892 1155 1931 perfectos
1168 1891 1237 1920 nihil
1249 1891 1359 1930 profuit.
1377 1890 1452 1919 Nihil
1466 1900 1527 1929 ergo
1540 1890 1685 1929 perfectum
1702 1889 1763 1919 fecit

204 1936 248 1964 lex
266 1936 362 1974 :juxta
386 1936 434 1963 hoc
449 1936 549 1975 quippe
568 1936 635 1964 dicit
657 1937 746 1965 omnia
765 1937 833 1976 legis
847 1938 944 1966 formas
962 1949 1017 1967 csse
1031 1945 1055 1966 et
1069 1938 1194 1973 umbras,
1211 1937 1395 1973 circumcisio,
1408 1937 1587 1971 sacrificium,
1610 1937 1761 1965 sabbatum.

205 1984 264 2012 Non
280 1982 386 2011 valebat
402 1993 465 2021 ergo
476 1983 638 2022 pertransire
652 1984 678 2012 in
691 1985 808 2013 animam
820 1997 825 2012 ε
841 1993 950 2025 propter
962 1986 1012 2015 hoc
1024 1986 1103 2015 etiam
1126 1986 1195 2015 cedit
1209 1993 1289 2024 atque
1302 1985 1426 2014 discedit.
1444 1986 1624 2013 Introductio
1637 1986 1762 2013 melioris

204 2031 279 2069 spei,
292 2040 442 2069 perquam
458 2033 723 2070 appropinquamus
741 2033 803 2061 Deo
813 2044 821 2070 3
838 2039 865 2061 et
878 2034 1037 2062 secundum
1054 2034 1133 2072 quod
1145 2044 1203 2061 non
1221 2034 1283 2061 sine
1291 2032 1495 2071 jurejurando,
1504 2028 1619 2060 'Intueris
1637 2032 1699 2069 quia
1716 2042 1764 2060 ne—

205 2077 349 2106 cessarium
369 2077 424 2105 illic.
438 2077 488 2106 fuit
500 2078 713 2117 jusjurandum?
729 2086 757 2107 ut
771 2086 881 2118 propter
894 2080 943 2108 hoc
958 2080 1042 2108 multa
1058 2080 1180 2118 superius
1200 2079 1436 2118 philosopharetur
1451 2090 1457 2105 :
1474 2078 1546 2114 Quia
1554 2078 1658 2117 juravit
1669 2079 1764 2107 Domi-

207 2135 271 2159 nus,
288 2131 312 2152 et
325 2124 428 2163 juravit
441 2124 477 2152 ad
494 2125 607 2153 multam
625 2132 744 2154 nostram
760 2125 976 2155 satisfactionem.
994 2127 1195 2160 Introductio,
1210 2125 1311 2164 inquit,
1327 2126 1455 2153 melioris
1469 2126 1537 2163 spei.
1552 2125 1652 2153 Habuit
1664 2125 1765 2165 quippe

207 2178 232 2199 et
244 2171 291 2199 illa
306 2182 380 2210 spem
390 2194 398 2207 ⁷
412 2170 457 2199 sed
479 2181 530 2199 non
549 2171 628 2200 talem
647 2184 651 2198 z
671 2172 813 2210 sperabant
828 2172 898 2201 enim
912 2173 979 2201 bene
991 2173 1123 2212 placentes
1136 2173 1273 2212 possidere
1287 2179 1394 2209 terram,
1408 2172 1477 2200 nihil
1491 2182 1671 2200 aerumnosum
1686 2173 1743 2211 pati
1757 2185 1764 2209 ;

208 2218 252 2247 hic
276 2226 365 2247 autem
387 2229 525 2259 speramus
543 2220 606 2257 quia
629 2219 761 2258 placentes
785 2230 836 2249 non
855 2227 952 2249 terram
967 2220 1167 2260 possidebimus
1178 2244 1186 2257 ,
1198 2220 1245 2249 sed
1267 2220 1377 2255 caelum;
1395 2219 1480 2258 magis
1495 2226 1600 2257 autem,
1616 2219 1687 2258 quod
1700 2220 1764 2248 caelo

209 2266 293 2294 multo
305 2265 402 2294 melius
416 2273 454 2294 est
469 2288 476 2301 ‚
498 2276 636 2305 speramus
649 2266 766 2305 proximi
784 2267 841 2295 Deo
857 2268 1010 2303 consistere,
1025 2267 1060 2296 ad
1075 2268 1162 2309 ipsum
1174 2274 1314 2306 paternum
1330 2267 1426 2296 solium
1442 2267 1599 2306 pervenire,
1613 2266 1766 2295 ministrare

208 2313 231 2341 ei
246 2323 307 2341 cum
318 2313 429 2351 angelis.
442 2313 477 2342 Et
494 2313 556 2341 vide
567 2312 701 2351 quomodo
718 2313 775 2341 haec
789 2313 887 2342 sensim
899 2320 922 2342 cl
938 2314 1099 2353 pedetentim
1112 2314 1238 2354 proponit
1256 2327 1261 2342 ε
1277 2314 1333 2342 illic
1348 2324 1477 2352 namque,
1494 2315 1658 2342 Intrantem
1671 2315 1702 2341 in
1721 2315 1766 2341 in-

209 2362 314 2388 teriora
327 2361 484 2388 velaminis
495 2383 502 2397 ,
518 2360 563 2388 hic
577 2367 665 2388 autem
679 2366 754 2388 extra
769 2360 899 2389 velamen.
916 2362 974 2389 Per
985 2371 1073 2399 quam
1085 2363 1362 2400 appropinquamus,
1377 2360 1472 2399 inquit,
1488 2361 1559 2396 Deo,
1568 2366 1596 2388 et
1607 2360 1764 2388 secundum

208 2408 285 2444 quod
295 2417 353 2434 non
365 2410 427 2435 sine
439 2407 641 2446 jurejurando.
656 2406 732 2442 Quid
748 2413 785 2434 cst
795 2429 803 2443 ,
823 2408 861 2435 Et
872 2409 1029 2436 secundnm
1042 2409 1121 2447 qnod
1138 2419 1196 2436 non
1209 2410 1271 2436 sine
1279 2408 1473 2446 jurejurando
1485 2410 1498 2434 Ρ
1512 2407 1568 2435 Hoc
1581 2413 1629 2443 cst,
1639 2407 1686 2422 *³⁶*
1696 2406 1765 2435 Ecce

206 2460 231 2481 et
243 2453 293 2481 alia
308 2453 476 2490 differentia3
492 2461 516 2482 et
531 2464 583 2482 non
595 2454 752 2494 simpliciter
762 2454 819 2483 haec
834 2454 964 2494 promissa
980 2463 1050 2484 sunt.
1065 2457 1118 2484 Illi
1133 2457 1250 2495 quidem
1265 2459 1328 2484 sine
1335 2455 1528 2494 jurejurando
1541 2461 1608 2483 sunt
1628 2456 1764 2483 sacerdo-

207 2506 247 2527 tes
264 2501 382 2539 e[fecti;
398 2502 450 2529 iste
459 2503 725 2541 cumjurejurando
734 2513 785 2541 per
793 2503 936 2531 dicentem
950 2503 991 2531 ad
1004 2514 1067 2531 eum
1082 2515 1089 2530 :
1103 2504 1220 2532 Juravit
1234 2504 1382 2531 Dominus
1394 2525 1400 2533 ‚
1417 2509 1444 2530 et
1462 2512 1519 2530 non
1529 2503 1676 2540 poenitebit
1685 2513 1763 2531 eum:

209 2547 250 2574 Tu
263 2556 291 2574 es
303 2548 435 2575 sacerdos
450 2551 480 2576 in
491 2556 630 2577 (eternum
642 2551 797 2579 secundum
810 2551 939 2578 ordinem
953 2551 1155 2579 Melchisedec.
1174 2553 1209 2578 In
1228 2557 1339 2579 tantum
1356 2550 1483 2578 melioris
1498 2552 1665 2578 testamenti
1676 2560 1762 2588 spon—
