1906 2846
232 178 299 224 278
561 187 589 206 5.
617 183 754 206 tompus
780 180 962 203 cunvsosr.
993 180 1144 203 aucun-21³.
1172 180 1438 203 coxs'rm‘rinor.

227 261 316 279 comm
327 248 535 278 omnihusN'am
548 245 644 282 cogita,
654 248 900 281 q11mso‚q11ant111n
911 248 966 270 crat
1022 243 1066 270 καὶ
1086 244 1121 274 ὡς
1140 242 1183 270 ἐπὶ
1203 242 1309 280 ἄριστον
1329 241 1383 279 βίον
1407 242 1645 278 μετε).Οόντας,κα“ι
1664 242 1714 269 τῶν
1735 254 1785 269 πα-

228 297 344 327 malum,
357 305 416 322 cum
431 294 464 320 ab
480 290 630 319 humilitate
643 288 754 319 ,ludaica
775 287 964 324 descivissent,
1021 287 1112 326 τρῴων
1139 287 1403 326 καταφρονήσαντας,
1431 288 1474 315 ὕπ’
1501 288 1585 315 αὐτῶν
1608 289 1660 316 τῶν
1684 288 1785 316 οἰκείων

226 349 357 378 eth-unqu
352 350 393 367 1111
410 338 444 365 :ul
461 337 542 365 vitun
559 335 686 385 optimam
703 333 967 368 t1ansiissent,et1es
1022 333 1134 371 πάσχειν
1156 336 1257 368 κακῶς,
1270 333 1314 361 καὶ
1330 332 1462 370 μηδεμίαν
1477 332 1546 371 ἔχειν
1561 333 1708 371 ἀντίληψιν,
1727 334 1786 361 Οὐκ

225 394 298 425 pum
302 397 323 413 11
327 397 346 413 ιε
359 383 573 421 ttosp1xissent,a
587 381 642 408 suis
658 380 726 407 male
742 379 814 417 pati,
829 385 853 406 et
865 378 966 406 nullam
1021 378 1090 417 ἔχω,
1106 379 1193 417 φησὶν,
1211 380 1302 413 εἰπεῖν,
1318 379 1357 406 ὅτι
1371 380 1455 406 ταῦτα
1477 379 1586 406 ἐπάθετε
1607 377 1663 415 μὲν,
1681 379 1786 416 ἠλγεῐτε

225 432 321 459 hahme
347 428 544 458 ddcnsionemq
558 428 616 455 Non
632 435 754 464 possum,
763 424 864 462 inquit,
878 424 966 452 dicere
1022 425 1047 453 δὲ
1059 447 1066 459 ,
1084 425 1151 453 ἀλλὰ
1172 424 1217 452 καὶ
1232 424 1331 463 σφόδρα
1353 423 1480 463 ἐχαίρετε.
1497 423 1549 452 Καὶ
1567 427 1642 452 τοῦτο
1657 423 1785 457 ἐδήλωσεν

225 477 296 514 quod
314 476 370 504 haec
390 474 499 513 quidem
519 472 589 512 passi
606 471 683 505 estis,
693 471 738 499 sed
757 470 897 507 doluistis3
912 470 965 498 imo
1021 470 1113 507 εἰπὼν,
1127 472 1212 499 Τοῦτο
1230 470 1270 501 δὲ,
1291 469 1409 498 κοινωνοὶ
1432 472 1505 498 ἔ’τῶν
1527 469 1608 501 οὕτως
1627 471 1786 507 ἀναστρεφο-

225 532 286 550 xero
299 521 378 549 etiam
393 520 475 549 valde
491 518 571 546 laetati
588 517 658 545 estis.
672 516 705 544 Et
722 517 772 545 hoe
788 516 963 554 significavit,
1021 516 1104 553 μένων
1126 515 1291 555 γενηθέντες’
1306 515 1351 543 καὶ
1369 514 1419 554 γὰρ
1436 519 1490 548 τοῖς
1510 515 1625 552 δεσμίοις
1639 513 1787 548 συνεπαθή-

224 567 326 599 (licens.
340 568 372 594 In
389 567 481 594 altero
493 570 590 592 autem
607 564 678 591 socii
687 563 765 600 facti
786 571 884 590 eornm
897 562 965 590 tali·
984 573 1002 594 ι)
1020 574 1095 590 σατε·
1105 562 1149 590 καὶ
1163 561 1253 594 αὐτοὺς
1267 561 1339 600 φέρει
1354 563 1389 593 εἷς
1404 561 1482 599 μέσον
1497 560 1555 592 τοὺς
1570 560 1787 591 ἀποστόλους.οὖ

184 615 187 620 '
225 621 269 642 ter
291 614 521 642 conversancium
538 622 546 637 ε
563 620 631 637 nam
651 615 677 637 et
694 610 802 637 vinctis
821 610 966 647 compassi
1020 607 1107 645 μόνον,
1124 608 1213 646 φησὶν,
1231 608 1274 636 ἐπὶ
1289 611 1344 639 τοῖς
1359 606 1463 638 οἰκείοις
1485 608 1531 635 οὐκ
1544 605 1702 645 ᾐσχύνεσθε,
1719 605 1786 633 ἀλλὰ

224 663 293 689 estis
305 672 312 687 .·
325 667 349 688 et
366 658 499 697 apostolos
513 656 626 685 adducit
645 655 672 683 in
696 654 823 684 medium.
839 655 899 683 Non
920 664 964 683 so·
1019 653 1064 682 καὶ
1074 657 1128 686 τοῖς
1138 653 1226 685 ἄλλοις
1239 654 1399 681 ε’κοινωνεῐτε
1410 656 1464 684 τοῖς
1476 654 1561 680 ταῦτα
1573 651 1787 680 παθοῦσι.Τοῧτο

225 706 295 741 lum,
312 705 412 742 inquit,
432 714 483 731 non
497 713 545 731 vos
563 701 660 741 puduit
677 707 785 740 propter
807 700 963 737 familiares,
1019 699 1064 728 καὶ
1082 700 1298 737 παρακαλοῦντος
1320 698 1412 730 αὐτούς
1433 700 1515 727 ἔστιν.
1530 699 1589 725 Οὐκ
1608 693 1681 731 εἶπε,
1696 696 1787 735 φέρετε

224 749 270 777 sed
285 749 398 776 aliorum
412 747 503 783 etiam,
518 746 563 784 qui
576 745 634 773 haec
649 744 719 783 passi
734 750 806 777 sunt=
825 743 913 772 fuistis
926 754 966 772 so·
1020 744 1066 776 τὰς
1085 744 1183 783 θλίψεις
1195 744 1242 777 τὰς
1256 744 1334 781 ἐμὰς,
1349 743 1497 773 κοινωνεῖτέ
1512 755 1570 781 μοι,
1582 741 1662 771 ι’ἀλλ’
1678 742 1768 774 ἁπλῶς
1778 763 1785 776 ,

224 795 266 822 cii.
288 794 344 822 Hoc
363 800 400 821 est
416 792 497 821 etiam
512 791 688 820 adhortantis.
711 791 770 819 Non
782 789 868 827 dixit,
882 790 967 818 Fertis
1020 792 1083 824 Τοῖς
1098 791 1212 847 δεσμίοις
1226 791 1433 825 συνεπαθήσατε.
1451 789 1532 828 Ὁρᾷς
1553 789 1593 818 ὅτι
1612 787 1674 828 περὶ
1693 789 1786 816 ἑαυτοῦ

224 850 294 867 meas
304 839 476 873 afflictiones,
488 837 629 866 mihicstis
643 836 725 873 socii,
735 835 781 865 sed
796 835 847 864 hoc
864 842 966 864 tantum
1021 848 1084 876 φησι
1108 848 1152 864 και
1177 838 1228 864 τῶν
1254 836 1339 864 ἄὶλων
1363 837 1414 863 τῶν
1441 836 1495 864 δΞῙΞ
1499 834 1598 872 μένων;
1625 833 1718 865 Οἰιτως
1741 834 1789 871 οὐχ

225 886 334 913 I'inctis
356 885 499 922 compassi
518 885 596 911 estis.
614 882 698 912 Vides
712 880 785 919 quod
800 881 833 909 de
855 892 882 909 se
896 881 987 928 dicat
990 882 1156 937 5ἧ(ήσασΟ.-;
1178 882 1204 910 δ;
1207 881 1262 919 σιιὰ
1282 876 1347 909 jum.
1365 881 1397 909 τὰ
1413 880 1511 918 &gr-ua,
1528 881 1585 908 ἁ)λ’
1602 879 1692 918 ωσπερ
1706 879 1787 912 ἀθλη-

223 938 249 959 et
271 930 304 959 de
325 930 385 958 aliis
399 929 519 959 xinctis?
534 929 626 967 Usque
646 927 711 956 adeo
737 938 789 956 non
809 927 967 956 existimatis
977 909 1013 959 A5
1022 927 1066 956 ταὶ
1079 932 1206 965 γενναῖοι,
1215 926 1260 954 ούτ
1262 938 1296 958 ως
1309 926 1387 961 {cvm
1379 937 1415 954 ,ἐ
1428 925 1467 953 ὅτι
1480 927 1507 954 οὗ
1526 925 1601 963 μόνον
1616 926 1641 953 ἐν
1656 929 1710 957 τοῖς
1723 925 1773 961 ἱιεμ
1763 940 1790 951 ε·

224 976 332 1004 vincula
347 986 402 1004 csse
417 975 542 1010 vincula,
557 974 603 1002 sed
615 981 752 1012 tamquam
766 974 807 1001 [οι
810 980 846 1001 tes
861 979 886 1001 et
899 979 965 1001 stre—
1021 985 1049 1001 τε
1039 973 1105 1011 ζροις
1125 975 1171 1001 οὐκ
1197 973 1237 1001 56:
1228 972 1298 1001 εσθε
1315 971 1521 1011 παρακλήσεως,
1537 970 1606 999 ἄλλα
1620 970 1666 999 καὶ
1678 974 1732 1002 τοῖς
1745 969 1792 998 ἄλ-

226 1021 272 1049 nui
295 1021 402 1049 athletae
417 1020 526 1048 stetistis
544 1031 550 1046 :
565 1019 693 1057 quoniam
707 1029 760 1047 non
775 1019 863 1046 solum
878 1018 905 1046 in
920 1028 967 1046 ve-
1021 1020 1076 1050 λοις
1100 1019 1217 1056 ἐγένεσθε
1241 1018 1420 1057 παράκλησις.
1447 1017 1498 1045 Καὶ
1522 1015 1570 1050 τὴν
1592 1014 1714 1054 ἁρπαγὴν
1737 1016 1789 1043 τῶν

223 1067 285 1095 stris
300 1077 351 1095 non
370 1077 437 1105 opus
458 1065 598 1093 habebatis
612 1065 807 1096 consolationel
827 1064 875 1092 sed
886 1064 966 1092 etiam
1021 1063 1193 1102 ὑπαρχόντων
1209 1065 1281 1100 ὑμῶν
1299 1062 1365 1100 μετὰ
1380 1067 1466 1101 χαρᾶς
1479 1060 1679 1101 προσεδέξασθε.
1690 1059 1789 1092 Βαὸαὶ,

222 1113 288 1141 alios
306 1112 368 1140 estis
386 1111 524 1140 consolati.
539 1112 579 1139 El
597 1112 733 1149 rapinam
756 1112 897 1138 bonorum
915 1120 965 1137 ‘ve-
1021 1109 1090 1144 πόση
1112 1107 1276 1147 πληροφορία
1295 1107 1418 1140 πίστεως.
1430 1103 1496 1135 Εἶτα
1515 1106 1559 1135 καὶ
1577 1107 1624 1142 τὴν
1645 1105 1732 1134 αἰτίαν
1751 1106 1790 1134 τί-

222 1165 347 1186 strorum
369 1167 432 1185 cum
449 1157 557 1195 gaudio
577 1157 750 1193 suscepistis.
770 1156 866 1194 Papae,
887 1165 968 1192 quam
1022 1158 1106 1191 θησιν,
1118 1155 1146 1182 οὐ
1163 1155 1240 1192 μόνον
1255 1154 1319 1193 πρὸς
1333 1153 1393 1185 τοὺς
1409 1153 1501 1185 ἄθλους
1514 1152 1606 1185 αὐτοὺς
1617 1152 1789 1192 παρακαλῶν,

223 1210 293 1232 certa
308 1209 332 1231 et
347 1203 425 1241 plena
441 1201 503 1230 fidei
516 1200 671 1240 persuasio!
685 1199 788 1228 Deinde
799 1201 876 1228 affert
888 1200 968 1228 etiam
1022 1200 1089 1230 ἀλλὰ
1113 1200 1158 1230 καὶ
1177 1199 1241 1238 πρὸς
1263 1200 1292 1228 τὸ
1315 1199 1351 1237 μὴ
1374 1199 1577 1232 διασαλευθῆναι
1598 1200 1646 1232 τῆς
1667 1197 1789 1230 πίστεως.

222 1260 345 1285 causam,
361 1259 413 1277 non
436 1248 524 1276 solum
544 1258 588 1276 eos
603 1247 748 1275 adhortans
763 1246 797 1275 ad
812 1246 966 1282 certamina,
1021 1246 1074 1275 Τὸν
1090 1246 1214 1285 ὑμέτερον
1229 1246 1351 1278 πλοῦτον,
1365 1244 1455 1283 φησὶν,
1469 1243 1649 1281 ἁρπαζόμενον
1665 1245 1790 1280 ὁρῶντες,

221 1295 269 1324 sed
281 1295 363 1322 etiam
380 1300 409 1321 ut
424 1304 438 1321 a
454 1293 509 1321 fide
522 1303 574 1321 non
594 1292 693 1320 labent.
706 1291 846 1326 Videntcs‚
863 1292 966 1329 inquit,
1020 1291 1163 1329 ἠνέγκατε·
1178 1290 1228 1325 ἤδη
1249 1290 1300 1328 γὰρ
1314 1290 1356 1318 τὸν
1373 1291 1401 1317 οὖ
1418 1288 1572 1327 φαινόμενον
1587 1290 1622 1321 ὡς
1636 1287 1790 1327 φαινόμενον

222 1346 322 1368 vestras
343 1339 455 1367 divitias
469 1338 567 1377 diripi,
581 1337 714 1366 tolerastis
729 1338 801 1375 :jam
822 1337 893 1365 enim
909 1347 967 1375 quae
1021 1339 1131 1375 ἑωρᾶτε·
1147 1335 1212 1391 οπερ
1230 1336 1383 1373 ειλικρινοῧς
1397 1334 1511 1366 πίστεως
1525 1336 1574 1368 ἠν·
1591 1334 1636 1362 καὶ
1652 1334 1684 1362 δι’
1704 1334 1790 1362 αὐτῶν

222 1383 341 1412 nondum
357 1384 522 1423 apparebant
538 1383 643 1411 vidistis
661 1389 796 1419 tamquam
810 1393 869 1420 quae
884 1393 968 1421 appa-
985 1389 1003 1410 Β
1021 1385 1072 1410 τῶν
1084 1381 1166 1419 ἔργων
1181 1380 1261 1414 αὐτὴν
1274 1379 1450 1413 ἐπεδείξασθε.
1460 1380 1500 1408 Τὸ
1514 1378 1560 1417 μὲν
1575 1382 1618 1408 οὖν
1629 1379 1790 1417 ἁπραγηναι,

222 1437 308 1458 rerent
320 1441 326 1456 τ
339 1429 412 1467 quod
426 1429 534 1458 sincerae
545 1427 674 1456 eratfidei
690 1439 696 1454 τ
710 1435 735 1455 et
748 1428 824 1455 factis
834 1427 898 1466 ipsis
910 1438 969 1455 eam
1023 1427 1084 1460 ἴσως
1103 1439 1150 1461 της
1173 1426 1231 1464 βίας
1251 1428 1282 1460 ἠν
1306 1438 1358 1454 των
1387 1425 1571 1463 ἁρπαζόντων,
1585 1437 1630 1453 και
1655 1423 1773 1457 οὐδεὶς
1760 1436 1790 1453 αν

222 1475 381 1503 ostendistis.
406 1477 442 1503 Ac
459 1485 551 1513 rapere
573 1473 682 1511 quidem
701 1480 757 1501 erat
776 1473 888 1501 fortasse
903 1473 964 1502 vio-
1022 1473 1135 1508 ἠδύνατο
1151 1474 1285 1500 κωλῦσαι
1301 1471 1369 1500 ὅστε
1384 1470 1486 1499 οὐδέπω
1500 1482 1576 1500 τουτο
1591 1470 1709 1505 δηλον,“’
1693 1482 1734 1499 οτι
1748 1469 1791 1499 διὰ

222 1520 310 1548 lentiae
330 1531 420 1548 eorum
443 1519 490 1557 qui
509 1519 666 1557 rapiebant,
680 1529 727 1546 nec
746 1518 874 1557 potuisset
893 1518 969 1556 quis·
1022 1518 1069 1553 τὴν
1092 1518 1181 1548 πίστιν
1204 1517 1252 1552 τὴν
1274 1517 1395 1556 ἁρπαγὴν
1411 1516 1579 1554 ὑπεμείνατε.
1594 1516 1687 1545 Καίτοι
1700 1527 1732 1554 γε
1745 1515 1790 1544 καὶ

222 1566 299 1605 piam
311 1565 651 1605 prohibere.Quamobrem
664 1564 783 1593 nondum
795 1570 834 1592 est
848 1564 898 1592 hoc
910 1575 969 1603 per·
1022 1567 1097 1593 τοῦτο
1113 1564 1204 1599 δῆλον·
1216 1565 1275 1598 ἐνῆν
1288 1563 1354 1602 γὰρ,
1365 1562 1439 1600 εἴπερ
1451 1561 1604 1598 ἐδούλεσθε,
1617 1561 1654 1600 μὴ
1670 1561 1790 1600 ἁρπαγῆ-

257 1672 267 1683 a
283 1664 338 1697 Ιτῶν
354 1667 410 1689 οὕτω
427 1670 557 1696 πασχόντων
572 1665 600 1688 Α.
616 1665 643 1688 Β.
656 1662 780 1688 Commel.
802 1671 880 1696 marg.
901 1663 978 1688 savit.
1065 1665 1077 1684 b
1098 1663 1193 1697 [Iidem
1206 1666 1278 1692 ἀλλὰ,
1293 1667 1333 1692 τὰς
1345 1665 1456 1696 ὑμετέρας
1469 1663 1601 1691 αἰδέσθητε,
1613 1664 1650 1686 καὶ
1660 1659 1695 1694 τ.]

224 1710 249 1728 et
260 1710 363 1736 uterque
375 1704 439 1734 tur]

639 1787 813 1816 MUTIANO
834 1786 1088 1817 SCHOLASTICO
1110 1787 1359 1818 INTERPRETE.

224 1900 271 1928 sed
282 1899 368 1927 multo
378 1897 504 1937 amplius,
514 1907 574 1926 cum
587 1907 676 1926 coram
689 1897 823 1925 omnibus.
832 1896 964 1935 Dic2enim
975 1896 1053 1934 mihi,
1064 1903 1195 1935 quantum
1207 1903 1264 1925 erat
1275 1896 1374 1925 malum
1389 1895 1575 1924 descendentes
1585 1894 1620 1923 ab
1630 1893 1788 1923 infirmitate

223 1948 239 1976 J
243 1946 345 1983 udaica,
359 1952 383 1974 et
398 1945 432 1974 ad
449 1945 580 1984 optimam
593 1945 677 1974 vitam
694 1951 870 1981 transeuntes,
886 1951 911 1972 et
925 1951 1049 1983 paternas
1063 1944 1219 1973 traditiones
1234 1950 1443 1979 contemnentes,
1461 1949 1491 1970 ut
1504 1942 1540 1970 ab
1555 1942 1622 1981 ipsis
1636 1941 1790 1970 domesticis

224 1999 376 2033 paterentur
391 1992 474 2021 multa
486 1992 568 2029 mala,
578 1999 603 2020 et
618 1991 721 2020 nullam
738 1991 865 2020 haberent
878 1991 1057 2020 defensionem
1068 1992 1081 2019 ἶ)
1091 1992 1150 2020 Non
1161 1991 1257 2026 haheo,
1270 1990 1370 2028 inquit,
1383 1989 1455 2028 quod
1470 1989 1559 2017 dicam
1571 1988 1633 2026 quia
1647 1988 1705 2016 haec
1718 1986 1790 2027 passi

224 2040 334 2079 quidem
347 2039 420 2075 estis,
437 2046 462 2067 et
478 2039 545 2068 forte
560 2039 697 2074 doluistis,
710 2038 763 2066 imo
783 2038 869 2077 magis
885 2038 1052 2077 gaudebatis.
1069 2038 1126 2066 Hoc
1141 2038 1316 2076 significavit,
1333 2036 1425 2064 dicens
1441 2047 1447 2063 :
1461 2036 1539 2064 Socii
1554 2036 1656 2063 taliter
1673 2036 1788 2072 patien-

223 2089 295 2114 tium
302 2085 385 2125 sacti
403 2096 411 2111 .·
426 2091 450 2112 et
466 2085 538 2123 ipsos
559 2085 694 2123 apostolos
709 2084 859 2123 producens
874 2085 902 2112 in
924 2083 1053 2112 medium.
1069 2085 1127 2112 Non
1145 2084 1242 2120 solum,
1259 2082 1363 2121 inquit,
1378 2082 1405 2110 in
1420 2081 1536 2121 propriis
1550 2079 1720 2120 passionibus
1735 2089 1787 2107 non

222 2132 386 2168 erubescitis,
397 2131 462 2169 quin
474 2131 554 2160 etiam
568 2131 629 2159 aliis
640 2131 729 2159 taliter
743 2131 907 2170 patientibus
921 2131 986 2159 socii
997 2131 1058 2159 facti
1074 2130 1210 2159 estisHoc
1221 2137 1247 2159 et
1261 2129 1420 2158 consolantis
1435 2135 1473 2157 est
1484 2134 1510 2156 et
1520 2127 1662 2156 hortantis.
1674 2127 1732 2155 Non
1745 2125 1788 2154 di-

223 2180 272 2217 xit,
286 2180 412 2208 sustinete
420 2178 605 2207 tribulationes
616 2189 697 2214 meas,
711 2178 848 2206 efficimini
861 2178 925 2206 socii
937 2178 1005 2206 mihi
1018 2189 1026 2215 ;
1040 2177 1095 2214 sed,
1104 2177 1332 2207 verecundamini
1343 2176 1479 2215 passiones
1493 2181 1602 2204 vestras.
1614 2175 1656 2202 Ec
1667 2175 1786 2209 vinclis,

223 2226 322 2265 inquit,
338 2227 480 2265 compassi
494 2227 570 2254 estis.
589 2224 673 2254 Vides
691 2225 753 2262 quia
770 2224 803 2253 de
816 2225 904 2264 seipso
922 2224 988 2253 dicit
1002 2231 1027 2253 et
1041 2224 1074 2253 de
1093 2225 1154 2253 aliis
1169 2223 1291 2253 vinctis?
1307 2224 1366 2252 Non
1383 2223 1453 2251 enim
1473 2221 1586 2261 putastis
1602 2220 1712 2251 vincula
1733 2229 1789 2248 esse

223 2273 269 2302 illa
280 2273 400 2310 vincula,
416 2272 463 2301 sed
473 2272 542 2301 sieut
557 2271 663 2300 athletae
675 2272 765 2308 fortes,
780 2272 817 2300 sic
832 2272 939 2300 stetistis
953 2272 1015 2310 quia
1029 2282 1082 2300 non
1096 2272 1182 2300 solum
1198 2271 1224 2300 in
1236 2271 1331 2300 vestris
1345 2280 1413 2310 opus
1429 2279 1480 2298 non
1493 2268 1627 2297 habuistis
1635 2266 1789 2296 hortatione

224 2320 267 2348 vel
285 2320 480 2356 consolatione,
494 2329 589 2348 verum
610 2318 690 2347 etiam
705 2319 764 2347 aliis
778 2319 895 2348 hortatio
910 2326 935 2348 et
949 2319 1094 2348 consolatio
1116 2319 1177 2348 facti
1198 2318 1270 2348 estis.
1288 2319 1325 2346 Et
1348 2319 1469 2356 rapinas
1486 2317 1717 2345 substantiarum
1738 2324 1788 2342 ve·

223 2373 351 2395 §irarum
365 2377 430 2395 cum
445 2366 552 2405 gaudio
563 2366 736 2403 suscepistis.
749 2365 914 2394 Mirabiliter
929 2366 1057 2394 satisfacit
1069 2372 1094 2394 et
1107 2366 1272 2404 comprobat.
1284 2364 1389 2394 Deinde
1406 2374 1513 2392 causam
1526 2371 1632 2400 quoque
1646 2359 1720 2399 ponit
1734 2369 1787 2388 non

224 2413 309 2442 solum
325 2414 360 2441 ad
378 2413 521 2442 certamina
534 2423 577 2441 eos
589 2413 743 2449 exhortans,
753 2411 799 2440 sed
815 2413 895 2441 etiam
907 2420 936 2440 ut
951 2423 1002 2441 non
1015 2420 1247 2442 commoverentur
1259 2413 1285 2441 in
1305 2411 1367 2440 fide.
1383 2413 1488 2446 vestas,
1501 2409 1602 2448 inquit,
1617 2406 1727 2436 divitias
1742 2406 1787 2434 fu-

225 2465 298 2487 turas
315 2459 444 2495 videntes,
455 2458 618 2487 sustinuistis
635 2471 640 2486 :
655 2458 728 2497 quod
744 2458 857 2487 necdum
869 2466 990 2498 apparet,
1006 2466 1144 2498 tamquam
1159 2470 1273 2498 praesens
1287 2464 1436 2498 appareret,
1450 2455 1600 2486 cernebatis
1619 2465 1626 2480 t
1641 2452 1714 2491 quod
1731 2453 1788 2482 sin-

227 2515 290 2532 cerae
302 2505 365 2533 fidei
378 2513 416 2534 est
427 2512 465 2541 ;et
479 2516 508 2534 ea
520 2505 547 2534 in
559 2506 624 2545 ipsis
633 2505 760 2545 operibus
771 2505 931 2535 ostendistis.
939 2507 1008 2535 Nam
1018 2507 1111 2546 rapina
1125 2507 1171 2535 illa
1183 2506 1301 2535 fortassis
1312 2504 1445 2535 violentia:
1457 2510 1595 2542 raptorum
1605 2499 1768 2529 adscribitur
1779 2511 1787 2537 ς

227 2550 317 2579 nullus
326 2552 395 2580 cuim
409 2559 494 2590 posset
509 2552 639 2582 violentos
650 2553 760 2583 forsitan
776 2553 926 2592 prohibere.
943 2553 1059 2582 Proinde
1074 2553 1189 2583 necdum
1202 2554 1253 2582 hoc
1268 2559 1370 2582 certum
1395 2557 1448 2589 est,
1465 2557 1556 2579 utrum
1573 2554 1683 2588 propter
1703 2546 1785 2575 fidem
