1886 2846
398 221 430 243 tN
459 221 565 244 l-tt‘tsr.

57 285 194 314 ἐπιτείνειν
212 284 273 323 χρή.
288 283 334 318 Μή
361 294 406 321 μοι
422 283 454 311 τὰ
478 281 580 311 παλαιὰ
601 281 704 322 ἀρίῡμει
731 291 826 319 κατορ·

57 330 185 368 Θώματα,
202 329 276 363 νέαζε
291 330 336 358 καὶ
354 329 456 367 ἅκμαζε
474 331 517 357 νῦν
533 329 642 366 μᾶλλον.
658 327 693 357 ‘O
716 326 763 365 μὲν
775 326 826 365 γὰρ

57 375 100 404 τὸν
115 375 265 414 σωματικὸν
280 378 369 404 τοῦτον
384 374 485 414 τρέχων
501 374 607 413 δρόμον,
622 373 742 408 εἷκότως,
757 374 825 402 ἐπει·

58 421 130 456 δὰνὴ
145 420 224 450 πολιὰ
238 421 377 460 καταλτίῖῃ
388 443 395 455 ,
411 420 498 449 οὐκέτι
517 420 613 458 ὁμοίως
636 419 739 458 τρέχειν
753 418 826 447 δύνα-

58 478 117 496 ται·
131 468 158 495 ἐν
172 467 223 506 γὰρ
236 469 273 507 τῷ
287 467 392 505 σώματι
406 467 435 495 τὸ
456 472 508 495 πᾶν
523 469 568 495 τοῦ
589 465 688 505 ἀγῶνός
707 467 772 494 ἐστι.
787 463 826 493 Σὺ

59 512 86 541 δὲ
102 513 170 546 τίνος
185 513 269 542 ἕνεκεν
286 513 402 545 ἔλατ-,οῖς
415 513 459 542 τὸν
480 511 589 550 &aduam
603 513 689 550 ψυχῆς
711 511 762 550 γὰρ
785 513 826 539 ε’ν-

59 561 142 588 ταῦθα
155 558 248 598 χρεία,
274 560 360 598 ‹Qus-Ze
382 557 597 597 διεγηγερμένης·
614 562 631 592 ὴ
652 556 679 585 δὲ
704 556 776 595 ψυχὴ
801 558 826 585 ἐν

595 221 639 243 ,tn
667 218 820 242 ttEssttAEOs‘
828 233 835 240 .

865 218 943 240 citt».

847 467 864 489 D

974 217 1023 239 tv.
1055 216 1173 239 ltOMtL.
1203 215 1260 237 t‘tt.
1563 213 1624 248 ¹⁰¹.)

882 278 996 314 cuimus,
1012 277 1190 317 injuventute
1201 275 1394 316 jejunavimus,
1406 284 1475 302 nuuc
1485 274 1624 305 consenui-

882 335 950 354 mus.
970 324 1050 352 Nunc
1067 323 1185 351 maxime
1205 327 1310 361 oportet
1331 320 1457 360 pietatem
1476 319 1623 348 intendere.

881 371 920 399 Ne
933 369 1001 399 mihi
1015 380 1151 399 enumeres
1164 379 1222 407 quae
1234 368 1300 397 olim
1312 378 1327 396 a
1341 374 1366 395 te
1378 373 1447 395 recte
1459 372 1520 395 sunt
1534 373 1605 404 gesta
1616 377 1624 401 3

883 427 952 446 nunc
973 423 998 445 te
1021 415 1110 456 praebe
1127 416 1254 455 juvenem
1278 414 1468 451 florentemque
1491 419 1516 441 et
1542 423 1622 451 vege-

884 471 950 493 tum.
964 464 1034 492 Nam
1051 463 1169 492 maxime
1185 461 1296 500 quidem
1313 460 1358 499 qui
1376 459 1539 499 corporalem
1552 459 1623 487 hunc

883 509 967 538 currit
981 519 1102 544 cursum,
1117 515 1260 548 postquam
1274 517 1335 535 eum
1354 504 1561 545 apprehenderit
1575 515 1622 533 ca-

883 555 976 590 nities,
991 565 1042 584 non
1064 561 1151 594 potest
1170 563 1243 592 aeque
1261 562 1367 581 currere
1383 563 1389 579 :
1404 561 1466 579 nam
1488 549 1623 588 quidquid

59 604 129 644 γήρᾳ
153 605 295 643 ῥώννυται,
311 606 412 642 μᾶλλον
426 604 484 632 τότε
500 603 630 640 ἀκμάζει,
644 603 702 631 τότε
718 604 827 641 γαυροῧ-
883 609 921 631 est
934 601 1099 638 certaminis,
1109 601 1186 630 estin
1201 610 1321 639 corpore.
1343 599 1388 627 Tu
1402 604 1492 626 autem
1507 607 1622 636 quanam
1634 599 1701 619 Seu&
1712 598 1780 627 ulju·

883 647 917 676 de
939 658 1017 677 causa
1033 658 1140 676 cursum
1154 646 1276 675 minuis?
1290 645 1379 674 anima
1394 644 1465 674 enim
1486 643 1531 672 hic
1554 654 1623 683 opus
1635 637 1781 681 ξζῖἒςὼῖζζζ

885 701 936 732 cst,
949 695 1038 723 anima
1051 694 1165 723 excitata
1177 700 1202 722 et
1215 698 1300 722 erecta
1313 703 1318 719 :
1331 691 1420 720 anima
1436 697 1525 719 autem
1539 689 1622 719 robo-
1635 692 1658 712 in
1671 692 1705 712 via
1716 699 1750 712 εε-

60 662 112 679 ται.
128 650 255 689 Καθάπερ
269 649 319 689 γὰρ
334 652 412 687 σῶμα
427 649 476 682 ἕως
497 649 544 687 μὲν
560 648 589 676 ἂν
609 652 730 687 πυρετοῖς
750 647 827 676 συνέ-

58 708 142 735 χηται
165 697 210 725 καὶ
232 696 391 731 ἐπαλλήλοις
414 696 561 733 νοσήμασι,
586 695 634 723 κᾶν
657 695 763 733 ἰσχυρὸν
790 690 827 732 ἧ,
1636 723 1642 743 l
1661 723 1674 743 ι’

1645 730 1658 743 ΙΙ
1671 730 1698 744 13-

61 741 309 781 τεταλαιπώρηται,
324 742 430 770 ἐπειδᾶν
447 742 474 770 δὲ
494 742 636 779 ἀπαλλαῑῆ
655 742 702 775 τῆς
722 741 830 779 πολιορν

61 787 120 820 κίας
135 787 252 823 ἐκείνης,
276 789 422 816 ἀνακτᾶται
437 787 485 822 τὴν
507 786 604 815 οἰκείαν
620 786 728 824 δύναμιν
741 798 747 803 ·
763 786 830 814 οὕτω

61 833 106 861 καὶ
121 835 138 867 ἡ
152 833 225 872 ψυχὴ
239 835 264 862 ἐν
279 833 384 868 νεότητι
399 832 446 871 μὲν
461 828 526 861 οῧσα
538 832 679 871 πυρέττει,
696 832 741 860 καὶ
757 832 831 867 δόξης

63 878 144 914 αὐτὴν
159 878 224 918 ἔρως
237 879 345 919 κατέχει
363 879 480 916 μάλιστα
491 879 536 907 καὶ
551 881 648 918 τρυφῆς
666 878 710 907 καὶ
726 879 832 917 ἀφροδι-

62 924 126 953 σίων
141 925 186 954 καὶ
201 926 305 954 πολλῶν
327 926 413 954 ἄλλων
435 927 583 964 φαντασιῶν
594 937 599 942 ·
623 927 667 953 τοῦ
694 924 721 952 δὲ
746 924 833 962 γήρως

63 971 130 1009 αὐτῇ
142 970 293 1004 ἐπελθόντος
303 993 310 1006 ,
323 970 410 999 πάντα
421 973 504 999 ταῦτα
516 970 690 999 ἀπελαύνεται
702 969 735 998 τὰ
747 969 818 1003 πάθη
826 992 833 1005 ,

64 1016 96 1045 τὰ
108 1016 155 1055 μὲν
169 1016 212 1046 διὰ
223 1017 266 1046 τὸν
279 1017 380 1057 καιρὸν,
391 1017 425 1045 τὰ
437 1016 463 1046 δὲ
477 1017 520 1044 διὰ
532 1016 580 1050 τὴν
592 1015 754 1054 φιλοσοφίαν.
765 1014 834 1047 Τοὺς

65 1062 111 1101 μὲν
124 1063 175 1102 γὰρ
189 1062 276 1095 τόνους
285 1061 407 1101 χαλάσαν
424 1065 468 1090 τοῦ
483 1061 606 1099 σώματος
620 1061 649 1089 τὸ
663 1063 747 1100 γῆρας
756 1082 763 1095 ,
776 1060 833 1089 οὐδὲ

64 1107 222 1147 βουλομένην
238 1107 345 1147 ἀφίησιν
362 1108 450 1139 αὐτοῖς
462 1109 578 1146 χρῆσθαι
598 1105 647 1141 τὴν
660 1105 758 1145 ψυχὴν,
775 1106 833 1134 ἀλλ’

63 1153 154 1193 ὥσπερ
174 1153 316 1191 πολεμίους
329 1152 512 1185 παντοδαποὺς
533 1152 719 1187 καταστεῐλςιιν,
735 1152 762 1179 ἐν
782 1163 834 1179 κα-

64 1201 136 1239 θαρῷ
151 1199 265 1238 θορύὸων
281 1199 372 1239 χωρίῳ
387 1198 542 1233 καθίστησιν
566 1197 661 1234 αὐτὴν,
675 1197 720 1226 καὶ
734 1197 834 1232 πολλὴν

65 1245 201 1286 ἐργάζεται
226 1245 275 1281 τὴν
299 1245 417 1284 γαλήνην
426 1268 433 1281 ,
457 1245 502 1273 καὶ
525 1245 569 1274 τὸν
595 1244 674 1284 φόέον
700 1244 835 1281 ἐπεισάγει

66 1291 184 1321 πλείονα.
196 1293 229 1321 Εἰ
243 1291 294 1330 γὰρ
305 1291 351 1320 καὶ
366 1291 457 1329 μηδεὶς
471 1291 570 1330 ἕτερος,
585 1291 643 1319 ἀλλ’
655 1292 679 1320 οἱ
690 1289 836 1330 γεγηρακό-

67 1349 108 1370 τες
120 1337 219 1372 ἶσασιν,
229 1336 269 1365 ὅτι
279 1339 422 1366 τελευτῶσι
430 1360 437 1373 ,
452 1337 497 1366 καὶ
509 1337 550 1366 ὅτι
559 1336 664 1370 πάντως
676 1335 752 1374 ἐγγὺς
761 1335 836 1371 ἑστή-

68 1395 130 1412 κασι
142 1385 188 1412 τοῦ
200 1382 321 1412 θανάτου.
337 1382 422 1412 ‘'O-rav
437 1377 480 1412 οἶν
504 1385 531 1411 αἱ
549 1382 596 1421 μὲν
609 1382 746 1420 ἐπιθυμίαι
764 1382 836 1415 ’ἕξι-

68 1431 183 1458 στῶνται
194 1430 222 1458 αἱ
239 1429 361 1468 βιωτικαὶ
369 1431 401 1464 ,ἡ
415 1428 442 1458 δὲ
451 1432 496 1459 τοῦ
511 1428 681 1468 δικαιπηρίου
693 1429 837 1468 προσδοκία

69 1474 260 1514 ἓπεισέρχηται
269 1496 276 1510 ,
291 1474 321 1503 τὸ
335 1474 470 1508 δυσπειθὲς
481 1475 562 1510 αὐτῆς
579 1474 749 1512 ualet-nouem
758 1497 766 1510 ,
781 1474 839 1514 οὐχὶ

70 1522 170 1559 μᾶλλον
182 1520 413 1561 προσεκτικωτέρα
427 1520 543 1559 γίνεται,
556 1520 601 1549 ἐὰν
624 1520 704 1559 Θέλῃ;
724 1519 760 1549 Τί
780 1516 822 1549 οὖν
830 1543 838 1557 ,

70 1566 159 1605 φησὶν,
172 1568 234 1596 ὅταν
246 1567 342 1605 ἴδωμεν
361 1567 413 1595 τῶν
433 1566 497 1596 νέων
509 1565 712 1606 χαλεπωτέρους
724 1565 785 1600 τοὺς
796 1567 840 1605 γε’-

72 1623 177 1650 ροντας;
192 1611 359 1651 Ὑπερὸολήν
376 1624 421 1650 μοι
439 1611 524 1650 λέγεις
545 1611 655 1644 κακίας·
667 1611 712 1640 καὶ
733 1611 785 1651 γὰρ
797 1612 841 1641 ἐπὶ

71 1660 122 1686 τῶν
146 1658 323 1696 μαινομένων,
343 1658 444 1690 οὐδενὸς
465 1658 606 1693 ὠθοῦντος,
623 1659 724 1696 ὁρῶμεν
749 1657 843 1690 αὐτοὺς

104 1757 115 1768 ·’·
133 1749 305 1780 [angariantur
325 1757 384 1773 cum
403 1756 483 1781 marg.
505 1747 582 1772 Sat-tt.
601 1750 630 1774 Α.
645 1749 671 1772 Β,
694 1747 764 1772 Infra
785 1757 832 1780 pro

73 1791 137 1814 ἱππ.
153 1791 221 1817 aber-,5
234 1788 284 1821 leg.
303 1788 345 1811 vel
357 1790 376 1812 ὃ.
392 1791 465 1813 αὐτῶν
481 1787 551 1812 vela.
563 1792 646 1819 ψυχῆς,
658 1787 702 1811 vel
710 1796 769 1811 mox
784 1791 833 1820 οὐχὶ

71 1829 160 1858 μᾶλλον
171 1831 184 1856 ἡ
197 1832 256 1860 ψοχῂ
275 1838 316 1861 πρ.
331 1826 402 1852 [Yam
423 1832 448 1850 ιιι
466 1831 536 1851 lanto
554 1832 681 1858 repetatur
699 1826 833 1851 intervallo

886 747 961 769 ratur
972 740 999 769 in
1014 747 1163 777 senectute;
1177 739 1232 768 imo
1246 745 1310 767 tunc
1322 738 1405 776 viget,
1418 744 1480 766 tunc
1494 736 1623 766 exsultat.

887 787 963 816 Sicut
985 787 1054 816 enim
1072 797 1179 827 corpus,
1192 784 1322 824 quamdiu
1343 783 1452 822 quidem
1472 790 1575 812 tenetur
1589 783 1626 811 se-

889 833 984 861 bribus
1007 833 1161 871 crebrisque
1182 839 1207 861 et
1230 831 1281 860 sibi
1297 831 1411 860 invicem
1426 829 1629 859 succedentibus

890 879 1008 916 morbis,
1025 879 1127 907 etiamsi
1142 879 1176 907 sit
1198 878 1264 907 sorte
1276 884 1302 906 et
1317 876 1470 912 robustum,
1485 882 1523 904 est
1542 882 1629 903 tamen

889 925 1035 961 asssictun1;
1051 932 1193 963 postquam
1216 931 1305 952 autem
1327 922 1406 951 suerit
1429 921 1574 950 liberatum
1596 920 1631 949 ab

890 970 935 998 illa
950 970 1108 1007 obsidione,
1128 980 1192 998 suas
1215 970 1286 998 vires
1302 975 1441 1008 recuperat
1461 979 1468 996 ε
1494 967 1530 996 ita
1550 967 1631 995 etiam

888 1016 978 1044 anima
993 1015 1127 1044 febricitat
1138 1016 1165 1043 in
1176 1017 1328 1055 juventute,
1344 1022 1369 1044 ct
1383 1025 1441 1044 eam
1457 1015 1576 1043 maxime
1589 1021 1631 1043 te-

890 1068 934 1090 net
954 1072 1030 1090 amor
1045 1061 1136 1100 gloriae
1151 1068 1176 1090 et
1196 1061 1355 1090 deliciarum
1371 1069 1395 1090 et
1415 1061 1452 1089 rei
1469 1071 1587 1089 venereae
1608 1068 1633 1089 et

889 1107 1007 1136 aliorum
1023 1107 1170 1135 multorum
1185 1107 1330 1135 affectuum
1338 1118 1347 1144 3
1361 1117 1422 1135 cum
1435 1106 1574 1136 advenerit
1586 1117 1633 1135 au-

890 1160 944 1182 tem
956 1159 1090 1190 senectus,
1100 1163 1130 1181 ea
1142 1152 1252 1192 expellit
1265 1152 1322 1181 haec
1332 1152 1422 1180 omnia
1435 1163 1494 1190 quae
1505 1159 1565 1181 sunt
1576 1163 1635 1181 cor-

890 1199 972 1240 poris,
987 1199 1087 1239 partim
1098 1198 1209 1238 quidem
1219 1209 1280 1227 cum
1291 1205 1421 1237 tempore,
1437 1198 1536 1236 partim
1546 1205 1635 1227 autent

890 1257 938 1286 per
951 1246 1163 1286 philosophiam.
1180 1246 1319 1274 Inteusum
1334 1245 1405 1274 enim
1419 1244 1502 1273 robur
1517 1245 1636 1284 corporis

890 1292 1042 1332 deprimens
1055 1298 1192 1329 senectus,
1209 1302 1242 1320 ne
1256 1291 1389 1320 volentem
1403 1290 1511 1329 quidem
1531 1289 1575 1318 his
1597 1291 1637 1318 uti

891 1338 955 1367 sinit
968 1338 1086 1367 animam
1094 1350 1102 1375 5
1118 1337 1164 1367 sed
1176 1344 1315 1376 tamquam
1327 1347 1404 1365 omne
1417 1347 1500 1376 genus
1512 1335 1637 1364 hostibus

892 1384 1061 1424 compressis,
1085 1395 1143 1413 eam
1157 1383 1296 1414 constituit
1308 1383 1337 1412 in
1352 1383 1411 1412 loco
1426 1393 1494 1422 puro
1508 1393 1523 1411 a
1535 1382 1637 1411 tumul-

892 1432 982 1471 tibus,
999 1438 1024 1461 et
1036 1442 1161 1471 magnam
1174 1431 1258 1460 efficit
1267 1430 1501 1469 tranquillitatem,
1514 1436 1539 1458 et
1553 1429 1638 1468 majo-

893 1488 950 1506 rem
961 1477 1039 1506 affert
1051 1477 1186 1506 timorem.
1199 1477 1228 1506 Si
1242 1477 1314 1505 enim
1326 1476 1418 1505 nullus
1430 1475 1510 1512 alius,
1526 1482 1552 1504 at
1564 1485 1638 1504 senes

893 1531 962 1553 certe
976 1531 1075 1553 norunt
1091 1535 1118 1553 se
1133 1524 1287 1559 morituros,
1306 1530 1332 1552 et
1353 1522 1434 1552 morti
1453 1523 1562 1551 omnino
1584 1532 1640 1550 esse

893 1570 1066 1610 propinquos.
1084 1570 1200 1607 Quando
1222 1570 1306 1609 igitur
1328 1569 1411 1608 hujus
1426 1569 1489 1597 vitae
1512 1569 1641 1597 recedunt

892 1614 1054 1655 cupiditates
1065 1625 1095 1643 ac
1106 1613 1243 1649 libidines,
1257 1614 1346 1643 subito
1360 1620 1449 1642 autem
1467 1612 1570 1652 ingruit
1588 1623 1640 1641 ex-

892 1659 1021 1698 spectatio
1033 1658 1146 1699 judicii,
1161 1658 1342 1698 pervicaciam
1362 1658 1458 1687 animae
1478 1657 1601 1686 molliens
1615 1663 1641 1685 et

881 1750 969 1774 ‹lm-um
983 1755 1005 1773 et
1016 1750 1145 1774 obscurum
1158 1755 1203 1774 est.
1218 1751 1332 1774 Dunaeus.
1347 1750 1443 1773 Durum
1456 1747 1556 1781 quidem
1567 1769 1573 1779 ,
1587 1748 1641 1778 sed,

883 1793 909 1812 ut
921 1787 969 1812 alia
978 1787 1240 1822 ostenditntbexempla
1251 1808 1257 1819 ,
1271 1788 1447 1822 Clirysostomi
1461 1788 1536 1820 ipsius
1544 1787 1639 1820 culpa]

494 1923 669 1952 MUTIANO
691 1923 944 1953 SCHOLASTICO
967 1925 1220 1954 INTERPRETE.

73 2021 130 2045 tute
145 2016 280 2055 jejunavi,
296 2026 366 2044 nunc
381 2022 469 2044 autem
484 2015 570 2044 senui.
588 2015 709 2044 Maxime
723 2026 786 2044 vero
806 2015 1006 2054 religiositatem
1022 2022 1194 2054 augmentare
1211 2016 1338 2045 debuisti.
1354 2018 1438 2046 Nemo
1455 2019 1522 2048 mihi
1538 2028 1639 2049 veteres

75 2063 190 2092 virtutes
203 2070 339 2092 enumeret
355 2075 361 2090 ι
375 2073 446 2091 nunc
460 2062 546 2101 magis
563 2062 635 2101 viget
651 2063 726 2101 quis,
741 2069 766 2091 et
780 2063 807 2091 in
822 2063 962 2102 juventute
977 2062 1072 2091 firmus
1089 2073 1141 2091 non
1155 2070 1204 2091 est.
1221 2063 1275 2099 Qui
1287 2064 1358 2093 enim
1379 2066 1542 2105 corporalem
1557 2068 1639 2097 istum

76 2110 162 2139 currit
176 2120 296 2147 cursum,
308 2117 378 2139 recte
385 2109 462 2148 dicit,
477 2110 541 2149 quia
553 2110 663 2139 canities
677 2121 738 2139 eum
747 2110 934 2150 apprehendit,
948 2117 973 2139 et
986 2121 1038 2139 non
1051 2110 1123 2140 valet
1135 2110 1259 2139 similiter
1271 2113 1458 2151 currere,quia
1470 2114 1556 2143 omnis
1569 2126 1638 2154 agon

76 2157 103 2186 in
113 2167 223 2197 corpore
232 2158 392 2187 constitutus
401 2164 440 2187 est
451 2170 457 2185 :
469 2165 497 2186 tu
510 2168 571 2187 vero
581 2158 617 2187 ob
628 2169 709 2197 quam
720 2169 826 2187 causam
838 2168 947 2186 cursum
960 2158 1084 2186 minues?
1098 2157 1122 2185 H
1125 2157 1149 2186 ic
1159 2158 1230 2187 enim
1240 2158 1328 2187 animo
1339 2170 1405 2199 opus
1417 2167 1465 2195 est,
1477 2161 1567 2191 animo
1581 2173 1639 2191 ere—

77 2211 119 2233 cto
130 2216 138 2232 2
150 2204 239 2233 anima
251 2205 351 2244 quippe
364 2205 390 2233 in
406 2211 540 2234 senectute
557 2205 646 2244 potius
661 2205 841 2240 confortatur3
857 2212 920 2233 tunc
934 2204 1020 2243 viget,
1035 2211 1098 2233 tunc
1111 2204 1238 2233 exsultat.
1255 2205 1331 2234 Sicut
1345 2206 1415 2235 enim
1428 2217 1524 2247 corpus
1538 2219 1639 2247 usque-

77 2261 131 2289 quo
144 2250 264 2280 febribus
275 2251 410 2281 detinetur
424 2260 448 2281 et
466 2253 689 2291 subsequentibus
703 2252 910 2291 :egritudinibus
923 2275 930 2289 ‚
944 2262 974 2281 ac
985 2253 1006 2281 si
1023 2252 1057 2281 sit
1070 2251 1206 2287 validum,
1220 2259 1307 2281 tamen
1319 2253 1465 2292 affligitur-3
1480 2265 1541 2284 cum
1551 2263 1639 2285 autem

78 2296 222 2324 liberatum
238 2296 318 2325 fuerit
329 2297 364 2326 ab
378 2297 529 2327 obsessione
543 2299 714 2336 morborum,
726 2305 826 2327 recreat
841 2298 979 2338 propriam
992 2297 1120 2327 virtutem
1136 2310 1141 2325 :
1157 2298 1195 2327 sic
1209 2298 1288 2327 etiam
1303 2299 1393 2328 anima
1407 2300 1434 2329 in
1446 2301 1590 2340 juventute
1602 2303 1641 2332 sc-

77 2342 172 2371 hribus
186 2342 306 2381 laborat,
327 2350 352 2373 et
366 2354 441 2374 amor
459 2345 551 2384 gloriae
565 2346 695 2386 opprimit
709 2357 768 2375 eam
783 2353 808 2375 et
821 2345 981 2375 deliciarum
994 2352 1020 2375 et
1034 2356 1208 2375 venerearum
1224 2357 1314 2375 rerum
1329 2354 1355 2376 et
1367 2347 1481 2377 aliarum
1497 2349 1642 2379 multatum

77 2388 300 2428 imaginationum
311 2401 321 2428 5
335 2401 396 2419 cum
410 2397 499 2421 autem
513 2400 634 2422 senectus
646 2392 795 2431 advenerit,
809 2403 899 2421 omnes
912 2392 960 2421 has
978 2392 1113 2432 passiones
1129 2393 1240 2432 effugat,
1262 2393 1327 2422 alias
1341 2404 1390 2433 per
1406 2395 1563 2431 satietatem,
1577 2397 1643 2426 alias

78 2446 126 2476 per
137 2435 337 2476 philosophiam
354 2439 518 2468 constrictas.
535 2440 590 2469 Has
601 2440 703 2480 quippe
715 2450 776 2469 suas
789 2450 899 2480 corpore
911 2440 1016 2469 relaxat
1031 2446 1161 2475 senectus,
1179 2450 1226 2469 nec
1240 2440 1262 2469 si
1277 2440 1342 2469 velit
1352 2441 1442 2470 anima
1455 2442 1510 2471 illis
1526 2443 1566 2472 uti
1580 2454 1641 2483 per-

79 2483 178 2521 mittit;
190 2483 237 2513 sed
245 2484 315 2514 sicut
326 2485 414 2515 hostes
428 2486 549 2517 diversos
563 2488 712 2524 recludens,
729 2488 812 2517 veluti
826 2488 854 2517 in
868 2488 927 2517 loco
941 2499 956 2517 a
971 2487 1058 2517 turbis
1073 2487 1158 2517 libero
1173 2487 1295 2526 collocat,
1312 2495 1337 2517 et
1351 2489 1462 2518 multam
1479 2489 1502 2519 ei
1517 2498 1642 2530 operatur

79 2531 310 2571 tranquillitatem,
327 2539 352 2562 et
372 2533 495 2563 timorem
510 2534 612 2564 inducit
629 2536 800 2575 ampliorem,
815 2546 846 2565 ac
860 2536 882 2564 si
897 2536 988 2565 nullus
1003 2535 1131 2573 inquietet
1145 2535 1224 2564 alius.
1248 2537 1440 2565 Verumtamen
1455 2537 1502 2576 qui
1516 2548 1639 2567 consenc·

80 2584 167 2630 scunt,
177 2578 264 2608 sciunt
279 2579 406 2618 quoniam
419 2582 541 2610 morituri
552 2589 624 2620 sunt,
641 2590 665 2612 ct
678 2583 739 2622 quia
755 2583 845 2622 utique
858 2583 1142 2623 appropinquaverunt
1158 2582 1246 2611 morti.
1263 2582 1378 2618 Quando
1388 2583 1470 2623 igitur
1482 2584 1642 2623 cupiditates

82 2624 163 2664 liujus
175 2626 267 2656 saecidi
285 2627 480 2668 excluduntur,
494 2630 636 2660 trilmnalis
652 2638 744 2661 autem
762 2631 924 2671 exspectatio
939 2631 1086 2669 subintrat,
1100 2637 1122 2658 ct
1142 2630 1326 2659 difficultatem
1343 2642 1402 2669 quae
1417 2639 1472 2661 crat
1485 2632 1518 2662 ad
1533 2633 1642 2662 creden—
