1906 2846
758 135 914 159 mruncm
1526 129 1612 162 1025

38 194 232 234 κατηχούμενοι
248 194 407 234 προσέλθετε
420 205 426 211 ·
448 194 471 223 οῖ
487 194 681 233 κατηχούμενοι
700 196 814 235 προσέλ-

45 243 101 270 θετε
113 253 119 258 “
132 240 188 270 ὅσοι
203 240 397 279 κατηχούμενοι
410 239 576 278 προσέλθετε.
589 241 635 276 Μή
650 253 689 274 τις
700 243 752 270 τῶν
769 254 816 271 κα-

39 287 241 325 τηχουμ.ε’νων”.
266 286 346 315 (Ὀσοι
368 285 473 321 πιστοὶ,
495 285 534 314 ἔτι
557 286 602 314 καὶ
621 285 659 315 ἔτι
679 289 704 316 ἐν
726 288 815 327 εἰρήνῃ

35 335 81 361 τοῦ
99 332 197 372 Κυρίου
215 333 360 370 δεηθῶμεν.
384 330 418 360 Ὁ
437 331 528 371 χορός·
543 331 641 370 Κύριε,
655 333 774 368 ἐλέησον.

78 428 154 467 Εὖχὴ
170 430 271 457 πιστῶν
288 427 382 467 πρώτη
399 427 467 465 μετὰ
480 428 510 457 τὸ
528 428 684 464 ἇπλωθῆναι
697 429 727 458 τὸ
746 431 817 466 εἱλη-

37 473 93 509 τὸν,
104 473 136 507 ἦν
148 475 161 502 ὃ
178 473 260 512 ἱερεὺς
273 475 408 511 μυστικῶς
429 474 513 512 λέγει·
530 475 746 513 Εὐχαριστοῧμέν
763 488 815 511 σοι,

39 518 120 558 Κύριε
134 521 148 547 ὁ
168 519 236 552 Θεὸς
250 521 302 547 τῶν
317 519 463 556 δυνάμεων,
479 521 516 557 τῷ
532 520 726 553 καταξιώσαντι
745 524 816 559 ἡμᾶς

39 565 208 603 παραστῆναι
219 564 273 593 ’καὶ
296 567 339 593 νῦν
355 566 393 603 τῷ
408 564 475 604 ἁγίῳ
496 577 541 594 σου
562 566 758 606 θυσιαστηρίῳ,
772 568 817 596 καὶ

40 614 199 649 προσπεσεῖν
221 614 274 642 τοῖς
296 610 440 650 οἷκτιρμοῖς
460 622 505 640 σου
521 611 587 650 ὑπὲρ
609 614 661 640 τῶν
681 613 816 651 ἡμετέρων

41 656 251 695 ἁμαρτημάτων,
267 656 311 684 καὶ
325 657 376 684 τῶν
387 659 432 685 τοῦ
447 657 511 686 λαοῦ
528 658 702 695 ἀγνοημάτων
714 671 720 677 ·
738 658 817 698 πρόσ-

41 701 123 734 δεξαι,
136 703 149 730 ὁ
163 701 245 737 Θεὸς,
261 701 308 737 τὴν
322 702 410 737 δέησιν
426 705 513 740 ἡμῶν,
530 703 639 739 ποίησον
651 706 722 742 ἡμᾶς
734 705 818 738 ἀξίους

41 747 161 785 γενέσθαι
175 750 220 776 τοῦ
235 748 390 787 προσφέρειν
413 759 454 776 σοι
477 748 578 784 δεήσεις
597 750 641 778 καὶ
657 751 757 783 ἱκεσίας
773 750 818 779 καὶ

43 792 134 826 θυσίας
157 794 336 831 ἀναιμάκτους
349 794 415 834 ὑπὲρ
437 794 534 827 παντὸς
552 797 597 824 τοῦ
614 797 679 825 λαοῦ
693 808 755 833 σου,
773 798 819 826 καὶ

41 839 171 868 ἱκάνωσον
193 843 264 878 ἡμᾶς
276 863 283 875 ,
300 840 342 874 οὒς
358 841 414 869 ἔθου
436 843 472 874 εἷς
484 841 531 876 τὴν
548 842 680 871 διακονίαν
698 855 742 872 σου
757 843 819 872 ταύ-

42 897 102 920 την,
123 886 149 914 ἐν
165 888 198 924 τῇ
225 886 334 924 δυνάμει
356 890 402 915 τοῦ
422 887 578 925 Πνεύματός
597 900 642 917 σου
663 893 708 918 τοῦ
723 889 797 928 ἁγίου
810 912 818 926 ,

43 930 254 969 ἀκαταγνώστως
271 933 315 960 καὶ
333 933 524 972 ἀπροσκόπτως
539 936 564 963 ἐν
579 937 686 974 καθαρῷ
701 938 738 974 τῷ
750 948 820 975 μαρ-

41 976 122 1016 τυρίῳ
133 979 180 1011 τῆς
191 978 361 1012 συνειδήσεως
373 981 459 1016 ἡμῶν,
473 980 656 1009 ἐπικαλεῖσθαί
669 993 697 1009 σε
712 983 738 1009 ἐν
753 994 819 1010 παν-

44 1022 70 1050 τὶ
82 1024 165 1062 καιρῷ
177 1022 222 1051 καὶ
236 1023 309 1062 τόπῳ
321 1046 328 1058 ,
343 1023 385 1051 ἵνα
402 1025 547 1052 εἶσακούων
566 1027 652 1062 ἡμῶν,
667 1026 743 1060 ἵλεως
754 1030 818 1065 ἡμῖν

45 1067 100 1103 εἴης
115 1069 141 1097 ἐν
160 1070 198 1108 τῷ
216 1068 311 1104 πλήθει
326 1071 373 1103 τῆς
389 1070 435 1103 σῆς
451 1069 619 1107 ἀγαθότητος.

86 1115 238 1154 Εὖχομένου
254 1118 299 1144 τοῧ
315 1115 419 1154 ἱερέως,
443 1118 456 1144 ὁ
472 1116 589 1149 διάκονος
603 1116 674 1155 λέγει
696 1117 728 1146 τὰ
744 1120 819 1158 εἰρη-

45 1159 116 1196 νικὰ,
135 1162 158 1189 εἰ
175 1160 256 1196 ἔστιν,
270 1161 319 1194 ἔξω
335 1163 379 1189 τοῦ
400 1160 474 1200 ἁγίου
490 1161 608 1200 βήματος
623 1165 649 1191 ἐν
663 1165 700 1202 τῷ
715 1165 820 1199 συνήθει

45 1206 135 1246 τόπῳ·
160 1206 223 1236 Ἔτι
246 1207 291 1236 καὶ
311 1207 349 1236 ἔτι
371 1208 396 1236 ἐν
420 1208 510 1246 εἰρήνῃ
534 1212 580 1238 τοῦ
604 1209 700 1248 Κυρίου
719 1211 820 1246 δεηθῶ-

47 1265 103 1291 μεν.
118 1253 152 1282 ‘O
166 1254 257 1292 χορός·
274 1254 370 1293 Κύριε,
391 1255 507 1289 ἐλέησον.
527 1254 570 1284 ‘O'
582 1255 698 1289 διάκονος
708 1269 714 1274 ·
734 1256 818 1297 ξΥπὲρ

45 1301 93 1334 τῆς
104 1299 180 1337 ἁγίας
196 1302 276 1338 μονῆς
290 1300 387 1335 ταύτης
397 1324 404 1338 ,
420 1300 507 1335 πάσης
518 1301 619 1333 πόλεως
627 1324 634 1335 ,
646 1302 736 1341 χώρας
745 1326 753 1340 ,
773 1305 818 1333 καὶ

45 1346 98 1373 τῶν
111 1345 198 1374 πίστει
215 1345 354 1374 οἰκούντων
375 1347 400 1374 ἐν
415 1347 520 1381 α’ἶιταῖς,
540 1349 585 1374 τοῦ
603 1348 699 1387 Κυρίου
719 1350 819 1384 δεηθῶ-

47 1403 103 1428 μεν.
122 1390 156 1421 Ὁ
170 1392 259 1431 χορός·
278 1391 375 1430 Κύριε,
393 1392 510 1426 ἐλέησον.
525 1391 558 1421 Ὁ
582 1393 712 1427 διάκονος·
733 1394 818 1435 Ὑπὲρ

47 1437 188 1476 εὐκρασίας
203 1437 297 1475 ἀέρων,
311 1438 432 1476 εὖρορίας
446 1439 498 1465 τῶν
515 1441 622 1477 καρπῶν
635 1441 682 1473 τῆς
693 1443 757 1478 γῆς,
773 1442 818 1470 καὶ

46 1485 145 1522 καιρῶν
167 1484 304 1522 εἰρηνικῶν
324 1486 368 1512 τοῦ
385 1484 482 1523 Κυρίου
496 1485 640 1523 δεηθῶμεν.
665 1485 699 1515 ‘O
725 1487 818 1526 χορός·

46 1528 126 1567 Κύριε
138 1551 146 1563 ,
163 1529 280 1564 ἐλέησον.
293 1528 328 1558 ‘O
342 1529 458 1562 διάκονος
468 1541 474 1548 ·
493 1529 577 1569 <Υπὲρ
592 1532 734 1568 πλεόντων,
747 1535 819 1563 ὁδοι-

45 1574 205 1614 πορούντων,
220 1576 374 1610 νοσούντων,
392 1576 555 1613 καμνόντων,
571 1577 758 1616 αἰχμαλώτων,
773 1577 818 1606 καὶ

45 1619 93 1651 τ’ἦς
112 1618 243 1657 σωτηρίας
259 1620 353 1655 αὐτῶν,
369 1622 414 1648 τοῦ
436 1620 533 1658 Κυρίου
555 1621 698 1659 δεηθῶμει.
714 1621 748 1651 Ὁ
770 1634 818 1661 χο-

47 1663 88 1704 ρός
99 1675 105 1682 ·
121 1665 202 1703 Κύριε
213 1688 220 1700 ,
237 1665 354 1699 ἐλέησον.
369 1664 402 1694 ‘0
419 1665 535 1698 διάκονος
547 1678 553 1683 ·
568 1665 651 1706 (Υπὲρ
668 1670 712 1696 τοῧ
726 1670 818 1703 ῥυσθῆ-

45 1721 88 1738 ναι
110 1713 181 1748 ἡμᾶς
199 1711 252 1739 ἀπὸ
271 1711 360 1746 πάσης
380 1712 491 1750 θλίψεως
504 1734 511 1747 ,
527 1713 621 1750 ὄργῆς,
638 1713 756 1742 κινδύνου
772 1714 816 1743 καὶ
834 1718 852 1739 Λ

44 1756 178 1794 ἀνάγκης,
195 1759 239 1785 τοῦ
262 1757 358 1795 Κυρίου
375 1758 520 1795 δεηθῶμεν.
537 1757 571 1787 ‘0
593 1759 669 1798 χορός
682 1771 688 1777 ·
712 1760 794 1796 Κύριε
807 1783 815 1795 ,

45 1802 161 1837 ἐλέησον.
182 1802 216 1831 Ὁ
238 1802 356 1835 διάκονος
369 1815 375 1820 ·
398 1803 567 1839 Ἀντιλαὸοῧ,
589 1807 690 1841 σῶσον,
710 1806 817 1841 ἐλέησον

44 1847 89 1876 καὶ
104 1848 259 1887 διαφύλαξον
279 1850 350 1886 ἡμᾶς
365 1851 378 1877 ὃ
393 1848 461 1881 Θεὸς
479 1850 512 1887 τῇ
533 1851 566 1888 σῇ
584 1850 685 1889 χάριτι.
710 1850 743 1881 Ὁ
764 1864 816 1891 γὀ-

46 1893 88 1932 ρός
99 1903 105 1909 ·
120 1893 201 1933 Κύριε
211 1917 218 1929 ,
232 1894 348 1929 ἐλέησον.
364 1893 398 1923 ‘O
414 1894 530 1926 διάκονος
543 1905 550 1911 ·
564 1896 660 1935 Σοφία.
678 1896 712 1926 ‘O
733 1897 816 1937 ἱερεὺς

44 1938 177 1978 ἐκρώνως·
190 1939 253 1968 ςὈτι
264 1941 360 1979 πρέπει
372 1952 412 1969 σοι
427 1945 500 1969 πᾶσα
514 1941 584 1977 δόξα,
597 1942 661 1980 τιμὴ
673 1943 718 1971 καὶ
732 1955 816 1982 προσ-

46 1983 153 2019 κύνησις
164 2007 172 2020 ,
187 1987 225 2023 τῷ
249 1986 336 2024 Πατρὶ
350 1985 395 2014 καὶ
407 1987 444 2025 τῷ
457 1987 515 2026 Υἱῷ
526 1987 571 2016 καὶ
593 1989 630 2026 τῷ
646 1989 712 2027 ἁγίῳ
729 1990 815 2018 Πνεύ-

47 2042 112 2067 ματι
123 2053 131 2066 ,
143 2030 266 2065 πάντοτε,
279 2034 322 2060 νῦν
335 2031 379 2060 καὶ
394 2032 443 2068 ἀεὶ,
461 2033 506 2061 καὶ
525 2034 561 2066 εἰς
579 2033 638 2067 τοὺς
656 2036 751 2068 αἰῶνας
764 2038 815 2065 τῶν

47 2076 159 2106 αἰώνων.
171 2076 205 2106 Ὁ
225 2077 303 2116 χορός
315 2089 321 2094 ·
333 2078 424 2116 Ἀμήν.

65 2161 141 2201 Εὗχὴ
153 2164 254 2192 πιστῶν
268 2163 385 2202 δευτέρα,
397 2163 429 2198 ἢν
445 2166 458 2193 ὁ
473 2163 555 2204 ἱερεὺς
569 2168 702 2203 μυστικῶς
714 2166 794 2207 λέγει.

83 2290 171 2319 Πάλιν
189 2290 235 2319 καὶ
259 2291 387 2324 πολλάκις
409 2304 450 2320 σοι
473 2293 691 2332 προσπίπτομεν,
707 2295 752 2324 καὶ
769 2300 815 2325 σοῦ

44 2335 170 2373 δεόμεθα,
197 2336 277 2375 ἀγαθὲ
296 2338 341 2365 καὶ
363 2338 550 2378 φιλάνθρωπε,
577 2339 648 2372 ὅπως
669 2341 815 2382 ἐπιίλέψας

44 2381 87 2409 ἐπὶ
102 2380 150 2416 τὴν
165 2382 252 2417 δέησιν
263 2384 351 2420 ἡμῶν,
364 2384 510 2423 καθαρίσῇς
520 2387 596 2423 ἡμῶν
610 2386 657 2419 τὰς
670 2388 756 2427 ψυχὰς
770 2388 815 2417 καὶ

45 2427 79 2455 τὰ
93 2426 205 2466 σώματα
225 2428 278 2457 ἀπὸ
298 2430 395 2462 παντὸς
411 2431 547 2468 μολυσμοῦ
563 2432 660 2472 σαρκὸς
674 2434 719 2462 καὶ
734 2434 814 2463 πνεύ-

47 2485 139 2511 ματος,
154 2474 199 2503 καὶ
213 2475 282 2514 &fi-q<
296 2477 361 2514 ἡμῖν
377 2476 499 2516 ἀνένοχον
516 2478 560 2506 καὶ
576 2480 751 2520 ἀκατάκριτον
766 2482 814 2517 τὴν

131 2553 205 2577 Deest
215 2553 316 2578 xci-bum
329 2563 333 2577 z
346 2559 410 2588 ,αεὶ-[ς.
423 2556 543 2588 expressit
557 2556 694 2590 Inter-pres.
708 2559 814 2585 videam

869 200 1007 236 Quotquot
1030 197 1212 226 catechumeni
1236 198 1365 231 accedite.
1390 205 1522 238 quotquot
1546 207 1617 228 eate-

868 243 996 272 chumeni
1022 243 1158 279 accedite,
1180 250 1310 282 quotquot
1335 245 1519 274 catechumeni
1540 256 1615 274 acce-

868 288 925 317 dite
943 301 948 316 :
964 300 997 317 ne
1012 289 1072 327 quis
1085 300 1118 318 ex
1133 290 1332 319 catechumenis
1347 298 1460 320 maneat.
1474 292 1615 330 Quotquot

870 334 961 363 fideles
975 335 1057 364 etiam
1074 342 1154 374 atque
1172 336 1253 364 etiam
1270 337 1296 365 in
1312 347 1376 376 pace
1391 337 1542 366 Dominum
1556 348 1618 378 pre-

871 393 971 411 cemur.
990 374 1102 412 Chorus
1115 394 1125 412 .“
1138 383 1251 412 Domine
1265 384 1398 412 miserere.

913 429 1014 456 Oratio
1024 430 1157 467 fidelium
1167 431 1274 468 prima,
1290 436 1446 469 postquam
1456 441 1618 470 expansum

873 479 914 500 est
936 474 1096 511 corporale,
1120 485 1208 512 quam
1235 476 1369 504 sacerdos
1388 483 1497 504 secreto
1514 477 1584 505 dicit
1606 489 1617 504 :

872 518 981 546 Gratias
992 519 1097 557 agimus
1114 520 1174 555 tibi,
1189 521 1304 548 Domine
1318 522 1392 549 Deus
1401 522 1553 557 Virtutum,
1570 522 1616 560 qui

872 564 1000 604 dignatus
1011 576 1038 594 cs
1052 573 1081 594 ut
1096 577 1143 594 nos
1159 577 1230 594 nunc
1246 567 1324 595 altari
1342 574 1387 596 tuo
1402 568 1577 606 adsim-emus,
1592 576 1618 598 ct

877 611 1076 650 procidercmus
1091 619 1153 640 aute
1168 612 1350 641 miserationes
1365 620 1423 642 tuas
1438 625 1486 653 pro
1502 616 1618 654 peccatis

837 663 854 685 D
876 657 972 685 nostris
989 664 1014 686 ct
1029 658 1188 696 ignorantiis
1209 659 1302 697 populi
1317 671 1323 685 :
1339 659 1443 698 suscipe
1462 661 1534 688 Deus
1550 671 1618 700 sup-

875 702 1046 741 plicationem
1063 710 1180 732 nostram
1197 715 1204 731 :
1222 704 1262 732 sac
1278 715 1324 732 nos
1338 714 1393 732 esse
1406 704 1502 743 dignos
1519 706 1565 744 qui
1580 707 1618 734 of-

875 750 992 779 feramus
1014 751 1061 779 tihi
1083 761 1191 790 preces,
1213 751 1422 790 supplicationes
1438 759 1464 780 et
1481 752 1618 781 incruenta

875 796 1005 825 sacrificia
1023 807 1070 835 pro
1085 803 1140 825 toto
1156 797 1256 836 populo
1269 803 1332 832 tuo;
1346 804 1371 825 et
1385 798 1426 826 sac
1438 808 1485 825 nos
1498 798 1619 834 idoneos,

877 852 943 879 quos
958 842 984 870 in
997 842 1048 870 hoc
1063 842 1210 871 ministerio
1223 843 1348 882 posuisti,
1367 843 1431 872 utin
1445 843 1546 872 virtute
1557 845 1621 884 Spi-

877 888 944 916 ritus
958 888 996 916 tui
1012 888 1096 917 sancti
1110 888 1244 927 inculpate
1258 896 1283 917 et
1295 889 1404 917 innoxie
1424 889 1450 917 in
1468 900 1536 928 puro
1557 901 1619 918 con-

877 934 995 963 scicntiae
1007 941 1103 963 nosti-:e
1114 934 1280 970 testimonio,
1294 934 1451 963 invocemus
1464 942 1490 964 te
1505 935 1532 963 in
1545 936 1620 964 omni

877 986 995 1019 tempore
1008 988 1033 1009 et
1052 981 1122 1017 loco,
1142 987 1172 1008 ut
1187 981 1333 1009 exaudiens
1347 992 1410 1017 nos,
1427 981 1559 1020 propitius
1571 992 1619 1011 no-

878 1026 920 1055 bis
934 1027 970 1055 sis
984 1027 1011 1055 in
1024 1027 1197 1056 multitudine
1211 1027 1338 1056 bonitatis
1349 1035 1412 1056 tute.

920 1119 1030 1146 Orante
1043 1118 1202 1156 sacerdote,
1220 1119 1370 1153 dianonus,
1389 1122 1413 1148 si
1431 1119 1522 1154 adest,
1537 1122 1622 1157 paci-

868 1164 934 1202 fica
947 1167 1050 1193 recitat
1065 1171 1147 1193 enm
1161 1172 1291 1193 sanctum
1309 1166 1448 1201 tribunal,
1464 1168 1496 1194 in
1508 1177 1622 1196 consue-

837 1217 854 1238 Ε
877 1216 906 1237 10
923 1211 984 1238 loco
1004 1223 1015 1238 .-
1034 1211 1124 1240 Etiam
1145 1218 1225 1249 atque
1247 1211 1327 1239 etiam
1348 1212 1374 1240 iu
1390 1223 1455 1250 pace
1471 1213 1619 1242 Dominum

876 1266 1024 1294 precemur.
1047 1257 1161 1285 Chorus
1180 1269 1188 1284 .·
1209 1258 1339 1291 Domine,
1355 1258 1490 1286 miserere.
1511 1259 1618 1288 Diaco-

877 1312 931 1330 nus
945 1314 954 1329 .-
969 1302 1021 1330 Pro
1033 1309 1121 1330 sancta
1132 1302 1181 1331 hac
1195 1303 1341 1337 mansione,
1357 1314 1405 1342 pro
1421 1311 1473 1332 tota
1489 1304 1566 1340 urbe,
1581 1316 1621 1334 re-

876 1347 966 1386 gione,
982 1354 1007 1376 et
1021 1348 1053 1376 iis
1070 1348 1115 1386 qui
1132 1358 1194 1376 cum
1207 1348 1259 1376 fide
1271 1348 1394 1377 habitant
1408 1349 1434 1377 in
1450 1349 1513 1384 illis,
1529 1350 1622 1378 Domi-

875 1404 940 1422 num
949 1404 1098 1433 precemur.
1112 1395 1224 1423 Chorus
1236 1406 1246 1422 .·
1260 1395 1383 1430 Domine,
1396 1395 1531 1424 miserere.
1547 1397 1620 1425 Dia—

875 1450 964 1468 conus
980 1451 988 1466 :
1004 1441 1056 1468 Pro
1067 1440 1134 1468 aeris
1149 1440 1284 1479 temperie,
1298 1441 1434 1468 fructuum
1450 1447 1525 1469 terrm
1537 1442 1599 1470 serti

875 1485 962 1521 litate,
978 1492 1002 1513 et
1020 1496 1069 1524 pro
1085 1486 1250 1524 temporibus
1264 1485 1384 1525 pacificis
1397 1486 1544 1515 Dominum
1560 1498 1619 1527 pre-

875 1542 974 1560 cemur.
987 1532 1098 1560 Chorus
1116 1543 1126 1559 .-
1147 1532 1271 1566 Domine,
1288 1532 1424 1560 miserere.
1442 1534 1590 1562 Diaconus
1608 1546 1617 1562 ε

876 1577 928 1605 Pro
945 1577 1148 1615 navigantibus,
1170 1577 1221 1605 iter
1240 1578 1394 1615 agentibus,
1413 1579 1620 1617 aegrotantibus,

874 1623 1061 1652 laborantibus
1076 1643 1083 1651 .
1099 1623 1214 1663 captivis
1229 1631 1254 1652 et
1268 1634 1316 1662 pro
1331 1623 1418 1653 salute
1433 1624 1554 1663 ipsorum
1567 1626 1620 1654 Do-

825 1690 862 1708 787
874 1669 976 1698 minum
997 1680 1142 1708 precemur.
1167 1670 1278 1698 Chorus
1297 1681 1308 1697 .-
1331 1669 1447 1698 Domine
1460 1692 1468 1707 ,
1484 1671 1619 1701 miserere.

874 1717 1026 1744 Diaconus
1039 1730 1049 1746 .·
1066 1717 1104 1745 Ut
1113 1716 1260 1744 liberemur
1275 1716 1309 1744 ab
1319 1716 1391 1744 omni
1402 1716 1555 1752 afflictione,
1569 1718 1618 1755 ira,

873 1763 992 1801 periculo
1007 1769 1032 1790 et
1046 1763 1209 1797 necessitate,
1221 1762 1367 1790 Dominum
1383 1773 1531 1802 precemur.
1546 1762 1609 1793 Cho

874 1819 922 1836 rus
930 1820 938 1835 .-
948 1808 1071 1843 Domine,
1081 1808 1213 1837 miserere.
1225 1809 1375 1838 Diaconus
1383 1821 1392 1838 :
1400 1808 1524 1848 Suscipe,
1531 1821 1619 1848 serva,

874 1855 999 1883 miserere
1016 1861 1041 1883 et
1056 1855 1161 1883 custodi
1182 1866 1230 1883 nos
1250 1866 1298 1894 per
1317 1855 1431 1893 gratiam
1447 1862 1520 1884 tuam
1535 1857 1616 1886 Deus.

875 1901 987 1929 Chorus
998 1912 1008 1930 .·
1023 1900 1152 1936 Domine,
1167 1901 1301 1929 miserere.
1316 1902 1467 1930 Diaconus
1479 1910 1489 1930 .·
1504 1902 1617 1942 Sapien-

874 1947 919 1975 tia.
933 1946 1073 1975 Sacerdos
1086 1947 1149 1974 alla
1160 1958 1231 1975 voce
1243 1959 1253 1974 .·
1263 1947 1333 1982 Quia
1346 1947 1453 1976 tederet
1465 1948 1552 1977 omnis
1563 1949 1618 1987 glo-

873 1991 926 2027 ria,
942 1992 1027 2021 bonor
1043 1999 1068 2021 et
1081 1993 1216 2029 adoratio,
1234 1993 1339 2022 Patrem
1355 2000 1380 2021 et
1394 1994 1496 2022 Filium
1513 2001 1539 2023 et
1553 2005 1616 2024 san-

873 2046 945 2067 ctum
954 2038 1098 2077 Spiritum,
1111 2046 1246 2078 perpetuo,
1258 2050 1329 2068 nunc
1339 2046 1364 2068 et
1376 2050 1488 2079 semper,
1497 2041 1556 2069 etin
1567 2051 1615 2070 sae-

872 2085 931 2113 cula
943 2076 1114 2115 saecului-uni.
1127 2085 1240 2114 Chorus
1253 2097 1263 2113 .-
1276 2085 1372 2114 Amen.

833 2183 851 2206 B
915 2173 1017 2201 Oratio
1026 2173 1162 2212 fidelium
1175 2173 1315 2209 secunda,
1333 2185 1421 2213 quam
1441 2175 1576 2204 sacerdos

1134 2227 1243 2249 secreto
1259 2221 1340 2248 dicit.

913 2300 1013 2328 lterum
1024 2306 1050 2328 et
1066 2299 1163 2339 smpius
1179 2310 1268 2328 coram
1279 2307 1304 2328 te
1318 2300 1493 2339 procidimus,
1505 2309 1529 2330 et
1540 2308 1564 2330 te
1575 2312 1615 2330 ro-

873 2356 976 2383 gamus,
990 2345 1058 2374 bone
1067 2353 1092 2374 et
1102 2346 1227 2383 clemens,
1237 2346 1380 2385 respiciens
1391 2347 1615 2387 supplicationem

873 2399 1000 2427 nostram,
1015 2402 1113 2431 purges
1124 2391 1227 2421 animas
1239 2399 1263 2421 et
1275 2403 1386 2432 corpora
1398 2401 1487 2422 nostra
1498 2394 1532 2422 ab
1541 2394 1615 2423 omni

873 2438 1074 2476 inquinamento
1086 2439 1173 2467 carnis
1185 2445 1209 2467 et
1222 2438 1342 2478 spiritus,
1353 2446 1378 2468 et
1394 2439 1441 2468 des
1451 2440 1528 2469 uobis
1542 2441 1616 2470 inno-

874 2483 947 2512 xiam
961 2490 986 2512 et
1001 2483 1165 2523 inculpatam
1181 2483 1216 2513 ad
1237 2491 1359 2514 sanctum
1373 2485 1456 2514 altare
1472 2493 1548 2516 tuum
1560 2486 1616 2516 fre-

829 2560 961 2594 tlieologi.]

1894 2776 1906 2846 :nv-6-
1899 2759 1902 2766 -
1896 2489 1906 2752 cnse-Q*—
