1886 2846
60 1188 191 1206 ''anniculi-:⁷

57 1226 87 1238 Ni:
100 1226 182 1245 magua.

58 1459 123 1480 Psnl.
144 1459 182 1481 3¹.

57 1490 80 1511 5.
93 1490 114 1511 6.

59 1696 198 1725 'subflati-

60 1729 127 1748 Prov.
145 1728 179 1750 18.

62 1765 94 1786 17.

227 207 286 248 ι.,’«ι
557 218 584 238 s.
616 216 754 239 Jomms
781 213 957 238 cunrsosr.

220 280 355 315 baptism...
379 277 424 305 list
450 284 536 305 auti-m
565 278 716 316 pwnnvnii..
743 287 800 313 «pur
833 283 953 311 magnam

219 323 296 351 habet
313 323 378 354 vim.
394 333 453 360 qua?
471 329 553 361 potest
571 333 630 350 eum
650 323 694 360 qui
710 328 747 349 est
768 320 880 359 pcccatis
901 318 950 344 im>

220 379 330 399 mersus.
343 368 363 395 si
380 368 455 403 wlit,
471 368 583 395 liberare
595 368 629 395 al)
650 378 727 394 onere
743 371 918 404 peecatorum,
929 367 952 389 ⁰¹

219 425 277 442 eum
290 414 335 451 qui
352 420 389 441 est
405 414 430 441 in
445 414 574 452 periculo,
587 413 612 441 in
629 419 683 440 tutu
697 411 835 439 collocare,
850 406 953 435 etiamsi

220 460 318 487 venerit
343 459 368 487 in
388 459 477 498 ipsum
496 459 554 487 ritii
571 456 743 496 profundum.
759 453 789 481 ld
809 459 897 480 autem
919 462 953 480 ex

218 505 309 533 multis
326 511 364 533 est
385 505 562 543 perspicuum.
582 504 666 531 Nam.
686 499 781 536 inquit,
803 500 852 536 qui
873 499 953 527 cadit

219 560 275 578 non
290 552 410 588 resurgit
428 554 439 577 Ρ
454 556 503 578 aut
518 550 566 587 qui
587 554 627 574 cst
643 545 792 579 adversus,
807 553 865 571 non
883 553 952 571 con-

220 598 360 624 vertitur?
382 594 514 626 Potest,si
537 592 660 621 velimus.
684 589 809 618 Christus
827 588 854 618 in
877 589 953 617 nobis

219 652 309 669 rursus
335 641 440 669 formari
459 651 463 666 :
484 638 546 666 audi
571 636 641 664 enim
664 636 777 663 Paulum
798 635 952 664 dicentem:

218 688 322 716 filioli
338 689 401 716 mei,
414 695 483 723 quos
503 686 603 711 ilerum
621 684 765 721 parturio,
780 683 872 711 donec
890 682 954 722 sor-
971 685 988 707 (2

219 740 311 761 metm·
323 733 453 761 Christus
468 732 499 757 in
514 730 597 757 vobis
611 740 618 754 :
633 738 744 766 agaunis
768 735 873 757 tantum
894 739 953 767 poe-

215 779 361 807 nitentiam
387 777 455 804 Nam
478 774 542 803 vide
568 775 617 802 Dei
638 774 830 812 benignitatem
853 781 878 803 et
901 774 952 803 cle-

214 823 337 851 mentiam
355 834 361 850 ι
379 820 516 859 oportebat
543 830 589 848 nos
614 819 686 849 omni
710 819 789 848 modo
810 820 900 859 puniri
925 819 951 848 in

213 869 297 902 initio,
315 867 397 906 quod,
412 877 473 895 cum
487 873 512 895 et
531 866 616 905 legem
635 866 827 905 accepissemus
843 873 952 895 natura-

212 915 272 947 iem,
291 920 316 941 et
337 912 426 952 adepti
450 912 519 941 bona
539 922 656 941 essemus
679 912 885 941 innumerabilia
899 935 907 947 ,
926 919 951 941 et

212 959 356 988 Dominum
382 958 610 997 ignoraverimus,
628 958 816 997 imputantque
843 965 869 986 et
895 958 950 987 im-

211 1002 338 1031 mundam
350 1004 433 1031 vitam
448 1002 597 1031 vixerimus
613 1013 619 1029 ε
636 1001 680 1030 illc
695 1008 784 1030 autem
797 1012 848 1030 non
863 1001 950 1030 solum

211 1059 261 1076 non
277 1047 376 1086 puniit,
393 1047 441 1076 sed
456 1047 535 1075 etiam
553 1047 622 1075 bona
637 1046 767 1086 impertiit
790 1046 946 1081 innumera,

212 1091 321 1131 perinde
336 1098 416 1130 atque
429 1091 451 1120 si
464 1102 505 1120 res
525 1101 634 1129 magnas
651 1097 676 1119 et
695 1090 837 1129 praeclaras
851 1091 948 1128 gessis-

210 1148 308 1166 semns.
324 1138 425 1166 lterum
439 1136 506 1176 lapsi
517 1146 621 1171 sumus,
636 1142 661 1164 et
675 1146 708 1164 nc
726 1136 763 1164 sie
778 1135 886 1173 quidem
900 1147 949 1175 pu-

211 1182 268 1216 nit,
291 1181 337 1210 sed
355 1180 430 1210 dedit
450 1180 672 1209 medicamentum
693 1179 865 1218 poenhenfiae,
878 1179 950 1218 quod

211 1227 311 1256 suslieit
323 1226 358 1255 ad
375 1226 486 1255 delenda
501 1232 524 1254 et
543 1225 717 1264 abstergenda
735 1225 824 1254 omnia
845 1232 949 1264 peccata

210 1281 310 1309 nostra,
327 1274 348 1302 si
367 1272 447 1302 modo
466 1273 590 1301 novimus
609 1271 759 1311 cujusmodi
776 1272 810 1300 sit
829 1271 949 1300 mediea-

208 1329 339 1352 mentum.
350 1327 375 1348 et
389 1318 522 1358 quomodo
539 1318 566 1347 id
585 1319 619 1347 sit
636 1318 836 1357 applicandum.
853 1319 948 1357 Cujus·

210 1366 284 1395 modi
310 1376 372 1404 crgo
401 1372 440 1394 cst
469 1365 692 1394 medicamentum
718 1364 901 1403 poenitentiae‚
924 1371 948 1392 et

209 1413 343 1452 quomodo
355 1412 495 1441 conficitur
506 1411 519 1439 Ξ)
532 1411 653 1440 Primum
668 1417 707 1439 est
721 1421 754 1439 ex
768 1421 877 1439 suorum
889 1421 948 1449 pec-

210 1466 330 1488 catorum
349 1457 578 1493 condemnatione,
593 1463 618 1485 et
638 1467 673 1484 ex
686 1456 849 1485 consessione
864 1468 870 1484 :
886 1458 947 1486 De-

209 1505 328 1541 lictum,
351 1503 451 1542 inquit,
469 1513 563 1532 meum
583 1504 731 1541 cognitum
752 1504 805 1531 tibi
828 1504 905 1542 feci,
920 1510 948 1532 et

206 1558 356 1589 peccatum
377 1561 471 1579 meum
495 1560 554 1578 non
573 1550 712 1578 abscondi
723 1561 735 1583 ,-
757 1556 798 1585 et,
813 1550 947 1578 Pronun-

209 1598 287 1625 tiabo
307 1603 409 1625 contra
431 1606 475 1624 me
496 1597 679 1634 iniquitatem
699 1605 792 1623 meam
811 1595 947 1631 Domino,

209 1648 236 1670 et
249 1649 279 1670 ιιι
291 1643 427 1670 remisisti
440 1643 617 1679 impietatem
628 1640 722 1668 cor-dis
731 1642 795 1669 mei.
805 1639 840 1668 Et
851 1640 947 1669 iterum
964 1666 988 1685 ‘¹9

212 1689 268 1716 Dic
288 1695 410 1727 peccata
436 1695 486 1716 τιια
499 1689 588 1725 prior,
605 1693 636 1715 ut
645 1687 831 1726 justificeris;
846 1694 880 1722 ct,
892 1688 948 1716 Ju-
965 1696 985 1716 Α

211 1740 272 1762 slus
289 1740 329 1761 ese
348 1735 393 1761 sui
411 1739 564 1761 accusator
587 1734 617 1760 in
636 1733 778 1771 principio
798 1735 948 1762 sermonis.

211 1779 333 1808 Secundo
354 1789 386 1807 ex
408 1778 491 1807 multa
516 1778 687 1807 humilitate:
710 1785 748 1807 est
771 1779 840 1807 enim
864 1779 949 1808 veluti

626 1884 799 1913 MUTIANO
821 1883 982 1913 SCHOLAS

994 210 1005 232 t
1012 210 1139 232 ticini-tt».
1166 209 1227 232 CON
1234 209 1292 233 §TA
1299 211 1419 234 NTmoi·
1426 227 1433 233 .

1011 271 1108 304 πολλὴν
1121 271 1216 308 ἔχουσα
1232 271 1278 306 τὴν
1294 271 1378 311 ἰσχὺν,
1395 272 1438 300 καὶ
1456 272 1497 300 τὸν
1513 273 1612 311 σφόδρα
1625 277 1676 305 τοῖς
1690 272 1775 311 ἆμαρ-

1010 315 1110 352 τήμασι
1123 316 1342 354 βείαπτισμένον,
1354 318 1375 344 εἰ
1388 318 1537 355 βουληθείη,
1549 318 1679 355 δυναμένη
1689 319 1774 346 ἀπαλ-

1009 360 1084 393 λάξαι
1099 363 1144 389 τοῦ
1166 363 1216 389 τῶν
1238 361 1437 400 ἁμαρτημάτων
1454 363 1558 402 φορτίου
1570 386 1577 399 ‚
1596 363 1639 391 καὶ
1659 364 1702 392 τὸν
1721 375 1775 392 κιν-

1009 406 1144 434 δυνεύοντα
1166 409 1333 442 καταστῆσαι
1353 409 1379 437 ἐν
1395 408 1538 448 ἀσφαλείᾳ,
1553 409 1601 437 κᾶν
1619 409 1682 448 πρὸς
1698 408 1775 437 αὐτὸν

1007 451 1069 490 ἔλθῃ
1083 454 1128 486 τῆς
1140 452 1234 485 κακίας
1249 452 1292 481 τὸν
1307 452 1434 491 πυθμένα.
1460 455 1511 483 Καὶ
1526 457 1600 483 τοῦτο
1612 454 1775 493 πολλαχόθεν

1007 497 1115 526 δυνατὸν
1131 498 1335 534 ἀποδείξαι.-Μὴ
1348 501 1361 526 ὁ
1376 498 1478 527 πίπτων
1490 499 1550 538 γὰρ,
1563 500 1651 539 φησὶν,
1663 501 1709 529 οὐκ
1721 500 1774 529 ἀνί-

1007 555 1114 580 σταται,
1130 543 1146 578 ἢ
1161 546 1175 572 ὁ
1189 544 1359 584 διττοῦ-τρέψον
1375 545 1420 573 οῦκ
1435 545 1600 584 ἐπιστρέφει,
1614 545 1774 582 ’1ἳστιν,ἐὰν

1008 589 1175 628 βουλιῖιμεθα,
1193 592 1364 629 μορφωθῆναι
1379 590 1422 619 τὸν
1437 591 1550 629 Χριστὸν
1566 591 1592 619 ἐν
1607 593 1670 628 ἡμῖν
1685 591 1774 620 πάλιν·

1006 635 1084 664 ἄκουε
1095 635 1147 674 γὰρ
1162 635 1270 665 Παύλου
1285 635 1420 674 λέγοντος,
1440 635 1538 664 Τεκνία
1555 648 1604 674 μου
1617 657 1623 670 ,
1640 635 1683 668 οὒς
1695 636 1774 665 πάλιν

1007 681 1110 717 ὠδίνω,
1132 682 1208 721 ἄχρις
1229 677 1258 710 05
1279 684 1405 720 μορφωθῇ
1421 682 1532 720 Χριστὸς
1556 683 1581 710 ἐν
1599 683 1676 719 ὑμῖν·
1697 681 1774 720 μόνον

1007 727 1133 765 ἁψώμεθα
1148 729 1194 762 τῆς
1219 727 1366 765 μετανοίας.
1388 727 1460 766 “Ὀρα
1475 727 1527 767 γὰρ
1545 728 1614 756 Θεοῦ
1630 728 1774 767 φιλανθρω-

1007 772 1069 801 πίαν
1080 784 1086 790 ·
1101 773 1152 802 ἔδει
1173 776 1244 812 ἡμᾶς
1258 774 1337 802 παντὶ
1352 772 1442 813 τρόπῳ
1461 774 1622 808 κολασθῆναι
1640 772 1713 812 παρὰ
1725 772 1774 809 τὴν

1007 818 1101 857 ἀρχὴν,
1115 819 1154 847 δ’τι
1168 819 1212 847 καὶ
1225 819 1302 857 νόμον
1319 819 1442 852 λαὸόντες
1460 819 1503 847 τὸν
1525 818 1646 857 φυσικὸν,
1664 818 1710 847 καὶ
1724 829 1774 856 μυ-

1008 863 1068 901 ρίων
1083 864 1279 897 ἀπολαύσαντες
1291 866 1410 902 ἀγαθῶν,
1423 863 1467 892 τόν
1482 875 1511 892 τε
1524 862 1660 898 Δεσπότην
1674 863 1773 901 ἠγνοή-

1006 922 1089 948 καμεν
1104 933 1112 946 ,
1124 910 1168 940 καὶ
1184 911 1240 949 βίον
1255 911 1404 949 ἀκάθαρτον
1417 909 1583 948 βεὲιώκαμεν
1595 921 1601 926 ·
1614 912 1627 938 ὁ
1640 908 1666 937 δὲ
1680 910 1709 937 οὗ
1726 909 1773 946 μό-

1005 968 1046 984 νον
1060 957 1105 984 οὐκ
1123 956 1262 991 ἐκόλασεν,
1279 955 1347 985 ἀλλὰ
1362 956 1406 984 καὶ
1423 955 1523 995 μυρίων
1539 953 1685 993 μετέδωκεν
1703 956 1772 992 ἀγα-

1005 1003 1074 1037 θῶν,
1096 1003 1130 1035 ὡς
1153 1002 1183 1030 ἂν
1204 1003 1225 1030 εἷ
1247 1001 1350 1040 μεγάλα
1371 1000 1574 1040 κατωρθωκότες
1586 995 1663 1038 ἦμεν.
1685 999 1773 1029 Πάλιν

1004 1046 1169 1084 ἓξεπέσομεν,
1183 1047 1227 1075 καὶ
1240 1047 1297 1075 οὐδὲ
1311 1046 1379 1075 οὕτω
1391 1046 1504 1082 κολάζει,
1516 1047 1574 1075 ἀλλ’
1591 1045 1672 1074 ἔδωκε
1685 1045 1715 1075 τὸ
1725 1047 1773 1080 τ’ἠς

1005 1092 1144 1129 μετανοίας
1159 1093 1314 1131 φάρμακον,
1335 1092 1422 1120 πάντα
1438 1093 1514 1129 ἡμῶν
1534 1091 1568 1120 τὰ
1589 1091 1771 1130 ἁμαρτήματα

1004 1139 1092 1167 ἱκανὸν
1108 1138 1232 1177 ἀφανίσαι
1247 1138 1292 1166 καὶ
1312 1139 1474 1176 ἀπαλεῖψαι,
1499 1137 1576 1175 μόνον
1600 1137 1645 1166 ἐὰν
1660 1137 1771 1174 εἰδῶμεν

1003 1183 1033 1211 τὸ
1048 1183 1184 1222 φάρμακον
1209 1184 1296 1212 ὁποῖόν
1320 1185 1376 1212 ἐστι
1388 1206 1395 1219 ,
1414 1183 1458 1212 καὶ
1474 1185 1529 1215 πῶς
1549 1182 1613 1211 αὐτὸ
1627 1181 1770 1210 ἐπιτιθέναι

1004 1230 1050 1257 δεῖ,
1073 1230 1152 1258 Ποῖον
1168 1225 1210 1257 οὖν
1228 1231 1284 1258 ἐστι
1300 1229 1330 1257 τὸ
1344 1229 1481 1267 φάρμακον
1494 1230 1540 1263 τῆς
1554 1227 1692 1266 μετανοίας
1702 1249 1710 1263 ,
1726 1228 1771 1256 καὶ

1003 1277 1058 1307 πῶς
1070 1276 1132 1304 αὐτὸ
1140 1274 1377 1309 κατασκευάζεται;
1390 1275 1509 1313 Πρῶτον,
1520 1272 1572 1302 ἀπὸ
1581 1272 1772 1312 καταγνώσεως

1003 1322 1054 1349 τῶν
1075 1321 1176 1349 οἰκείων
1201 1320 1417 1360 ἁμαρτημάτων,
1433 1319 1479 1348 καὶ
1500 1319 1552 1348 ἀπὸ
1566 1318 1770 1358 ἐξαγορεύσεως·

1003 1367 1060 1402 Τὴν
1080 1366 1190 1404 ἀνομίαν
1213 1366 1263 1404 γάρ
1283 1378 1350 1403 μου,
1374 1365 1469 1405 φησὶν,
1491 1365 1638 1405 ἐγνώρισα,
1661 1363 1707 1393 καὶ
1722 1364 1769 1400 τὴν

1003 1412 1135 1451 ἁμαρτίαν
1151 1423 1199 1449 μου
1214 1413 1262 1440 οὐκ
1275 1411 1409 1450 ἐκάλυψα·
1426 1411 1484 1446 καὶ,
1508 1410 1690 1450 Ἐξαγορεύσω
1710 1412 1769 1439 κατ’

1003 1461 1066 1496 ἐμοῦ
1080 1459 1126 1494 τὴν
1142 1458 1253 1496 ἀνομίαν
1267 1469 1316 1496 μου
1328 1459 1366 1497 τῷ
1382 1457 1470 1497 Κυρίῳ
1482 1480 1489 1493 ,
1504 1457 1550 1486 καὶ
1564 1457 1595 1486 σὺ
1606 1459 1710 1496 ἀφ’ῆκας
1723 1456 1770 1492 τὴν

1004 1504 1125 1533 ἀσέέειαν
1143 1506 1190 1538 τῆς
1209 1503 1318 1542 καρδίας
1339 1515 1387 1540 μου
1397 1515 1403 1520 ·
1419 1503 1464 1531 καὶ
1480 1503 1558 1532 πάλιν
1569 1525 1576 1539 ,
1591 1503 1660 1541 Λέγε
1679 1502 1710 1531 σὺ
1723 1502 1770 1535 τὰς

1002 1549 1133 1589 ἁμαρτίας
1147 1561 1192 1578 σου
1210 1551 1331 1588 πρῶτος,
1345 1548 1388 1577 ἵνα
1407 1549 1557 1587 δικαιωθῇς·
1578 1548 1640 1584 καὶ,
1662 1548 1770 1580 Δίκαιος

1002 1598 1094 1624 ἑαυτοῦ
1109 1595 1253 1634 κατήγορος
1270 1595 1296 1623 ἐν
1308 1595 1484 1634 πρωτολογία.
1508 1594 1644 1632 Δεύτερον,
1657 1594 1710 1623 ἀπὸ
1720 1606 1768 1623 τα-

1001 1640 1203 1680 πεινοφροσύνης
1215 1641 1327 1674 πολλῆς·
1339 1639 1429 1678 ὥσπερ
1439 1639 1490 1678 γὰρ
1501 1639 1577 1679 σειρά
1587 1639 1626 1672 τίς
1637 1641 1693 1668 ἔστι
1704 1651 1769 1679 χρυ-

1003 1690 1035 1722 σῆ
1045 1710 1052 1723 ,
1075 1687 1122 1715 κᾶν
1155 1686 1239 1726 ἀρχὴν
1262 1686 1331 1725 λάῧῃ
1343 1707 1350 1720 ,
1376 1686 1462 1715 πάντα
1486 1686 1588 1715 ἕπεται.
1624 1685 1690 1715 Ἐὰν
1717 1685 1768 1725 γὰρ

1001 1733 1166 1772 ὁμολογήσῃς
1177 1733 1224 1768 τὴν
1238 1732 1368 1772 ἁμαρτίαν
1378 1734 1413 1765 ὡς
1425 1733 1586 1770 ὃμολογῆσαι
1597 1732 1661 1772 χρὴ,
1674 1743 1768 1761 ταπει-

1003 1782 1091 1808 νοῦται
1109 1782 1125 1814 ἦ
1141 1778 1227 1818 ψυχή
1251 1779 1279 1807 τὸ
1301 1778 1353 1816 γὰρ
1372 1778 1484 1810 συνειδὸς
1506 1777 1587 1813 αὐτὴν
1609 1777 1769 1817 συστρέφον,

985 1882 1072 1913 TICO
1093 1882 1346 1913 INTERPRETE.

212 1976 277 1994 vero
289 1971 337 2001 est,
353 1971 378 1993 et
392 1963 505 1992 multam
516 1962 597 1991 habet
611 1962 890 1999 fortitudinem‚etia1n
906 1963 934 1992 in
949 1973 1010 1992 eum
1026 1962 1071 2001 qui
1087 1961 1204 2002 peccatis
1219 1960 1299 1990 valde
1312 1960 1448 1990 demersus
1462 1967 1501 1989 est
1515 1972 1521 1988 :
1539 1960 1562 1989 si
1578 1960 1766 1999 voluerit‚po-

212 2018 261 2039 test
279 2021 339 2039 eum
354 2010 466 2038 liberare
480 2019 514 2037 ex
535 2019 613 2037 onere
633 2016 812 2048 peccatorum,
830 2016 855 2038 ct
870 2009 1064 2048 periclitantem
1084 2009 1111 2037 in
1131 2015 1189 2037 tuto
1212 2007 1382 2045 constituere,
1398 2017 1429 2035 ac
1443 2006 1466 2035 si
1486 2006 1522 2035 ad
1536 2006 1627 2046 ipsum
1649 2006 1767 2035 fundum

212 2056 359 2095 iniquitatis
373 2055 524 2096 pervenerit
539 2066 544 2081 :
561 2061 585 2082 et
597 2054 646 2082 hoc
658 2065 691 2083 cx
706 2055 798 2084 multis
816 2055 985 2084 manifestum
1001 2062 1047 2084 est.
1062 2055 1216 2093 Numquid
1229 2055 1306 2082 enim
1319 2055 1370 2091 qni
1382 2053 1473 2086 cadit,
1490 2052 1589 2090 inquit,
1602 2062 1661 2080 non
1672 2061 1767 2080 resur-

210 2106 276 2141 get?
291 2109 342 2131 aul
357 2104 409 2141 qui
427 2103 576 2136 avertitur,
592 2111 650 2128 non
669 2104 822 2130 revertitur
833 2105 846 2129 Ρ
860 2101 909 2130 Est
923 2112 996 2140 ergo,
1010 2101 1031 2130 si
1051 2100 1218 2130 voluerimus
1233 2098 1399 2128 conformari
1416 2097 1554 2126 Christum
1573 2097 1600 2126 in
1619 2097 1697 2126 nobis
1719 2097 1767 2126 itc-

212 2161 272 2178 rum
286 2162 291 2177 ε
304 2149 367 2178 audi
378 2149 449 2178 enim
463 2148 577 2177 Paulum
595 2147 727 2176 dicentem
741 2160 747 2175 :
763 2150 792 2176 F
791 2149 866 2177 ilioli
879 2151 945 2185 mei,
960 2159 1031 2188 quos
1048 2151 1154 2177 iterum
1171 2149 1316 2186 panaria,
1333 2146 1425 2174 donec
1438 2146 1572 2174 Christus
1592 2145 1768 2184 reformetur

212 2197 243 2222 in
254 2196 338 2223 vobis
353 2205 360 2221 :
374 2201 476 2222 tantum
491 2193 622 2222 intremus
636 2192 662 2221 in
677 2193 868 2232 poenitentiam.
882 2194 1082 2233 videamusque
1096 2193 1148 2223 Dei
1163 2192 1331 2222 clementiam
1344 2204 1350 2219 :
1363 2191 1502 2231 oportebat
1516 2202 1562 2220 nos
1577 2191 1649 2221 omni
1664 2190 1768 2220 ratione

213 2240 302 2279 puniri
318 2240 352 2269 ab
369 2240 428 2279 ipso
443 2239 520 2268 initio
532 2261 541 2276 ,
555 2239 616 2277 quia
631 2246 656 2268 et
670 2241 756 2278 legem
773 2241 932 2280 accipientes
951 2241 1117 2279 naturalem,
1131 2240 1222 2269 decem
1237 2239 1358 2268 millibus
1373 2237 1451 2267 honis
1467 2237 1603 2273 fruentes,
1620 2236 1767 2266 Dominum

212 2295 333 2316 nostrum
351 2287 516 2325 ignoramus,
531 2293 557 2315 et
570 2286 653 2316 vitam
671 2287 839 2316 immundam
854 2289 977 2317 viximus
990 2301 996 2316 ι
1007 2295 1032 2318 et
1049 2299 1101 2317 non
1116 2288 1201 2316 solum
1217 2297 1269 2316 non
1287 2285 1409 2326 punivit,
1424 2284 1470 2314 sed
1485 2285 1566 2314 etiam
1584 2284 1669 2314 multa
1681 2284 1768 2313 millia

213 2335 281 2363 hona
299 2334 411 2373 largitus
424 2341 472 2370 est,
485 2340 622 2372 tamquam
642 2334 664 2363 si
679 2334 776 2363 multos
790 2335 895 2364 labores
914 2337 1111 2374 perfecerimus.
1129 2335 1164 2364 Et
1178 2335 1275 2364 iterum
1295 2333 1447 2362 excidimus
1459 2344 1468 2371 3
1484 2339 1510 2361 et
1523 2343 1609 2371 neque
1623 2332 1663 2361 sic
1675 2332 1766 2371 punit,

213 2379 258 2407 sed
279 2379 353 2408 dedit
366 2379 528 2418 poenitentiae
549 2378 719 2414 medicinam,
734 2390 786 2417 qua
807 2381 892 2418 possit
913 2382 1003 2410 omnia
1025 2387 1132 2420 peccata
1147 2386 1237 2409 nostra
1260 2379 1350 2408 delere
1371 2385 1397 2407 et
1418 2379 1607 2416 exterminare,
1619 2383 1723 2406 tantum
1744 2377 1766 2406 si

213 2425 410 2454 consideremus
430 2425 479 2454 hoc
494 2424 719 2454 medicamentum
733 2425 812 2464 quale
831 2432 881 2461 est,
901 2434 947 2455 aut
961 2427 1076 2465 qualiter
1094 2433 1197 2466 oportet
1217 2436 1359 2466 apponere.
1373 2424 1459 2460 Quale
1474 2434 1537 2463 ergo
1558 2429 1597 2452 est
1619 2422 1691 2452 istud
1707 2432 1764 2451 me-

213 2473 393 2501 dicamentum
410 2471 583 2511 poenitentiae‚
598 2479 624 2501 et
640 2472 754 2511 qualiter
768 2472 909 2501 conficitur
921 2474 934 2501 Ξ)
952 2474 1042 2503 Primo
1060 2473 1229 2513 exculpando
1255 2472 1363 2513 propria
1381 2478 1495 2511 peccata.
1507 2469 1765 2510 Iniquitatem,in·

215 2518 284 2556 quit,
299 2529 393 2547 meam
412 2529 470 2547 non
487 2520 580 2548 celavi
592 2531 604 2553 ;
616 2526 652 2556 et,
667 2520 873 2548 pronuntiabo
892 2521 1032 2550 adversus
1047 2532 1092 2551 me
1111 2523 1296 2560 iniquitatem
1311 2530 1405 2548 meam
1421 2520 1558 2553 Domino,
1571 2524 1598 2546 et
1616 2523 1647 2546 tu
1661 2517 1764 2545 abstu-

215 2565 275 2592 listi
289 2566 464 2602 impietatem
479 2565 574 2594 cordis
589 2567 645 2593 mei
658 2578 670 2599 ;
684 2572 710 2594 ct
724 2565 831 2603 iterum,
849 2566 904 2594 Dic
924 2568 1092 2606 iniquitates
1108 2574 1174 2596 tuas
1182 2569 1279 2606 prius,
1294 2565 1500 2606 uljuslificeris
1514 2575 1525 2598 ί
1545 2570 1570 2592 et
1588 2561 1764 2601 iterum,Ju-

215 2617 274 2639 stus
291 2612 413 2649 seipsum
425 2619 541 2640 accusat
558 2615 590 2641 in
603 2613 687 2641 initio
702 2615 850 2642 sermonis.
864 2613 988 2643 Secundo
1002 2621 1089 2642 autem
1105 2624 1136 2642 ex
1155 2613 1306 2642 humilitate
1318 2612 1410 2641 multa.
1425 2611 1500 2640 Sicut
1512 2610 1584 2640 enim
1599 2609 1679 2639 series
1693 2617 1764 2647 quae-
