1906 2846
444 201 476 224 IN
505 200 613 224 Et'tST.
642 198 687 221 AD
717 196 887 220 ttEBRAEOS.

102 264 136 292 τὶ
159 262 299 302 εἰρημένα,
314 262 359 290 καὶ
383 261 474 297 εἰπὼν,
495 261 615 300 Φοὲερὸν
638 261 668 290 τὸ
693 263 816 299 ἐμπεσεῖν
836 261 872 292 εἷς

103 314 194 349 χεῖρας
208 311 278 339 Θεοῦ
300 309 409 342 ζῶντος·
423 307 490 337 ὥστε
507 308 544 346 μὴ
560 310 597 347 τῷ
612 310 702 347 πολλῷ
717 307 790 347 φόὸῳ
804 308 873 335 ἀπα-

101 355 266 394 γορεύσασα»)
277 354 324 389 τὴν
339 354 426 393 ψυχὴν
442 357 626 389 καταποθῆναι
643 356 675 392 τῇ
690 354 772 392 λύπῃ,
786 364 872 390 παρα-

104 404 225 438 μυθεῖται
244 399 338 432 αὐτοὺς
357 400 400 428 διὰ
419 403 471 429 τῶν
491 400 630 438 ἐγκωμίων
653 401 698 428 καὶ
718 402 766 435 τῆς
787 411 873 437 παρα-

103 447 236 482 κλήσεως·
254 446 300 475 καὶ
324 446 368 474 τὸν
391 447 467 481 ζῆλον
494 446 593 475 οἴκοθεν
617 448 703 479 αὐτοῖς
723 444 873 484 προσφέρει.

658 493 663 501 r

916 197 992 220 CAP.
1018 197 1054 220 X.
1083 196 1202 219 anm„
1232 195 1303 218 XXI.
1600 195 1666 230 277

927 270 954 287 rc
971 259 998 287 in
1015 269 1109 286 manus
1120 258 1169 286 Dei
1188 257 1323 286 viventis:
1336 266 1368 285 ne
1386 256 1471 285 multo
1492 262 1565 284 metu
1580 256 1607 284 in
1622 255 1669 284 de-

927 305 1103 345 sperationem
1118 303 1236 332 adducta
1249 303 1348 338 anima,
1360 303 1452 331 dolore
1463 302 1668 335 absorberetur,

923 362 972 379 eos
985 350 1136 379 consolatur
1147 361 1193 389 per
1207 349 1300 378 laudes
1315 356 1340 377 et
1354 348 1582 385 adhortationem,
1598 355 1623 377 et
1633 349 1671 377 eis

928 397 1101 426 domesticam
1113 397 1190 424 offert
1204 395 1409 424 aemulationem.
1427 396 1674 424 Rememoramini

930 444 1011 479 enim,
1025 443 1119 481 inquit,
1129 445 1268 481 pristinos
1277 443 1349 476 dies,
1362 444 1394 469 in
1408 443 1512 480 quibus
1525 442 1674 470 illumina-

103 492 347 530 Ἀναμιμνήσκεσθε
368 491 435 530 γὰρ,
451 492 532 530 φησὶ,
547 492 595 524 τὰς
612 504 738 531 προτερον
759 490 1104 531 iuipm;,‚9,ti‚rn11ltun1
1125 495 1271 518 certamen
1291 490 1472 516 sustinuistis
1493 489 1672 526 passionum.

104 539 131 567 ἐν
146 534 186 570 αἷς
200 537 385 577 φωτισθέντες,
396 537 498 573 πολλὴν
515 538 625 573 ἄθλησιν
648 537 807 576 ὑπεμείνατε
824 550 876 566 πα·
896 539 914 560 Α
932 537 1032 574 Magna
1045 542 1083 563 cst
1093 545 1151 573 quae
1164 544 1211 574 per
1221 544 1300 573 opera
1311 533 1343 561 sit
1353 533 1499 562 consolatio
1513 544 1519 560 :
1532 543 1593 561 eum
1603 533 1673 561 enim

98 584 242 622 ·οημοὶτων.
258 584 350 619 [ΙολλῗπΙ
366 587 382 619 ἡ
406 584 449 613 διὰ
464 586 515 613 τῶν
533 584 616 624 ἔργων
638 584 804 623 παράκλησις
815 596 820 601 ·
833 583 876 612 τὸν

100 631 156 668 γὰρ
170 629 316 669 ἀρχόμενον
330 631 498 670 πράγματος,
511 630 638 669 προϊόντα
652 630 797 658 ἐπιδιδόναι
808 630 874 669 χρή.

101 675 151 709 Ὦς
166 675 196 704 ἂν
212 677 235 704 εἰ
250 675 348 714 ἔλεγεν,
363 675 406 704 ὅτε
421 676 558 715 ivi-(5305,
569 676 610 704 ὅτε
625 677 652 704 ἐν
667 676 738 709 τάξει
750 678 874 713 μαθητῶν

98 718 166 758 ἦτε,
179 722 311 758 τοσαύτην
322 722 469 761 προθυμίαν
479 722 644 755 ἐπεδείξασθε
653 745 661 757 ,
676 722 805 757 τοσαύτην
815 734 875 759 γεν-

101 768 246 803 -ναιότητα-
268 771 312 796 νῦν
338 769 365 797 δὲ
388 767 486 797 οὐκέτι,
510 768 563 797 Καὶ
580 770 594 796 ὁ
612 769 785 807 παρακαλῶν,
808 767 876 796 οὕτω

102 815 222 853 μάλιστα
242 815 392 853 παρακαλεῖ
413 814 466 842 ἀπὸ
485 817 537 842 τῶν
551 813 665 842 οἰκείων.
683 814 736 843 Καὶ
751 815 813 852 ὅρα,
829 815 877 852 οὐχ

104 862 195 893 ἁπλῶς
209 857 291 895 εἶπεν,
303 860 426 896 'aeta-,ew
441 860 611 898 ὒπεμείνατε,
626 860 694 889 ἀλλὰ
712 860 779 898 μετὰ
794 871 876 898 προσ-

104 907 188 942 θήκης
201 910 260 942 τοῦ,
270 906 386 941 Πολλῆν.
401 906 452 934 Καὶ
473 907 519 934 οὐκ
543 901 599 934 εἷπε
619 905 796 944 πειρασμοῦς,
808 905 876 933 ἀλλὰ

101 952 216 987 ἄθλησιν
225 974 232 988 ,
251 952 315 991 ὅπερ
340 952 409 981 ἐστὶν
431 952 562 990 ε’γκωμίου
586 952 668 989 ὄνομα
693 951 738 980 καὶ
762 950 875 980 ἐπαίνων

107 997 247 1036 μεγίστων.
255 992 323 1026 Εἶτα
338 998 383 1026 καὶ
395 997 537 1035 καταλέγει
550 996 619 1025 κατὰ
631 996 724 1035 μέρος,
735 995 875 1024 πλατύνων

99 1044 150 1072 Δἰ-ὸν
170 1043 258 1082 λόγον,
277 1043 322 1072 καὶ
336 1043 395 1074 τοὺς
416 1043 537 1075 ἐπαίνους
556 1042 668 1074 πολλοὺς
689 1043 780 1070 ποιῶν.
796 1043 876 1075 Πῶς;

105 1090 192 1119 Τοῦτο
213 1088 260 1126 μὲν
275 1089 448 1126 ὀνειδισμοῖς,
463 1087 544 1126 φησὶ,
558 1088 604 1116 καὶ
620 1087 723 1126 θλίψεσι
743 1086 877 1127 θεατριζό-

100 1146 188 1172 μενοι.
205 1133 283 1171 Μέγα
296 1133 348 1172 γὰρ
363 1133 511 1171 ὀνειδισμὸς
523 1132 678 1162 καθικέσθαι
692 1132 817 1172 καρδίας,
832 1133 877 1161 καὶ

100 1179 195 1209 ,ἱκανὸν
217 1179 373 1219 διαπρέψαι
393 1179 490 1218 ψυχὴν,
516 1179 561 1208 καὶ
582 1181 716 1208 σκοτῶσαι
737 1179 876 1217 λογισμόν·

100 1226 186 1255 ἄκουε
199 1225 251 1265 γὰρ
262 1224 289 1253 τί
303 1236 381 1264 φησιν
392 1227 406 1253 ὁ
418 1225 555 1264 προφήτης
566 1237 572 1243 ·
586 1224 716 1263 Ἐγενῆθη
730 1225 764 1254 τὰ
776 1225 878 1264 δάκρυά

111 1283 160 1310 μου
176 1272 235 1309 ἐμοὶ
255 1271 333 1309 ἄρτος
345 1270 447 1310 ἡμέρας
467 1270 511 1299 καὶ
535 1271 628 1304 νυκτὸς
648 1273 674 1300 ἐν
696 1272 734 1310 τῷ
755 1270 878 1310 λέγεσθαί

112 1329 157 1356 μοι
170 1319 229 1346 καθ’
245 1317 359 1352 ἑκάστην
376 1317 489 1355 ἡμέραν,
499 1319 550 1346 ποῦ
566 1318 636 1346 ἐστιν
651 1320 664 1346 ὁ
679 1317 747 1350 Θεός
761 1330 820 1353 σου;
834 1318 879 1346 καὶ

109 1364 201 1399 πάλιν,
209 1365 242 1392 Εἰ
256 1366 270 1392 ὁ
281 1364 372 1402 ἐχθρὸς
386 1363 504 1392 ὠνείδισέ
517 1375 560 1401 με,
569 1364 704 1402 ὑπήνεγκα
717 1364 758 1393 ἄν.
767 1364 879 1400 Ἐπειδὴ

109 1408 162 1447 γὰρ
176 1408 276 1446 σφόδρα
293 1407 425 1440 κενόδοξόν
440 1409 496 1436 ἔστι
509 1408 540 1436 τὸ
557 1408 717 1446 ἀνθρώπινον
739 1408 824 1446 γένος,
837 1410 880 1438 διὰ

110 1455 188 1481 τοῦτο
213 1452 258 1481 καὶ
280 1453 332 1481 ὑπὸ
357 1452 448 1481 τούτου
474 1453 570 1492 ῥαδίως
591 1453 737 1482 ἁλίσκεται.
756 1454 808 1483 Καὶ
833 1457 882 1494 οὐχ

113 1499 204 1531 ἁπλῶς
224 1494 306 1534 εἶπεν,
318 1498 494 1536 Ὀνειδισμοῐς
503 1522 509 1534 ,
525 1498 594 1528 ἀλλὰ
607 1500 652 1528 καὶ
673 1501 736 1529 αὐτὸ
751 1503 808 1539 μετ’
821 1502 883 1530 ἐπι-

114 1543 214 1577 τάσεως
236 1545 352 1581 πολλ’-ῆς,
372 1545 594 1584 Θεατριζόμενοι,
616 1546 704 1584 φησίν.
724 1546 813 1576 ιὈτοιν
836 1548 883 1585 μὲν

931 582 978 620 qui
993 592 1048 609 rem
1063 581 1180 616 inchoat,
1192 586 1296 619 oportet
1309 578 1522 618 progredientem
1535 579 1621 607 facere
1633 579 1674 607 in-

931 634 1104 655 crementum.
1120 626 1205 662 Quasi
1216 626 1326 662 diceret,
1343 624 1461 660 Quando
1479 624 1675 661 initiabamini,
1708 620 1715 629 ⁸

931 673 1039 711 quando
1054 672 1134 701 cratis
1149 672 1208 700 loco
1225 670 1438 710 discipulorum,
1451 670 1604 699 ostendistis
1617 677 1675 698 tan-

931 727 985 748 tam
1007 719 1089 747 animi
1117 718 1301 753 alacritatem,
1321 724 1422 746 tantam
1448 716 1672 755 generositatem:

930 776 1001 794 nunc
1023 772 1113 793 autem
1139 775 1192 793 non
1213 764 1341 803 amplius.
1359 763 1396 792 Et
1413 763 1459 801 qui
1482 763 1606 792 hortatur
1619 763 1676 799 sic,

930 813 1048 841 maxime
1057 813 1181 841 hortatur
1193 822 1207 839 a
1217 811 1379 840 domestiris.
1393 811 1428 839 Et
1438 810 1510 847 vide,
1521 821 1573 839 nou
1588 811 1675 840 solum

929 859 1012 895 dixit,
1026 859 1181 887 Certamen
1202 859 1391 894 sustinuistis,
1413 856 1459 885 sed
1474 856 1589 893 addidit,
1610 858 1675 885 Ma-

928 916 1026 943 gnum.
1042 905 1097 933 Nec
1110 904 1181 932 dixit
1197 904 1353 932 tentationes
1364 927 1371 939 ‚
1385 903 1433 932 sed
1447 909 1588 939 certamen,
1603 903 1678 941 quod

929 958 968 979 est
981 962 1076 979 nomeu
1091 950 1205 978 encomii
1220 957 1244 978 et
1260 950 1373 978 laudum
1385 950 1578 978 maximarum.
1593 950 1678 978 Dein-

929 997 963 1026 de
979 997 1059 1026 etiam
1075 1003 1192 1025 recenset
1216 996 1365 1035 sigillatim,
1388 996 1556 1035 amplificans
1575 996 1678 1025 oratio-

930 1050 1027 1079 nem,et
1041 1041 1238 1071 multaslaudes
1249 1041 1508 1076 addens.Qu0m0d0
1516 1041 1530 1069 Ρ
1540 1043 1568 1070 Ε
1569 1048 1581 1074 t
1595 1043 1626 1069 ἱη
1634 1042 1680 1070 al·

931 1096 992 1117 tero
1009 1089 1126 1128 quidem
1147 1089 1308 1126 opprobriis
1322 1094 1349 1116 et
1364 1089 1603 1117 tribulationibus
1619 1099 1680 1127 spe-

932 1135 1081 1164 ctaculum
1088 1135 1175 1173 facti.
1188 1134 1288 1172 Magna
1299 1134 1368 1162 enim
1381 1145 1422 1162 res
1437 1141 1475 1162 est
1490 1135 1678 1173 opprobrium,

931 1188 957 1210 et
966 1180 1102 1209 sufficiens
1112 1179 1146 1208 ad
1156 1190 1201 1207 cor
1211 1179 1398 1218 pungendum,
1407 1180 1613 1219 pervertendum
1621 1181 1681 1208 ani—

932 1237 1007 1255 mum
1018 1248 1027 1262 ,
1041 1233 1066 1254 et
1089 1224 1124 1253 ad
1152 1224 1250 1253 rationi
1270 1224 1450 1253 offundendas
1465 1225 1604 1253 tenebras:
1617 1225 1681 1254 audi

933 1271 1002 1299 enirn
1014 1269 1082 1308 quid
1093 1268 1165 1298 dicat
1180 1269 1311 1308 propheta
1321 1291 1328 1304 ,
1343 1270 1446 1298 Facta>
1461 1275 1529 1297 sunt
1546 1270 1619 1297 mihi
1633 1270 1682 1298 la-
1696 1279 1762 1301 psal.
1770 1277 1836 1308 414

932 1327 1043 1353 crymce
1055 1318 1143 1355 panis
1158 1317 1206 1344 die
1219 1325 1254 1344 ac
1270 1322 1369 1351 nocte,
1387 1316 1455 1343 dum
1480 1315 1588 1343 dicitur
1611 1316 1684 1343 mihi

934 1363 1074 1402 quotidie,
1088 1363 1144 1391 Ubi
1154 1368 1197 1391 est
1207 1362 1290 1390 Deus
1301 1367 1367 1390 tuus
1377 1364 1390 1388 .³
1401 1368 1425 1389 et
1433 1371 1536 1398 rursus,
1544 1360 1574 1389 Si
1585 1362 1683 1388 inimi·
1697 1368 1731 1389 lb.
1745 1366 1783 1397 54.
1801 1367 1836 1389 ι3.

935 1419 985 1438 cus
1010 1409 1085 1436 mihi
1105 1409 1327 1447 exprobrasset,
1350 1409 1549 1436 sustinuissem
1574 1409 1681 1445 utique,

936 1454 1072 1489 Quoniam
1087 1453 1158 1482 enim
1171 1453 1257 1482 inanis
1272 1453 1365 1492 gloriae
1376 1463 1467 1481 amore
1479 1453 1582 1481 laborat
1600 1463 1683 1491 genus

937 1500 1097 1535 humanum,
1109 1507 1248 1539 propterea
1265 1499 1346 1527 etiam
1373 1499 1407 1527 ab
1430 1498 1482 1527 hoc
1500 1499 1614 1538 capitur.
1630 1500 1685 1527 Nec

938 1546 1027 1574 solum
1052 1545 1138 1581 dixit,
1159 1547 1346 1585 Opprobriis,
1370 1545 1415 1573 sed
1440 1545 1467 1573 id
1490 1555 1598 1583 quoque
1623 1555 1685 1573 cum

114 1590 165 1629 γάρ
179 1602 218 1623 τις
233 1590 389 1625 ὁνειόίζηται
405 1592 464 1619 καθ’
478 1591 579 1626 ἑαυτὸν,
594 1591 711 1630 λυπηρὸν
727 1591 783 1629 μὲν,
795 1594 884 1632 πολλῷ
904 1601 922 1624 c
939 1603 1036 1631 magna
1066 1592 1214 1620 intensione
1230 1615 1236 1625 ,
1262 1592 1464 1630 Spectaculum
1496 1592 1585 1630 facti.
1615 1592 1684 1619 Nam

116 1636 144 1664 δὲ
160 1636 252 1671 πλέον,
267 1636 327 1664 ὅταν
351 1637 394 1664 ἐπὶ
415 1636 530 1664 πάντων.
544 1637 685 1671 Ἐννόησον
699 1638 750 1676 γάρ
766 1649 811 1675 μοι
825 1638 884 1668 ὅσον

940 1638 1048 1677 quando
1062 1639 1161 1676 aliquis
1176 1637 1286 1676 quidem
1306 1648 1353 1677 per
1372 1649 1399 1666 se
1416 1637 1523 1677 probris
1534 1638 1684 1677 appetitur,

116 1677 147 1717 ἦν
166 1682 258 1718 κακὸν,
271 1682 437 1715 ἀποστάντας
454 1685 500 1717 τῆς
520 1683 667 1717 Ἰουδαϊκῆς
684 1683 886 1721 ταπεινότητος,
941 1692 980 1714 est
1001 1683 1111 1722 quidem
1132 1684 1286 1721 molestum,
1301 1683 1346 1712 sed
1366 1684 1453 1713 multo
1467 1683 1564 1723 magis,
1578 1683 1685 1721 quando

538 1815 715 1844 MUTIANO
737 1815 993 1846 SCHOLASTICO
1014 1816 1266 1845 lNTERPRETE.

117 1929 203 1959 multo
219 1929 315 1959 timore
327 1929 513 1969 desperantem
532 1929 650 1958 animam
664 1929 802 1959 absorberi
815 1930 921 1967 faceret,
934 1929 1087 1958 consolatur
1099 1939 1143 1958 eos
1156 1939 1204 1968 per
1216 1928 1307 1957 laudes
1317 1935 1343 1956 et
1355 1928 1528 1965 hortationes,
1537 1935 1562 1957 et
1573 1929 1685 1958 aemula-

115 1978 214 2006 tionem
237 1977 410 2006 domesticam
430 1977 468 2006 eis
489 1977 634 2016 proferens.
650 1979 906 2015 Rememoramini,
920 1977 1018 2015 inquit,
1030 1979 1170 2016 pristinos
1185 1977 1257 2011 dies,
1273 1978 1304 2004 in
1316 1977 1421 2015 quibus
1434 1976 1607 2011 illuminati,
1622 1987 1685 2005 ma-

115 2035 205 2064 gnum
218 2030 366 2053 certamen
378 2026 557 2053 sustinuistt‘s
566 2026 746 2063 passionum.
758 2024 847 2052 Multa
861 2034 977 2062 namque
987 2030 1025 2052 cst
1038 2023 1183 2052 consolatio
1195 2022 1239 2051 vel
1249 2022 1376 2059 hortatio,
1388 2033 1447 2061 quae
1465 2023 1530 2062 ipsis
1545 2023 1575 2051 fit
1595 2024 1685 2062 operi-

115 2072 176 2101 bus.
190 2072 262 2100 Eum
273 2072 344 2100 enim
354 2071 400 2110 qui
410 2081 585 2110 aggressurus
596 2078 634 2101 cst
647 2083 703 2100 rem
715 2072 834 2110 aliquam
844 2094 851 2106 ,
868 2082 993 2111 processu
1009 2070 1137 2110 temporis
1151 2070 1305 2109 promoveri
1319 2076 1344 2098 et
1356 2070 1476 2109 profiteri
1488 2071 1529 2109 [f.
1544 2070 1685 2109 proficere]

114 2125 228 2158 oportet,
245 2118 398 2156 Tamquam
413 2118 435 2146 si
452 2117 570 2155 diceret,
587 2118 706 2155 Quando
721 2117 866 2147 introducti
883 2118 945 2147 estis
956 2141 964 2155 ,
981 2117 1089 2157 quando
1108 2117 1135 2145 in
1152 2117 1246 2145 ordine
1262 2116 1458 2155 discipulorum
1471 2117 1568 2154 eratis,
1584 2123 1686 2146 tantam

114 2164 278 2193 alacritatem
289 2163 502 2202 demonstrastis,
515 2164 714 2202 fortitudinem,
730 2175 803 2194 nunc
816 2172 904 2193 autem
920 2165 1032 2193 minime
1045 2176 1051 2191 z
1069 2171 1094 2193 et
1108 2164 1154 2202 qui
1171 2163 1324 2192 consolatur
1340 2163 1383 2191 vel
1398 2163 1532 2197 hortatur,
1547 2173 1581 2191 ex
1595 2162 1686 2192 dome-

114 2211 231 2240 mesticis
244 2222 275 2240 ac
294 2211 474 2240 familiaribus
491 2211 571 2241 rebus
586 2213 705 2241 maxime
718 2212 770 2241 hoc
786 2213 850 2251 agit.
865 2213 901 2241 Et
915 2223 967 2240 non
981 2211 1141 2251 simpliciter
1158 2210 1241 2245 dixit,
1260 2211 1414 2240 Certamen
1432 2212 1624 2245 sustinuistis,
1639 2211 1686 2239 sed

114 2257 236 2295 addidit,
249 2259 406 2298 Magnum.
422 2259 459 2288 Et
473 2269 525 2288 non
536 2259 621 2295 dixit,
634 2260 822 2297 Tentationes,
839 2259 898 2296 sed,
915 2260 1070 2295 Certamen,
1085 2258 1159 2297 quod
1171 2265 1208 2287 est
1223 2258 1357 2286 maximus
1371 2257 1464 2286 titulus
1477 2257 1574 2292 laudis,
1589 2263 1614 2285 et
1629 2268 1685 2285 ma—

115 2306 250 2335 ximarum
261 2306 416 2346 praedicatio
432 2306 554 2336 laudum.
570 2307 676 2336 Deinde
690 2314 715 2336 et
729 2308 886 2346 exsequitur
898 2307 1062 2343 minutatim,
1073 2306 1188 2335 dilatans
1203 2316 1352 2335 sermonem
1363 2315 1441 2333 suum
1458 2311 1482 2333 et
1494 2303 1585 2333 laudes
1596 2304 1683 2343 pluri-

114 2361 172 2380 mas
181 2351 326 2391 proferens.
337 2351 481 2387 Quomodo
493 2352 544 2380 hoc
557 2352 571 2380 .⁹
579 2353 668 2381 Nunc
677 2353 804 2392 quidem,
818 2353 915 2392 inquit,
924 2355 1084 2393 opprobriis
1095 2359 1123 2381 et
1135 2352 1375 2381 tribulationibus
1387 2351 1586 2390 spectaculum
1597 2351 1683 2389 facti.

115 2398 216 2428 Gravis
229 2399 330 2439 quippe
341 2409 382 2428 res
397 2400 589 2439 opprobrium,
599 2407 625 2429 et
640 2400 735 2429 idonea
755 2400 790 2429 ad
805 2401 923 2429 animam
940 2400 1167 2433 subvertendam,
1182 2406 1207 2428 et
1221 2399 1254 2427 ad
1271 2398 1456 2428 excaecandam
1471 2404 1586 2426 mentem
1599 2409 1606 2425 z
1621 2408 1683 2426 nam

115 2444 179 2474 audi
194 2446 259 2484 quid
273 2445 340 2475 dicit
353 2447 495 2486 propheta,
512 2447 585 2476 Cum
601 2448 703 2476 dicunt
717 2449 798 2485 mihi,
815 2448 911 2487 inquit,
920 2459 974 2487 per
983 2448 1114 2488 singulos
1126 2448 1198 2484 dies,
1212 2448 1268 2475 Ubi
1282 2453 1323 2475 est
1336 2446 1417 2474 Deus
1432 2452 1498 2474 tuus
1511 2445 1525 2473 .⁰
1535 2452 1559 2474 et
1575 2445 1683 2479 iterum,

115 2494 146 2523 Si
155 2495 291 2523 inimicus
305 2495 495 2533 exprobraret
515 2495 597 2529 mihi,
609 2497 788 2524 sustinerem.
801 2495 937 2530 Quoniam
953 2495 1023 2524 enim
1037 2494 1116 2524 valde
1129 2501 1256 2534 appetens
1268 2500 1305 2522 est
1320 2492 1414 2531 gloriae
1427 2502 1510 2531 genus
1523 2491 1681 2527 humanum,

117 2547 255 2580 propterea
273 2541 353 2570 etiam
368 2540 446 2569 facile
460 2541 613 2581 opprobriis
631 2542 792 2581 captivatur.
808 2542 844 2572 Et
863 2553 914 2572 non
930 2542 1090 2583 simpliciter
1107 2541 1189 2579 dixit,
1209 2542 1390 2580 Opprobriis,
1405 2539 1452 2568 sed
1471 2539 1550 2568 etiam
1565 2539 1610 2568 hic
1630 2549 1679 2566 au-

118 2595 254 2627 gmentum
272 2588 335 2618 fecit
351 2587 662 2627 dicens,Spectacutum
675 2590 759 2629 sacti.
776 2591 843 2619 Cum
867 2591 938 2620 enim
955 2590 1016 2629 quis
1031 2591 1152 2620 secretim
1167 2588 1358 2628 exprobratur,
1375 2587 1547 2616 contristatur
1557 2586 1678 2625 quidem,
