1886 2846
240 179 302 201 200
568 179 596 200 S.
627 178 766 201 sommis
793 176 973 200 Ctinx‘sosr.

232 246 342 279 propter
365 249 479 268 carnem.
502 239 717 268 Tabernnculum
743 246 831 267 autem
852 238 896 265 hie
915 247 968 265 αι·-

232 286 287 315 lum
304 287 379 315 dicit.
395 287 457 315 Ideo
477 286 557 314 etiam
574 290 607 314 'ut
627 286 747 314 ostendat
767 295 847 323 quam
863 284 970 312 disserat

231 344 246 361 a
264 332 388 367 Judaico,
404 332 543 370 subjungit
566 331 666 360 dicens.
685 330 851 369 Quodsi.rit
870 330 968 364 Deus,

231 384 257 406 el
273 388 331 405 non
348 378 441 405 homo.
456 376 527 406 Vide
547 377 683 415 quomodo
704 375 788 404 crexit
805 374 907 402 animos
927 382 970 401 eo-

231 433 290 451 rum
313 422 359 461 qui
382 422 554 452 crediderunt
576 423 603 450 in
619 421 727 452 Judaeis.
752 420 821 448 Nam
842 418 971 456 quoniam

231 468 377 496 verisimile
395 475 451 497 erat
472 479 515 497 eos
538 467 696 506 imaginatus
715 475 770 493 esse
790 474 836 492 nos
849 474 902 492 non
921 463 970 492 ha.

231 513 294 542 bere
313 514 365 542 tale
380 513 582 542 tabernaculum
600 523 605 538 :
626 511 705 546 Ecce,
722 509 820 548 inquit,
837 508 969 545 sacerdos,

230 566 256 588 et
270 570 382 598 magnus
392 582 399 594 ‚
414 567 439 588 et
456 559 501 587 illo
522 558 605 586 multo
618 557 716 595 major,
731 562 762 584 ut
782 555 971 584 admirabilius

230 604 330 633 obtulit
344 604 516 633 sacrificium.
532 606 566 630 At
581 600 712 639 numquid
726 601 785 630 haec
798 608 860 630 sunt
868 603 971 641 jactan-

231 649 267 678 tia
281 657 307 678 et
321 649 403 677 animi
419 647 584 677 oblectatio?
600 647 742 686 Propterea
761 657 816 675 rem
831 646 907 686 prIus
926 647 969 675 fa-

231 695 267 723 cit
289 694 444 722 credibilem
460 703 493 721 ex
511 691 688 731 jurejurando
699 714 708 729 ,
723 691 821 720 deinde
840 692 921 721 etiam
937 702 971 721 ex

230 740 410 768 tabernaculo.
427 740 491 767 Erat
503 737 613 776 quidem
628 738 685 766 haec
697 748 802 776 quoque
812 745 903 777 aperta
913 737 971 766 dif—

231 786 339 814 ferentia
353 797 358 812 :
371 785 426 824 ipse
439 795 502 813 vero
514 785 594 813 aliam
604 795 710 823 quoque
722 784 855 823 excogitat
867 796 874 812 :
889 785 974 823 Quod

111 844 191 864 Conna
223 831 310 870 fixit,
323 830 421 868 inquit,
443 831 534 867 Deus,
552 837 579 859 et
594 840 654 859 non
668 831 764 859 homo.
781 830 837 859 Ubi
851 837 913 859 sunt
926 830 972 868 qui

79 883 115 895 cns
126 876 162 902 qui
172 875 207 895 di-

78 907 156 926 cebant
173 913 208 925 mo
215 916 222 919 -
245 922 250 927 .

79 938 125 956 veri
135 936 219 960 eretum,

79 973 100 988 ct
113 975 158 987 csse

77 998 217 1026 sphaericum.

231 876 327 905 dicunt
347 876 450 905 moveri
476 876 597 905 caelum?
617 876 665 905 nbi
691 883 753 905 sunt
779 876 826 915 qui
848 887 972 916 pronun—

231 929 298 950 tiant
312 922 341 951 id
361 933 416 951 esse
431 922 594 962 sphaericum
608 922 621 950 Ρ
634 929 746 961 utraque
760 922 831 951 enim
852 922 896 950 hic
910 928 973 951 sunt

229 967 345 998 sublata.
372 968 541 1007 Capitulum.
567 974 681 1004 autem,
703 967 808 1006 inquit,
829 978 914 1006 super
937 978 972 996 ea

229 1025 294 1053 quoe
316 1015 462 1042 dicuntur.
486 1013 574 1052 Caput
594 1024 699 1052 semper
721 1013 821 1042 dicitur
845 1013 875 1042 id
897 1013 971 1052 quod

229 1067 268 1089 est
291 1060 451 1088 maximum.
462 1059 566 1087 Rursus
582 1058 701 1087 demittit
722 1059 869 1087 orationem
887 1070 892 1086 :
909 1069 971 1087 cum
987 1070 1005 1093 C

228 1105 341 1135 dixisset
354 1105 425 1144 quod
440 1111 478 1133 est
499 1104 626 1141 sublime,
642 1103 757 1132 humilia
776 1111 866 1143 postea
887 1104 970 1133 libere

229 1151 340 1190 profert.
355 1149 460 1179 Deinde
481 1157 510 1178 ut
534 1149 602 1178 scias
625 1149 700 1188 quod
718 1149 803 1186 illud,
818 1150 969 1186 fllinisler,

229 1198 332 1226 dictum
346 1198 381 1226 sit
396 1197 429 1226 de
445 1196 629 1232 humanitate,
644 1195 706 1224 vide
726 1195 860 1234 quomodo
877 1206 970 1225 rursus

229 1244 280 1273 hoc
295 1243 437 1282 significet.
454 1243 480 1270 5.
496 1243 598 1271 Omnis
618 1242 693 1270 enim
706 1243 852 1280 pontifex,
870 1241 967 1280 inquit,

229 1292 270 1319 ad
289 1291 474 1330 offerendum
495 1300 617 1318 munera
636 1295 663 1318 et
685 1290 796 1318 hostias
815 1290 970 1317 constitui-

230 1344 279 1366 tur
294 1349 302 1364 .-
318 1337 401 1365 Unde
416 1346 529 1365 necesse
543 1341 586 1364 est
599 1342 626 1364 et
641 1336 719 1363 hunc
734 1335 841 1363 habere
855 1335 972 1372 aliquid

230 1384 310 1422 quod
333 1383 451 1423 offerat.
468 1383 516 1418 Ne,
533 1381 659 1420 quoniam
684 1380 762 1409 audis
782 1391 844 1409 eum
866 1380 966 1415 sedere,

229 1428 366 1458 existimes
388 1438 444 1456 esse
465 1437 550 1466 nugas
570 1427 641 1465 quod
663 1426 752 1455 dictus
773 1426 807 1454 sit
822 1427 942 1465 pontifex
963 1438 969 1453 :

230 1486 293 1504 nam
315 1474 385 1503 illud
404 1474 513 1512 quidem
530 1481 568 1502 est
581 1473 631 1502 Dei
651 1472 801 1511 dignitatis,
817 1482 912 1511 nempe
930 1483 970 1501 se-

229 1520 292 1549 dere
306 1532 315 1557 3
330 1520 380 1548 hoc
402 1526 492 1548 autem
511 1519 601 1547 multae
620 1519 647 1546 in
667 1518 788 1546 homines
811 1517 970 1546 benevolen-

230 1567 272 1595 tiae
293 1573 318 1595 et
332 1576 434 1605 magnae
452 1575 522 1594 curae
535 1575 615 1604 quam
634 1564 717 1593 nostri
735 1563 812 1603 gerit.
827 1564 970 1603 Propterea
987 1570 1006 1593 D

230 1613 282 1642 hoc
305 1612 384 1648 lenit,
400 1618 425 1640 et
446 1611 473 1640 in
495 1621 525 1639 eo
545 1610 649 1639 diutius
674 1610 834 1638 immoratur
854 1621 860 1637 τ
878 1609 969 1639 timuit

263 1712 274 1723 ²
291 1703 445 1736 Sphaericum
466 1711 516 1727 esse
538 1702 625 1726 caelum
647 1701 756 1734 negabat
778 1701 984 1735 chrysostomus.

229 1745 286 1774 Qua
298 1742 329 1767 de
341 1751 367 1766 re
380 1741 435 1767 vide
446 1751 500 1775 qua:
510 1741 619 1766 diximus
631 1742 658 1767 in
670 1741 819 1766 Praefatioue
827 1740 860 1766 ad
867 1742 985 1766 Cosmum

229 1781 386 1815 AEgyptium.

1003 175 1157 197 4ΗῖίίΙΠΕΡ.

1188 174 1441 198 ΕΟΝΞΤᾹΝΤΙΝΟῘ)
1448 190 1455 197 .

1022 236 1101 273 λέγει.
1110 235 1158 264 Διὸ
1166 236 1210 264 καὶ
1221 235 1250 264 τὸ
1259 236 1380 275 διάφορον
1391 236 1492 268 δεικνὺς
1502 236 1566 274 πρὸς
1577 236 1624 271 τὴν
1633 236 1789 273 Ἰουδαῖοι-ἦν1

1021 281 1114 319 ἐπάγει
1125 281 1218 319 λέγων,
1226 281 1278 310 Ἢν
1290 281 1384 316 ἔτι-ηξεν
1395 283 1408 309 ὁ
1421 281 1524 320 Κύριος,
1533 281 1578 309 καὶ
1590 283 1636 310 οὐκ
1646 282 1790 321 ἄνθρωπος.

1021 325 1095 364 οὈρα
1103 328 1158 359 πῶς
1168 322 1215 364 ἦρε
1227 326 1273 359 τὰς
1283 326 1368 366 ψυχὰς
1379 329 1430 355 τῶν
1439 326 1464 359 ἐξ
1473 326 1608 355 Ἰουδαίων
1619 327 1790 355 πεπιστευκό-

1021 384 1083 407 των,
1094 375 1171 401 τοῦτο
1182 372 1271 401 εἰπών.
1283 372 1394 408 Ἐπειδὴ
1405 372 1455 412 γὰρ
1471 373 1525 402 abab
1536 368 1580 407 ςῆν
1591 372 1683 405 αὐτοὺς
1691 373 1791 411 φαντά-

1022 419 1111 450 ζεσθαι
1120 417 1175 451 ,ὅτι
1187 417 1285 453 σκηνὴν
1298 419 1344 447 οὐκ
1357 418 1453 458 ἔχομεν
1469 418 1606 453 τοιαύτην·
1620 418 1688 454 ἰδοὺ,
1700 418 1790 457 φησὶν,

1022 466 1035 492 ὁ
1047 463 1195 503 ἳερεὺς,καὶ
1211 463 1309 502 μέγας,
1322 463 1367 492 καὶ
1380 464 1446 493 πολὺ
1459 464 1553 502 μείζων
1567 464 1665 493 ἐκείνου
1674 485 1681 498 ,
1692 464 1737 492 καὶ
1749 467 1793 492 θυ-

1023 508 1081 537 σίαν
1101 509 1319 548 θαυμασιωτέραν
1343 509 1530 548 προσήνεγκεν.
1545 510 1614 539 Ἀλλ’
1631 505 1681 549 ἆρα
1697 509 1733 548 μὴ
1749 510 1792 538 λό-

1022 567 1066 593 γος
1079 558 1163 583 ταῦτα
1173 577 1180 591 ,
1206 555 1242 593 μὴ
1265 555 1366 593 κόμπος
1389 556 1434 584 καὶ
1458 556 1631 595 ψυχαγωγία;
1645 555 1724 585 Ἀλλὰ
1749 555 1793 584 διὰ

1022 604 1097 630 τοῦτο
1115 600 1281 630 ἐπιστώσατο
1294 601 1420 640 πρότερον
1433 601 1540 630 ἀπὸτοῦ
1554 601 1633 640 ὅρκου
1642 624 1649 637 ‚
1663 600 1754 630 λοιπὸν
1765 601 1792 629 δὲ

1022 647 1067 675 καὶ
1079 647 1132 676 ἀπὸ
1142 649 1189 682 τῆς
1206 649 1313 681 σκηνῆς.
1327 642 1381 676 effi
1400 647 1446 685 μὲν
1462 643 1506 676 οἶν
1525 647 1571 675 καὶ
1589 647 1656 683 αὕτη
1682 646 1748 682 δήλη
1774 649 1791 682 ἡ

1023 692 1146 732 διαφορά·
1162 688 1235 726 οἶτος
1250 692 1277 722 δὲ
1292 693 1336 721 καὶ
1356 692 1446 732 ἑτέραν
1467 694 1582 722 ἐπινοεῖ·
1594 692 1648 722 Ἢν
1665 691 1758 727 ἔπηξεν
1779 695 1793 721 ὁ

1023 737 1133 777 Κύριος,
1148 738 1227 777 φησὶ,
1242 738 1286 767 καὶ
1301 740 1348 767 οὐκ
1359 739 1504 779 ἄνθρωπος.
1518 739 1576 767 Ποῦ
1589 738 1674 767 τοίνυν
1688 738 1753 767 εἰσὶν
1768 740 1792 767 οἱ

1022 784 1141 823 λέγοντες
1157 787 1284 813 κινεῖσθαι
1298 784 1342 813 τὸν
1356 784 1477 825 οὗρανόν;
1500 788 1550 814 ποῦ
1569 786 1634 813 εἰσιν
1647 786 1689 814 Ξὀἷ
1710 797 1792 824 σφαι-

1026 831 1111 870 ροειδῆ
1123 830 1199 859 αὖτὸν
1216 826 1282 859 εἶναι
1299 830 1516 870 ἀποφαινόμενοι;
1527 830 1662 870 ἀμφότερα
1673 830 1723 869 γὰρ
1733 834 1793 859 ταῦ-

1024 888 1057 904 τα
1070 875 1200 915 ἀνῄρηται
1222 877 1340 904 ἐνταῦθα.
1355 875 1505 914 Κεφάλαιον
1524 875 1565 911 δὲ,
1578 875 1668 914 φησὶν,
1682 875 1725 904 ἐπὶ
1738 879 1793 907 τοῖς

1023 922 1181 960 λεγομένοις.
1192 922 1341 960 Κεφάλαιον
1354 922 1394 950 ἀεὶ
1406 921 1436 950 τὸ
1448 922 1570 959 μέγιστον
1580 921 1695 960 λέγεται.
1705 920 1792 949 Πάλιν

1023 967 1133 1006 κατάγει
1147 968 1190 996 τὸν
1204 967 1279 1006 λόγον
1288 979 1294 984 ·
1309 966 1388 996 εἰπὼν
1399 966 1428 995 τὸ
1440 966 1548 1006 ὑψηλὸν,
1563 967 1644 999 ἀδεῶς
1653 965 1792 1006 φθέγγεται

1023 1013 1113 1042 λοιπὸν
1129 1011 1141 1027 ¹³
1153 1012 1187 1041 τὰ
1199 1012 1320 1042 ταπεινοί.
1337 1008 1419 1048 Εἶτα,
1444 1012 1488 1041 ἴνα
1511 1012 1597 1050 μάθῃς
1614 1012 1654 1041 ὅτι
1679 1011 1725 1048 τὸ,
1737 1013 1793 1041 λει-

1022 1059 1215 1098 τουργὸς,περὶ
1238 1060 1285 1093 τῆς
1305 1058 1505 1097 ἀνθρωπότητος
1532 1058 1652 1098 εἴρηται,
1671 1058 1720 1098 ὅρα
1736 1059 1794 1090 πῶς

1021 1107 1101 1136 πάλιν
1111 1106 1314 1145 ἐπισημαίνεται
1328 1118 1333 1124 ·
1347 1107 1404 1139 Πᾶς
1416 1106 1467 1147 γὰρ
1479 1106 1614 1146 ἀρχιερεὺς
1624 1128 1631 1142 ,
1646 1106 1741 1146 φησὶν,
1756 1107 1793 1138 εἷς

1022 1158 1052 1186 τὸ
1066 1157 1220 1198 προσφέρειν
1236 1156 1306 1196 δῶρά
1327 1169 1354 1185 τε
1378 1157 1424 1185 καὶ
1447 1157 1538 1190 θυσίας
1551 1156 1722 1185 καθίσταται·
1734 1155 1792 1184 ὅθεν

1023 1211 1164 1247 ἀναγκαῖον
1187 1208 1257 1246 ἔχειν
1271 1220 1297 1236 τι
1325 1208 1368 1236 καὶ
1391 1209 1482 1236 τοῦτον
1495 1207 1509 1236 ὃ
1523 1206 1697 1246 προσενέγκῃ.
1725 1205 1771 1240 Μὴ
1783 1227 1791 1239 ,

1023 1259 1112 1294 ἐπειδὴ
1135 1258 1236 1290 ἀκούεις
1261 1257 1300 1286 ὅτι
1325 1258 1456 1292 κάθηται,
1470 1257 1546 1285 ὕθλον
1561 1252 1628 1284 εἶναι
1641 1256 1751 1294 νομίσῃς
1762 1255 1792 1283 τὸ

1023 1308 1147 1347 ἀρχιερέα
1163 1308 1237 1336 αὖτὸν
1255 1308 1389 1347 εἷρῆσθαι·
1411 1309 1494 1336 ἐκεῖνο
1515 1306 1563 1344 μὲν
1586 1306 1638 1345 γὰρ
1658 1307 1705 1340 τῆς
1720 1305 1793 1339 ἀξίας

1022 1362 1067 1387 τοῦ
1077 1360 1160 1394 Θεοῦ,
1172 1357 1201 1386 τὸ
1225 1359 1457 1393 καθῆσθαι,τοῦτο
1478 1356 1506 1385 δὲ
1528 1359 1576 1391 τῆς
1596 1355 1792 1396 φιλανθρωπίας

1022 1411 1069 1443 τῆς
1082 1409 1182 1443 πολλῆς
1196 1408 1242 1436 καὶ
1256 1410 1303 1443 τῆς
1318 1409 1353 1440 εἷς
1367 1410 1438 1445 ἡμᾶς
1460 1406 1624 1445 κηδεμονίας.
1649 1405 1702 1434 Διὰ
1715 1408 1792 1434 τοῦτο

1023 1458 1085 1487 αὒτὸ
1098 1457 1214 1486 λιπαίνει
1223 1480 1230 1493 ,
1241 1457 1286 1486 καὶ
1300 1457 1383 1497 τούτῳ
1403 1457 1482 1486 πλέον
1496 1455 1653 1497 ἔνδιατρίὸει
1663 1468 1669 1474 ·
1692 1455 1791 1485 δέδοικε

1022 1509 1073 1548 γὰρ
1091 1508 1128 1547 μὴ
1143 1510 1226 1538 ἐκεῖνο
1240 1508 1383 1547 ἀνατρέψῃ.
1403 1507 1454 1536 Διὰ
1466 1510 1542 1536 τοῦτο
1562 1507 1642 1536 πάλιν
1657 1506 1701 1535 ἐπὶ
1715 1508 1792 1535 τοῦτο

1023 1558 1133 1597 κατάγει
1153 1558 1197 1587 τὸν
1212 1559 1299 1597 λόγον,
1320 1558 1410 1594 ἐπειδὴ
1425 1557 1528 1593 ἐζήτουν
1551 1556 1632 1594 τινὲς,
1646 1555 1714 1590 τίνος
1732 1556 1791 1585 ἔνε-

1022 1621 1066 1638 κεν
1089 1608 1217 1637 ἀπέθανεν
1227 1631 1234 1645 ,
1252 1607 1335 1647 ἱερεὺς
1357 1607 1407 1645 ὤν;
1437 1607 1532 1647 Ἱερεὺς
1555 1607 1582 1637 δὲ
1599 1607 1682 1647 χωρὶς
1703 1606 1791 1639 θυσίας

1071 1702 1083 1720 b
1101 1705 1135 1727 Τὰ
1147 1705 1242 1727 ταπεινὰ
1253 1700 1324 1725 deest
1336 1700 1361 1724 in
1373 1698 1448 1725 Colb.
1459 1698 1495 1733 [et
1509 1698 1552 1732 qui
1571 1697 1607 1723 illi
1619 1696 1748 1723 adhaerent.
1760 1697 1788 1723 A.

1035 1742 1064 1766 B.
1077 1746 1102 1766 et
1114 1740 1229 1771 Comm]

648 1861 823 1890 MUTIANO
845 1861 1098 1891 SCHOLASTICO
1120 1859 1372 1890 INTERPRETE.

228 1952 353 1981 ctorum?
367 1952 585 1981 Tabernaculum
600 1952 700 1991 quippe
714 1952 758 1980 hic
771 1952 851 1982 dixit.
864 1953 936 1983 Vide
948 1960 1036 1982 autem
1052 1952 1185 1991 quomodo
1199 1952 1335 1981 adstruxit
1349 1951 1450 1980 animas
1463 1961 1566 1988 eorum,
1580 1951 1628 1989 qui
1642 1961 1676 1980 ex
1689 1950 1790 1981 Judaeis

229 1998 406 2028 crediderant.
420 1999 555 2034 Quoniam
570 1999 640 2027 enim
662 1999 780 2028 fortassis
795 1999 1013 2039 imaginabantur
1030 2000 1093 2038 quia
1111 1999 1313 2028 tabernaculum
1328 1999 1380 2027 tale
1404 2009 1456 2027 nou
1477 1998 1606 2027 habemus
1619 2010 1626 2026 :
1639 1998 1722 2035 Ecce,
1744 1998 1789 2027 in·

227 2046 297 2086 quit,
320 2045 450 2084 pontifex,
461 2052 487 2074 et
501 2056 623 2084 magum,
642 2052 668 2074 et
692 2045 778 2074 multo
792 2046 878 2085 major
891 2046 948 2083 illo,
963 2053 989 2074 et
1003 2046 1167 2074 sacrificium
1181 2045 1306 2073 mirabile
1319 2045 1425 2073 obtulit.
1441 2044 1493 2073 Sed
1507 2044 1609 2073 intuere
1622 2055 1654 2073 ne
1668 2045 1734 2073 forte
1745 2044 1790 2073 hic

228 2101 314 2123 sermo
328 2099 432 2121 tantum
446 2091 543 2120 habeat
560 2092 595 2130 [f
609 2091 764 2127 habeatur),
776 2102 809 2120 ne
821 2092 890 2120 forte
906 2092 1081 2131 amplificatio
1095 2098 1120 2120 et
1135 2091 1262 2120 animatio
1277 2091 1319 2119 sit.
1335 2091 1476 2130 Propterea
1488 2090 1576 2130 primo
1591 2090 1672 2119 fidem
1682 2091 1744 2119 fecit
1755 2101 1790 2119 ex

226 2140 419 2182 jurejurando,
431 2139 526 2167 deinde
549 2149 583 2166 ex
602 2139 775 2168 tabernaculo
793 2151 798 2166 :
818 2139 891 2177 quod
911 2139 1020 2177 quidem
1041 2145 1067 2167 et
1086 2139 1251 2167 demonstrat
1275 2137 1465 2166 differentiam.
1485 2138 1546 2177 Ipse
1567 2144 1656 2167 autem
1671 2145 1696 2166 et
1709 2137 1791 2166 aliam

230 2188 367 2218 adinvenit
380 2199 386 2214 :
402 2187 487 2225 Quod
498 2187 658 2221 constituit,
671 2186 765 2224 inquit,
778 2187 867 2223 Deus,
880 2197 939 2215 non
951 2187 1045 2215 homo.
1056 2186 1113 2215 Ubi
1125 2192 1185 2214 sunt
1199 2186 1245 2224 qui
1261 2185 1355 2214 dicunt
1370 2185 1516 2224 significari
1531 2185 1646 2214 caelum?
1658 2185 1705 2213 ubi
1719 2191 1790 2220 sunt,

230 2236 276 2274 qui
290 2234 452 2275 sphaeroides
463 2244 479 2261 a
493 2232 597 2272 sphzera
614 2231 682 2260 iliud
707 2243 762 2261 esse
782 2233 978 2272 pronuntiant?
992 2240 1104 2272 utraque
1118 2233 1188 2262 enim
1208 2233 1258 2261 ista
1273 2232 1381 2261 exclusa
1395 2239 1458 2260 sunt
1478 2232 1505 2260 in
1525 2231 1576 2261 hoc
1589 2232 1656 2261 loco.
1672 2232 1790 2271 Capitu-

232 2283 289 2310 lum
306 2288 414 2315 autem,
423 2279 521 2318 inquit,
532 2281 562 2307 in
573 2280 608 2307 iis
619 2289 683 2318 quoe
697 2279 843 2308 dicuntur.
859 2280 1014 2319 Capitulum
1029 2291 1133 2319 semper
1147 2279 1218 2318 quod
1233 2279 1382 2308 maximum
1395 2286 1433 2307 est
1446 2278 1556 2307 dieitur⁴
1567 2279 1669 2307 Iterum
1681 2278 1791 2318 deponit

231 2338 379 2357 sermonem
391 2337 482 2362 suum,
493 2332 633 2365 postquam
651 2325 721 2353 dixit
735 2336 794 2363 quae
808 2326 859 2354 alta
873 2334 944 2363 sunt,
958 2327 1084 2365 quoniam
1097 2326 1153 2355 sine
1165 2326 1260 2355 timore
1272 2327 1328 2365 jam
1342 2325 1470 2364 loquitur.
1482 2325 1586 2354 Deinde
1599 2332 1629 2354 ut
1642 2335 1787 2364 agnoscas,

232 2376 293 2413 quia
302 2377 433 2403 minister
443 2373 476 2402 de
490 2373 656 2401 humanitate
667 2372 755 2401 dictus
768 2380 815 2410 est,
828 2373 933 2402 intende
947 2374 1082 2413 quomodo
1092 2373 1164 2402 idem
1172 2373 1224 2402 hoc
1237 2373 1325 2413 ipsum
1339 2374 1561 2402 annotat.0mn1'5
1570 2373 1789 2411 enimpontisex

233 2422 328 2459 inquit,
345 2423 385 2450 ad
399 2422 557 2461 offerenda
575 2431 697 2449 munera
713 2422 861 2450 etlzostias
881 2424 1088 2455 mustitanum
1103 2423 1178 2450 unde
1200 2431 1313 2450 necesse
1335 2427 1377 2449 est
1402 2427 1428 2449 et
1445 2421 1523 2449 hunc
1546 2421 1652 2448 habere
1674 2420 1790 2459 aliquid

234 2470 311 2507 quod
321 2470 439 2508 offerat.
450 2470 490 2498 Ne
506 2469 581 2505 forte,
591 2469 655 2507 quia
669 2469 747 2498 audis
762 2469 834 2508 quod
847 2469 953 2507 sedeat,
970 2477 1055 2499 totum
1069 2481 1131 2499 eum
1144 2477 1221 2509 putes
1236 2469 1389 2509 pontificem
1408 2468 1512 2498 dictum
1525 2480 1532 2495 :
1546 2467 1615 2496 illud
1631 2467 1740 2506 quidem
1748 2467 1788 2496 di-

234 2515 341 2553 gnitatis
359 2523 395 2544 est
416 2515 531 2553 divina),
544 2516 595 2545 hoc
609 2523 658 2554 est,
675 2516 780 2555 sedere,
795 2517 845 2546 hoc
859 2525 947 2546 autem
962 2517 1154 2547 misericordiae
1168 2517 1259 2546 multae
1273 2524 1299 2545 et
1317 2516 1418 2545 amoris
1440 2526 1519 2554 quem
1540 2515 1617 2545 nobis
1642 2514 1784 2554 impendit.

235 2563 374 2601 Propterea
389 2562 439 2591 hoc
454 2563 578 2597 inculcat,
594 2564 654 2593 etin
666 2564 717 2593 hoc
732 2565 848 2605 amplius
864 2573 1043 2595 commoratur
1060 2578 1065 2593 τ
1083 2572 1189 2595 veretur
1203 2565 1274 2594 enim
1289 2575 1322 2593 ne
1334 2563 1402 2593 illud
1414 2563 1517 2592 refutet.
1529 2564 1671 2602 Propterea
1684 2563 1740 2602 jam
1753 2562 1787 2590 ad
