1886 2846
437 210 470 232 ΙΝ
500 210 606 232 EPIST-

76 270 342 308 ἀντιδιατιθεμένους,
357 270 482 305 Μήποτε,
498 270 561 309 φησι
572 293 578 305 ,
602 271 638 309 δῷ
654 270 739 301 αὐτοῖς
754 269 767 295 ὃ
777 265 844 297 Θεὸς

76 317 215 354 μετάνοιαν
241 318 276 348 εἷς
301 315 442 354 ἐπίγνωσιν
465 317 511 350 τῆς
533 315 655 350 ἀληθείας
675 338 681 350 ,
707 313 752 343 καὶ
777 313 843 340 ἀνα-

75 362 193 402 νήψωσιν
209 364 238 390 ἐκ
254 364 301 397 τῆς
319 365 364 390 rob*
380 361 502 390 διαῧόλου
522 361 630 399 παγίδος
644 383 652 396 ‚
667 357 844 398 ἐζωγρημένοι

76 410 120 436 ὑπ’
145 410 222 437 αὐτοῦ
241 409 278 440 εἷς
302 407 331 436 τὸ
357 407 454 436 ἐκείνου
476 407 588 444 θέλημα.
607 407 733 441 Μήποτε,
751 403 843 443 φησίν·

77 456 138 493 ὁρᾷς
162 453 245 489 πόσης
268 452 451 492 μακροθυμίας
477 453 505 481 τὸ
531 455 602 491 ῥῆμα
632 451 723 490 γέμειῂ,
745 451 845 479 Τοῦτον

77 499 122 527 καὶ
153 501 230 537 ἡμεῖς
254 499 423 537 μιμούμενοι,
453 497 552 535 μηδένα
578 497 773 534 ἁπελπίζι-ιμεν.
794 497 845 526 Καὶ

78 545 128 584 γὰρ
151 547 175 574 οἱ
197 546 294 580 ἁλιεῖς,
308 544 436 576 πολλάκις
459 544 488 572 τὸ
510 544 650 583 ἄγκιστρον
669 543 789 582 ῥίψαντες
811 544 846 574 εἷς

78 590 126 626 τὴν
155 590 303 625 θάλατταν,
330 591 376 618 οὐκ
399 590 542 629 ἐπέτυχον,
566 590 672 628 ὕστερον
696 589 722 618 δὲ
754 588 847 627 βαλόν-
863 592 881 613 C

79 648 134 672 τες,
154 637 184 665 τὸ
207 641 259 665 πᾶν
280 636 423 665 ἀπέλαίον.
446 636 526 664 Οὕτω
547 636 591 664 καὶ
614 638 690 672 ἡμεῖς
706 635 753 663 οὐκ
768 635 846 663 ἀπελ-

80 682 203 720 πίζομεν,
220 682 287 710 ἀλλὰ
307 682 495 721 προσδοκῶμεν
513 681 553 710 ὅτι
567 680 658 720 ἀθρόον
673 680 769 713 δείξετε
782 682 845 718 ἡμῖν

79 728 180 769 καρπὸν
201 728 310 767 ὥριμον.
337 727 389 756 Καὶ
409 727 459 766 γὰρ
479 730 492 756 ὁ
510 728 623 764 γηπόνος
642 726 747 755 ἐπειδὰν
773 725 846 755 σπεί-

81 786 112 813 ρῃ
125 796 132 809 ,
155 773 198 802 καὶ
212 773 259 808 τὴν
274 772 381 812 πρώτην
397 773 498 811 ἡμέραν
518 772 563 801 καὶ
582 772 630 807 τὴν
647 772 768 812 δευτέραν
782 773 846 800 ἀνα-

79 818 165 856 μένει,
191 818 236 846 καὶ
264 817 344 846 πολὺν
368 817 460 857 χρόνον
487 817 624 857 ἐκδέχεται
636 830 642 835 ·
667 814 722 846 εἶτα
754 818 845 856 ἀθρόον

77 864 203 893 πάντοθεν
219 866 266 902 ὁρᾷ
282 863 338 896 τοὺς
354 862 468 902 καρποὺς
482 864 684 901 βλαστάνοντας.
705 865 790 892 Τοῦτο
802 863 846 892 καὶ

78 911 118 948 ἐφ’
138 912 211 947 ὑμῶν
241 909 345 938 ἔσεσθαι
368 910 554 949 προσδοκῶμεν
564 933 571 945 ,
586 910 676 949 χάριτι
691 909 736 938 καὶ
751 911 845 948 φιλαν-

79 955 183 995 θρωπίᾳ
196 957 241 983 τοῧ
260 955 355 995 Κυρίου
366 957 442 993 ’ἡμῶν
455 954 541 989 Ἰησοῦ
558 956 672 994 Χριστοῦ
683 978 690 991 ,
706 958 754 992 μεθ
767 950 796 983 οὗ
810 957 847 995 τῷ

80 1001 168 1040 Πατρὶ
192 1001 247 1039 ἅμα
262 1003 299 1040 τῷ
316 1001 382 1040 ἁγίῳ
394 1000 530 1039 Πνεύματι
544 1000 619 1035 δόξα,
639 1001 748 1039 κράτος,
768 1000 847 1038 τιμὴ,

81 1049 125 1076 νῦν
139 1047 183 1076 καὶ
199 1047 255 1083 ἀεὶ,
276 1047 320 1076 καὶ
335 1048 371 1080 εἰς
385 1046 443 1079 τοὺς
461 1048 556 1078 αἰῶνας
571 1049 623 1075 τῶν
635 1046 745 1075 αἰώνων.
755 1046 847 1084 Ἀμήν.

635 209 653 231 Α
660 209 679 230 D
707 204 859 229 nummos
866 217 874 225 ι

899 204 976 226 (ΞᾹΡ.
1006 204 1053 226 Vl·
1079 204 1195 226 nomn„
1225 205 1260 226 X.

1574 190 1635 236 157

902 265 997 292 Deum.
1016 263 1051 292 Et
1074 263 1120 292 ille
1140 263 1251 302 quidem
1268 263 1355 299 dicit,
1373 263 1411 291 Ne
1434 273 1527 301 parcas
1552 274 1638 301 pecu-

899 310 968 347 niis,
985 308 1031 338 sed
1051 309 1155 338 etiamsi
1170 320 1261 338 omnes
1276 315 1396 349 oporteat
1418 308 1569 345 estundere,
1585 309 1618 337 da
1632 321 1637 336 :

898 366 945 384 nos
959 362 1046 384 autem
1069 355 1189 385 videntes
1205 355 1330 384 sustbcari
1344 377 1353 392 ,
1376 354 1536 392 lamentari,
1565 354 1640 383 mille

898 401 1028 430 mortibus
1048 401 1171 440 graviora
1188 402 1260 441 pati,
1281 408 1307 430 ct
1323 411 1393 440 saepe
1414 400 1511 439 injuste
1523 423 1531 438 7
1551 401 1639 440 parci-

899 459 958 477 mus
971 448 1091 487 pecuniis
1101 472 1110 485 ‚
1121 455 1147 477 et
1162 458 1214 477 non
1229 448 1366 488 parcimus
1380 447 1509 475 fratribus
1524 459 1531 483 ;
1548 458 1637 476 reruni

899 494 1076 523 inanimarum
1090 504 1182 523 curam
1197 495 1331 533 gerimus,
1350 494 1468 522 animam
1484 500 1572 522 antem
1590 504 1636 522 ne-

899 540 1035 581 gligimus.
1051 540 1132 579 Atqui
1147 540 1213 569 dicit
1227 540 1344 569 Paulus:
1362 542 1399 568 In
1414 541 1639 568 mansuetudine

899 587 1013 616 erudire
1024 596 1070 614 eos
1085 589 1137 625 qui
1147 588 1358 616 adversantur:
1374 597 1410 614 ne
1424 586 1543 625 quando
1559 587 1638 614 Deus

899 634 947 662 det
967 632 1028 661 illis
1040 634 1243 671 paenitentiam
1254 633 1295 661 ad
1310 633 1541 672 cognoscendam
1556 634 1637 661 veri-

900 685 990 707 tatem
1001 700 1010 715 ,
1034 684 1060 706 et
1087 680 1257 718 resipiscant
1283 689 1302 708 a
1326 678 1440 707 diaboli
1463 678 1576 717 laqueis
1589 700 1596 714 ,
1621 688 1640 706 a

899 736 958 764 qua
972 728 1081 766 captivi
1108 731 1243 754 tenentur
1267 726 1309 754 ad
1328 727 1419 764 ipsius
1443 725 1638 753 voluntatem.

899 773 947 801 Ne
959 774 1076 812 quando
1088 771 1156 800 dicit
1169 784 1175 800 ε
1191 771 1266 801 vides
1278 778 1377 810 quanta
1388 771 1516 811 patientia
1528 771 1639 810 plenum

898 818 932 846 sit
945 818 1078 846 verbum?
1089 818 1159 846 Eum
1172 827 1220 845 nos
1236 827 1342 855 quoqne
1356 816 1492 845 imitantes
1503 816 1536 845 de
1551 817 1639 846 nemi—

899 875 931 893 ne
944 864 1125 904 desperemus.
1141 863 1249 892 Etenim
1267 864 1411 903 piscatores
1432 874 1494 892 cum
1511 874 1581 903 saepe
1595 875 1640 892 re-

898 910 934 939 tia
958 911 984 939 in
1002 921 1074 939 mare
1088 910 1221 950 jecerint,
1237 910 1307 938 nihil
1329 917 1390 939 sunt
1405 910 1555 949 assequuti;
1579 921 1640 939 cum

898 963 988 995 postea
999 963 1088 985 autem
1100 955 1242 994 jecissent,
1258 963 1346 984 totum
1355 963 1523 995 acceperunt.
1540 957 1581 985 Ita
1594 967 1642 986 nos

900 1013 1005 1041 quoque
1017 1002 1173 1040 neutiquam
1186 1001 1360 1041 desperamus
1371 1026 1380 1038 ‚
1398 1003 1445 1032 sed
1456 1010 1643 1043 exspectamus

900 1046 972 1084 quod
989 1053 1075 1075 totum
1095 1046 1175 1075 simul
1194 1054 1301 1086 repente
1320 1047 1397 1076 nobis
1421 1048 1566 1077 ostendetis
1587 1048 1643 1076 sru-

901 1098 974 1120 ctum
986 1098 1134 1120 maturum.
1148 1092 1218 1121 Nam
1229 1098 1254 1120 et
1265 1092 1395 1131 agricola,
1411 1100 1553 1132 postquam
1564 1094 1644 1123 semi-

902 1137 1005 1167 naverit
1013 1160 1021 1174 ,
1035 1138 1155 1177 primum
1168 1137 1240 1166 diem
1255 1145 1281 1166 et
1295 1138 1442 1168 seeundum
1454 1140 1624 1179 praestolatur
1635 1162 1644 1177 ‚

903 1191 928 1213 ct
947 1184 1028 1222 longo
1051 1190 1172 1223 tempore
1192 1190 1348 1223 exspectat;
1371 1190 1428 1213 tum
1445 1193 1554 1224 repente
1572 1186 1646 1215 videt

903 1230 1022 1270 undique
1036 1231 1139 1260 fructus
1157 1231 1239 1259 simul
1251 1231 1440 1269 germinantes.
1458 1232 1516 1261 Hoc
1528 1233 1556 1262 in
1568 1234 1646 1262 vobis

903 1287 1010 1316 quoque
1033 1277 1154 1305 futurum
1171 1284 1357 1316 exspectamus
1371 1277 1457 1315 gratia
1471 1284 1497 1306 ct
1516 1278 1646 1317 benigni-

903 1330 955 1351 tate
975 1322 1086 1351 Domini
1103 1322 1187 1351 nostri
1202 1324 1266 1353 Jesu
1282 1321 1403 1357 Christi,
1429 1323 1473 1351 cui
1490 1334 1551 1352 cum
1568 1324 1646 1352 Patre

904 1379 956 1397 nna
990 1378 1051 1397 cum
1079 1375 1169 1398 sancto
1204 1368 1309 1408 Spiritu
1349 1367 1433 1407 gloria
1446 1390 1455 1405 ‚
1481 1369 1626 1409 imperium
1641 1394 1647 1405 ,

904 1414 988 1443 honor
999 1436 1007 1451 ,
1023 1424 1095 1443 nunc
1111 1421 1136 1443 et
1151 1425 1265 1454 semper,
1277 1421 1302 1443 et
1319 1415 1346 1443 in
1362 1414 1459 1443 saecula
1475 1416 1644 1446 saeculorum.

905 1462 998 1489 Amen.

502 1577 675 1605 MUTIANO
697 1576 947 1606 SCHOLASTICO
967 1578 1220 1609 INTERPRETE.

86 1672 177 1710 ignoto
191 1670 252 1708 ‚iste
264 1680 329 1709 pure
353 1675 462 1709 propter
475 1669 562 1697 Deum
576 1675 712 1707 operatur.
728 1668 789 1697 Noli
807 1680 914 1708 parcere
929 1670 1067 1709 peenniis3
1083 1681 1114 1699 ac
1128 1671 1151 1700 si
1164 1671 1254 1701 omnia
1270 1672 1384 1712 indiget,
1401 1683 1501 1703 evacua
1511 1695 1520 1711 ‚
1536 1672 1580 1702 da.
1596 1674 1649 1702 Nos

83 1725 173 1747 antem
184 1717 304 1747 videntes
315 1716 360 1755 qui
377 1716 540 1744 tribulantur
553 1715 704 1751 ululantes,
719 1722 744 1744 et
759 1716 848 1755 pejora
860 1716 935 1745 mille
951 1717 1083 1746 mortibus
1094 1718 1224 1757 patientes
1236 1742 1243 1756 ,
1258 1726 1283 1748 et
1297 1720 1396 1760 injuste
1410 1720 1546 1757 fortassis,
1563 1721 1647 1760 parci-

84 1775 144 1793 mus
160 1763 280 1803 pecuniis
290 1785 296 1797 ,
312 1770 337 1791 et
349 1762 544 1791 contemnimus
557 1762 660 1790 fratres.
676 1763 717 1790 De
729 1762 885 1791 inanimatis
899 1763 1010 1801 quidem
1024 1774 1116 1793 curam
1129 1765 1263 1804 gerimus,
1276 1767 1379 1796 animas
1395 1778 1459 1797 vero
1470 1767 1633 1806 negligimus
1642 1790 1648 1801 ,

86 1822 148 1841 cum
160 1811 260 1839 Paulus
271 1810 344 1839 dieat
357 1822 362 1838 :
380 1812 415 1838 ln
425 1810 650 1838 mansuetudine
659 1810 759 1838 docete
769 1820 816 1838 eos
829 1812 880 1849 qui
891 1813 1033 1840 contrarii
1044 1818 1113 1840 sunt
1123 1835 1133 1850 ‚
1150 1823 1186 1841 ne
1193 1814 1273 1852 sorte
1285 1815 1333 1843 det
1350 1816 1391 1843 eis
1408 1815 1488 1843 Deus
1505 1817 1649 1853 poeniten<

84 1862 156 1888 tiam
169 1860 209 1887 ad
221 1859 433 1897 agnoscendam
446 1859 600 1885 veritatem
614 1879 620 1893 ‚
638 1863 664 1886 et
676 1859 847 1895 resipiscant
864 1858 900 1886 de
920 1858 1032 1887 diaboli
1055 1859 1185 1898 laqueis7
1201 1862 1344 1899 captivati
1369 1863 1406 1890 ab
1431 1872 1465 1891 eo
1487 1863 1650 1891 secundum

83 1907 145 1944 ejus
165 1906 361 1934 voluntatem.
374 1905 509 1943 Nesorte
519 1927 527 1941 ‚
544 1903 650 1941 inquit:
666 1903 777 1931 intueris
799 1910 898 1941 quanta
913 1903 1116 1943 longanimitate
1131 1905 1241 1944 plenum
1256 1913 1294 1935 est
1313 1907 1364 1935 hoc
1384 1907 1517 1936 verbum?
1532 1908 1611 1935 Hunc
1625 1915 1650 1936 et

85 1963 133 1981 nos
147 1952 302 1986 imitemur,
318 1950 351 1980 de
366 1951 440 1979 nullo
456 1951 635 1990 desperemus.
652 1950 757 1978 Etenim
772 1949 916 1989 piscatores
926 1951 1022 1990 saepins
1033 1951 1100 1980 retia
1114 1951 1264 1989 mittentes,
1276 1953 1366 1982 omnia
1382 1960 1557 1992 receperunt.-
1574 1954 1611 1982 sic
1625 1961 1650 1982 et

84 2010 132 2027 nos
151 2010 306 2038 speremus,
324 1998 451 2036 quoniam
469 2005 576 2037 repente
589 1997 709 2026 ostendet
724 1997 800 2025 nobis
817 1998 933 2025 fructum
950 2005 1094 2027 maturum.
1111 1999 1219 2028 Etenim
1233 2000 1353 2038 agricola
1369 2011 1431 2029 cum
1448 2000 1570 2037 seminat,
1588 2001 1648 2039 pri-

85 2057 160 2075 mum
173 2046 244 2075 diem
256 2053 280 2074 ct
294 2046 440 2074 secundum
454 2045 563 2074 sustinet
577 2068 584 2081 ‚
595 2052 620 2074 ct
635 2045 750 2073 multum
763 2051 868 2084 tempus
883 2052 1034 2084 exspectat,
1050 2052 1075 2075 ct
1090 2053 1197 2085 repente
1209 2047 1330 2085 undique
1345 2047 1418 2076 videt
1429 2048 1532 2076 fructus
1547 2048 1648 2086 germi-

85 2099 194 2121 nantes:
208 2091 259 2120 hoc
273 2092 352 2120 etiam
368 2091 394 2120 in
410 2091 486 2120 nobis
509 2092 632 2120 futurum
657 2102 713 2120 esse
737 2098 923 2130 cxspeetmnns
936 2114 943 2128 ‚
958 2092 1043 2130 gratia
1067 2092 1175 2121 Domini
1194 2093 1277 2122 nostri
1291 2095 1355 2123 Jesu
1380 2094 1501 2131 Christi,
1516 2094 1559 2122 eui
1584 2105 1645 2123 cum

85 2141 163 2169 Patre
175 2150 227 2169 una
242 2150 302 2169 cum
317 2141 344 2170 S.
359 2139 462 2179 Spiritu
484 2139 568 2178 gloria
584 2162 593 2177 7
607 2139 749 2179 imperium
763 2161 770 2176 ‚
786 2139 872 2168 honor
882 2161 888 2173 ,
906 2149 976 2168 nnnc
990 2146 1013 2169 ct
1031 2151 1135 2180 semper
1146 2164 1153 2178 ,
1165 2147 1189 2170 ct
1206 2141 1233 2170 in
1252 2141 1345 2171 saecula
1361 2141 1531 2171 soeculornm.
1551 2143 1644 2171 Amen.

1653 468 1674 482 2.
1695 463 1752 482 Γιυι.
1772 469 1793 482 ’.·,

1653 493 1690 514 25.
1708 495 1746 515 κύ,
