1886 2846
238 212 279 254 il,
567 221 597 243 s,

273 283 300 310 4.
318 282 483 311 Erudiamus
498 292 560 321 ergo
571 282 708 321 linguam,
728 288 759 310 ut
782 281 924 311 benedicat
945 288 968 310 et

80 330 146 351 Psal-
166 330 203 351 33,
232 328 303 357 bona
315 329 398 358 verba
413 328 504 357 efferat
519 340 524 355 :
545 328 698 367 Compesce
708 327 788 365 enim,
798 327 897 366 inquit,
911 329 967 356 lin—

82 359 116 388 14.

232 384 319 413 gnam
337 381 416 403 tuam
428 383 445 402 a
460 374 550 402 malo.
565 374 625 403 Non
639 373 711 402 enim
726 373 786 402 ideo
808 384 864 402 eam
892 372 967 401 dedit

232 421 316 457 Deus,
331 426 360 448 ut
375 419 526 448 maledictis
534 426 559 448 ct
570 419 739 448 coutumeliis
753 426 919 458 appetamus,
938 425 967 446 ut

231 478 278 496 nos
288 467 401 497 invicem
409 467 616 504 calumniemur3
626 467 671 495 sed
684 474 711 495 ut
720 468 805 495 Deum
816 465 966 501 laudemus,

231 520 260 541 ut
283 523 312 541 ea
327 513 470 551 loquamur
491 523 550 551 quae
569 512 634 541 dant
648 513 761 551 gratiam
777 510 965 547 audientibus,
984 520 1000 542 Β

229 568 288 596 quae
295 565 357 586 sunt
368 558 403 586 ad
414 558 626 592 aedificationem,
637 568 695 594 quce
706 555 806 584 suntad
814 555 964 584 utilitatem.

228 603 371 633 Maledicto
384 604 536 643 quempiam
550 614 576 631 es
590 601 751 630 insectatus?
764 600 830 638 quid
844 600 965 636 lucraris,

227 649 274 687 qui
287 649 401 689 teipsum
428 660 534 687 quoque
555 658 614 676 cum
640 647 686 674 illo
701 646 799 674 damno
816 646 938 685 implicas
952 647 965 675 ,⁰

226 696 325 723 samam
348 695 419 724 enim
446 699 622 731 consequutus
647 702 673 720 es
694 691 827 720 maledici.
852 692 964 720 Nullum

225 740 308 777 enim,
320 740 425 768 nullum
441 746 478 768 est
492 738 591 766 malum
604 736 675 775 quod
690 736 724 765 ad
732 737 809 765 illum
817 737 903 765 solum
917 738 963 776 qui

224 786 325 825 patitur
353 786 487 825 pertingat
505 806 513 820 ,
543 783 588 811 sed
617 793 676 811 eum
703 793 807 821 quoque
833 783 879 821 qui
900 783 962 811 facit

223 830 424 871 comprehendit
440 843 445 858 z
462 829 537 858 verbi
553 839 641 865 causa,
655 828 764 857 invidus
778 828 887 857 videtur
902 829 962 867 qui-

223 877 285 905 dem
307 876 383 904 alteri
397 875 527 909 insidiari,
544 875 600 914 ipse
611 881 699 902 autem
708 874 782 913 prior
795 874 912 902 fructum
923 885 962 902 ac-

223 921 287 959 cipit
301 921 414 959 peccati,
430 920 512 957 utqui
521 919 637 948 tabescat
649 926 671 947 ct
685 925 882 958 corrumpatur,
895 926 919 947 et
927 920 962 947 ab

221 966 346 994 omnibus
361 965 422 994 odio
436 965 574 993 habeatur.
591 966 696 993 Avarus
714 964 798 993 alium
818 964 906 1004 privat
916 976 961 1004 pe-
977 972 994 994 C

222 1011 320 1047 cuniis,
337 1010 381 1039 sed
397 1010 449 1038 sibi
476 1021 583 1049 quoque
599 1009 807 1038 aufertaliorum
821 1021 936 1039 amorem
952 1023 959 1047 ς

220 1057 275 1085 imo
284 1056 366 1085 efficit
386 1062 414 1084 ut
434 1066 525 1084 omnes
543 1066 604 1085 eum
629 1055 778 1084 maledictis
791 1056 959 1084 insectentur.

220 1101 269 1130 Est
281 1108 371 1130 autem
382 1102 451 1130 bona
463 1101 532 1130 fama
544 1101 622 1139 longe
632 1101 725 1130 melior
737 1100 858 1139 pecuniis
876 1113 881 1128 :
899 1111 960 1130 nam

220 1148 295 1176 illam
309 1148 417 1186 quidem
433 1157 485 1175 non
495 1153 534 1175 est
548 1147 626 1175 facile
637 1147 797 1184 abstergere,
808 1146 857 1174 lias
871 1153 959 1175 autem

219 1194 297 1222 facile
308 1200 346 1222 est
360 1193 481 1222 amittere
493 1199 590 1230 :atque
604 1191 678 1229 adeo,
687 1191 758 1230 quod
772 1199 809 1220 est
823 1192 939 1232 amplius
951 1215 959 1227 ‚

218 1237 274 1266 illae
288 1237 397 1275 quidem
408 1237 429 1265 si
441 1247 492 1265 nou
513 1235 610 1273 adsint,
634 1236 703 1264 nihil
725 1235 827 1264 laedunt
838 1246 898 1264 eum
911 1237 957 1274 qui

218 1294 272 1312 nou
285 1283 382 1320 habet;
397 1283 453 1311 haec
466 1289 553 1311 autem
574 1283 595 1310 si
615 1292 666 1310 non
682 1282 759 1317 adsit,
784 1282 865 1310 efficit
880 1289 909 1310 ut
925 1283 958 1310 sit

218 1330 362 1369 probrosus
372 1336 397 1358 et
410 1329 553 1367 ridiculus,
575 1328 751 1367 omnibusque
771 1328 855 1357 hostis
865 1336 889 1357 et
902 1329 956 1357 ini-

218 1376 314 1405 micus.
331 1375 481 1404 Iracundus
499 1385 591 1403 rursus
610 1375 684 1413 prius
712 1374 828 1414 seipsum
844 1375 956 1411 cruciat,

219 1433 246 1451 se
264 1422 366 1451 lanians
387 1432 417 1449 ac
428 1420 590 1460 discerpens,
604 1427 629 1448 et
643 1426 705 1448 tunc
720 1420 797 1448 illum
809 1421 851 1448 cui
864 1420 954 1449 irasci·
973 1427 991 1448 D

219 1475 272 1496 tur.
289 1469 328 1496 Ita
343 1466 490 1495 maledicus
513 1477 540 1494 sc
552 1466 667 1505 priorem
682 1465 779 1504 probro
794 1472 817 1494 ct
828 1465 956 1494 dedecore

218 1513 312 1550 afficit,
326 1520 351 1541 et
367 1519 430 1541 tunc
441 1523 502 1541 eum
515 1522 594 1550 quem
608 1511 750 1540 maledicto
771 1512 873 1551 appetit
888 1523 894 1539 :
910 1518 955 1540 aut

219 1570 250 1588 ue
262 1559 312 1588 hoc
322 1558 430 1597 quidem
441 1558 508 1587 sorte
519 1564 623 1597 potest;
640 1557 687 1586 scd
700 1557 754 1586 abit
768 1557 824 1596 ipsc
839 1557 957 1596 quidem,

254 1640 264 1649 “
283 1639 378 1672 [Marg.
391 1638 468 1664 savit.
482 1641 534 1664 ἀλλ’
548 1641 645 1671 022'1171
660 1643 697 1664 τὸν
707 1640 745 1670 π.]

253 1686 262 1696 ²
282 1679 328 1710 [Α.
350 1679 377 1702 Β.
397 1684 420 1702 et
440 1686 517 1709 marg.
532 1678 607 1702 savit.
629 1681 759 1706 zrrjwcozt.
782 1678 906 1701 Mutianus
926 1686 969 1700 απ»

625 221 763 243 JOANMS
790 221 970 244 CHRYSOST.
1001 221 1155 243 ARCfflEt‘.
1184 221 1450 245 CONSTANTINOP-

1063 282 1236 319 Παιδεύωμεν
1248 279 1291 311 οὖν
1302 283 1350 317 τὴν
1359 285 1477 322 γλῶτταν
1490 284 1605 323 εὔφημον
1619 279 1684 312 εῖναι
1694 296 1698 300 ·
1710 284 1786 312 Παῦ-

1024 340 1067 356 σον
1082 327 1149 367 γὰρ,
1164 327 1242 366 φησὶ,
1257 327 1304 362 τὴν
1316 329 1436 366 γλῶσσάν
1449 341 1493 359 σου
1506 329 1558 358 ἀπὸ
1570 331 1660 357 κακοῦ.
1682 329 1722 357 Οὐ
1735 328 1785 368 γὰρ

1023 373 1065 401 διὰ
1080 375 1154 401 τοῦτο
1169 373 1249 407 αὐτὴν
1261 373 1354 402 ἔδωκεν
1369 377 1381 403 ὁ
1395 374 1470 411 Θεὸς,
1481 375 1523 403 ῗνα
1535 376 1732 414 κατηγορῶμεν,
1743 373 1786 402 ἵνα

1021 418 1182 456 ἱιὲἰρίζωμεν,
1209 418 1252 446 ἵνα
1278 419 1406 454 ἀλλήλους
1432 420 1615 459 διαὸάλλωμεν
1625 432 1631 438 ·
1658 421 1716 449 ἀλλ’
1742 418 1785 448 ἵνα

1022 464 1063 491 τὸν
1087 464 1155 492 Θεὸν
1177 466 1300 502 ὑμνῶμεν
1312 487 1318 498 ,
1342 465 1385 492 ἵνα
1409 468 1491 494 ταῦτα
1512 467 1633 503 λαλῶμεν
1654 465 1670 494 ἃ
1695 465 1785 494 δίδωσι

1020 509 1097 548 χάριν
1112 514 1165 542 τοῖς
1186 510 1319 546 ἀκούουσι,
1340 510 1373 538 τὰ
1397 511 1461 549 πρὸς
1486 511 1641 549 οἰκοδομὴν,
1664 511 1697 540 τὰ
1720 510 1785 549 πρὸς

1019 554 1155 593 ὠφέλειαν.
1184 551 1265 588 Εἷπες
1288 556 1329 584 τὸν
1362 557 1432 584 δεῖνα
1460 558 1562 593 κακῶς,
1590 556 1616 585 τί
1642 556 1785 596 κερδαίνεις

1019 600 1063 627 καὶ
1089 601 1181 629 σαυτὸν
1207 603 1264 638 μετ’
1293 601 1391 630 ἐκείνου
1412 601 1497 640 βλάξ-ῃ
1518 601 1696 640 περιῧάλλωνς
1709 601 1783 635 δόξαν

1019 644 1069 683 γὰρ
1093 645 1184 679 ἔλαξες
1206 646 1365 685 κακηγόρου.
1403 647 1442 676 Οὔ
1469 647 1520 686 γάρ
1541 649 1625 684 ἐστιν,
1646 648 1692 676 οὔκ
1713 647 1783 676 ἔστιν

1019 691 1090 719 οὐδὲν
1104 691 1202 727 κακὸν,
1219 692 1232 721 ὃ
1249 692 1329 732 μέχρι
1343 696 1388 722 τοῦ
1406 693 1552 732 πάσχοντος
1566 692 1680 729 ἵσταται,
1695 693 1783 722 *ἀλλὰ

1017 737 1061 765 καὶ
1084 737 1126 765 τὸν
1150 740 1274 766 ποιοῦντα
1293 738 1501 778 περιλαμὸάνει·
1525 735 1576 767 οἷον
1590 761 1597 775 ,
1619 740 1633 767 ὃ
1653 738 1782 777 βάσκανος

1018 783 1087 811 δοκεῖ
1099 782 1146 820 μὲν
1160 783 1335 812 ἐπιέουλεύειν
1349 784 1439 824 ἑτέρῳ,
1453 784 1577 823 πρότερος
1591 783 1618 813 δὲ
1633 783 1708 816 αὐτὸς
1717 785 1782 813 ἀπο-

1016 827 1089 856 λαύει
1105 831 1153 862 τῆς
1168 828 1288 865 ἀδικίας,
1308 829 1449 867 τηκόμενος
1467 829 1512 858 καὶ
1533 828 1714 868 φθειρόμενος,
1737 829 1781 857 καὶ

1016 873 1089 911 παρὰ
1103 873 1208 902 πάντων
1232 874 1394 911 μισούμενος.
1424 874 1457 903 Ὁ
1472 874 1627 909 πλεονέκτης
1642 876 1781 914 ἀποστερεῖ

1015 919 1142 957 χρήματα
1155 918 1251 957 ἕτερον,
1267 919 1335 948 ἀλλὰ
1349 919 1394 947 καὶ
1407 920 1436 948 τὸ
1451 921 1580 958 φιλεῖσθαι
1592 920 1695 949 ἑαυτόν·
1715 921 1780 958 μᾶλ-

1014 965 1057 992 λον
1073 964 1099 992 δὲ
1114 964 1187 1003 παρὰ
1201 965 1305 993 πάντων
1319 970 1387 993 ποιεῖ
1401 967 1614 1004 κακηγορεῖσθαι.
1642 966 1738 1004 Πολλῷ
1753 965 1779 994 ’δὲ

1014 1009 1138 1048 κρείττων
1153 1010 1238 1048 ἀγαθὴ
1255 1010 1314 1043 δόξα
1328 1011 1474 1049 χρημάτων
1484 1022 1490 1028 ’
1504 1010 1552 1046 τὴν
1568 1010 1614 1049 μὲν
1628 1009 1679 1049 γὰρ
1694 1011 1723 1039 οὗ
1736 1010 1780 1049 pei<

1014 1056 1067 1083 διον
1099 1055 1276 1094 ἀπονίψασθαι
1288 1079 1296 1091 ,
1322 1056 1355 1084 τὰ
1378 1056 1405 1084 δὲ
1434 1056 1520 1095 ῥᾴδιον
1547 1057 1779 1092 Ὴάποκτήσασθαι·

1014 1102 1111 1138 μᾶλλον
1127 1100 1153 1129 δὲ
1163 1124 1170 1135 ,
1193 1101 1226 1129 τὰ
1239 1101 1286 1138 μὲν
1303 1103 1331 1130 οὐ
1347 1102 1465 1141 παρόντα
1479 1101 1551 1131 οὐδὲν
1566 1101 1610 1130 τὸν
1624 1103 1671 1131 οὐκ
1684 1101 1779 1141 ἔχοντα

1013 1146 1141 1185 ἔίὶλαψεν·
1163 1149 1179 1180 ἧ
1202 1147 1229 1174 δὲ
1248 1147 1283 1185 μὴ
1308 1150 1427 1186 παροῦσα
1449 1147 1623 1177 ἐπονείδιστον
1645 1151 1714 1175 ποιεῖ
1734 1148 1780 1176 καὶ

1012 1193 1225 1230 καταγέλαστον,
1248 1193 1292 1221 καὶ
1314 1198 1394 1222 πᾶσιν
1417 1194 1508 1233 ἐχθρὸν
1523 1193 1569 1222 καὶ
1584 1193 1720 1231 πολέμιον.
1745 1192 1779 1222 ‘O

1012 1238 1113 1276 ὀργίλος
1136 1238 1215 1267 πάλιν
1237 1238 1362 1278 πρότερον
1383 1239 1474 1267 ἑαυτὸν
1489 1243 1642 1277 τιμωρεῖται
1657 1239 1779 1277 σπαράτ-

1012 1295 1072 1319 των,
1088 1283 1132 1311 καὶ
1146 1283 1204 1312 τότε
1217 1285 1312 1313 ἐκεῖνον
1327 1279 1348 1323 ᾧ
1364 1284 1502 1323 ὀργίζεται.
1526 1284 1618 1316 Οὕτως
1631 1286 1645 1312 ὁ
1658 1283 1778 1322 κακήγο-

1013 1341 1053 1369 ρος
1073 1329 1198 1367 πρότερον
1223 1329 1312 1358 ἑαυτὸν
1332 1330 1465 1368 αἰσχύνει,
1479 1330 1524 1358 καὶ
1536 1329 1594 1358 τότε
1605 1329 1648 1357 τὸν
1664 1340 1779 1367 κακηγο-

1011 1375 1146 1413 ρούμενον·
1161 1374 1178 1409 ἢ
1193 1374 1250 1403 οὐδὲ
1263 1377 1338 1403 τοῦτο
1349 1374 1411 1407 ἴσως
1423 1375 1571 1411 δεδύνηται,
1587 1375 1645 1403 ἀλλ’
1661 1375 1776 1409 ἀπῆλθεν

1010 1416 1082 1452 οὗτος
1094 1420 1142 1458 μὲν
1154 1423 1249 1459 μιαροῦ
1260 1432 1328 1451 τινος
1340 1420 1385 1449 καὶ
1396 1420 1580 1450 καταπτύστου
1592 1419 1665 1453 δόξαν
1676 1419 1775 1455 λαθὼν,

1010 1467 1105 1495 ἐκεῖνον
1118 1465 1144 1495 δὲ
1157 1467 1256 1503 μᾶλλον
1265 1467 1394 1504 φιλεῖσθαι
1404 1465 1617 1505 παρασκευάζων.
1627 1465 1713 1494 Ὅταν
1724 1466 1775 1504 γὰρ

1010 1512 1111 1541 ἀκούων
1130 1514 1232 1548 κακῶς,
1249 1513 1285 1550 μὴ
1302 1516 1354 1545 τοῖς
1367 1514 1452 1544 αὐτοῖς
1464 1511 1541 1540 αὐτὸν
1558 1511 1701 1550 ἀμύνηται,
1715 1513 1772 1540 ἀλλ’

1010 1560 1103 1596 ἐπαινῇ
1127 1559 1172 1586 καὶ
1193 1558 1312 1595 Θαυμάζῃ
1323 1570 1328 1575 ·
1345 1559 1391 1586 οὐκ
1408 1559 1503 1586 ἐκεῖνον
1518 1557 1700 1591 ἐπαινέσεται,
1716 1558 1774 1585 ἀλλ’

1021 1648 1036 1670 q
1041 1647 1054 1661 ιι
1058 1639 1123 1662 frere.
1130 1640 1138 1670 ]

636 1761 812 1791 MUTIANO
833 1760 1085 1790 SCHOLASTICO
1108 1760 1360 1790 INTERPRETE.

258 1849 286 1875 ἆ.
298 1849 487 1875 Assuescauius
501 1844 584 1882 igitur
598 1844 717 1881 linguam
729 1848 846 1870 nostram
858 1841 892 1870 ad
903 1842 969 1870 bene
980 1840 1123 1870 dicendum
1134 1851 1188 1870 esse
1199 1842 1344 1880 proclivem
1359 1853 1364 1868 ι
1379 1841 1516 1877 Abstine,
1530 1841 1626 1879 inquit,
1641 1842 1773 1881 linguam

221 1900 300 1922 tuam
314 1903 333 1920 a
348 1891 437 1920 malo.
454 1890 514 1918 Non
534 1889 604 1917 enim
619 1894 727 1927 propter
740 1888 791 1915 hoc
806 1887 880 1915 illam
894 1888 966 1916 Deus
980 1887 1085 1923 tribuit,
1099 1893 1129 1914 ut
1146 1886 1345 1923 maledicamus,
1358 1887 1402 1916 vel
1416 1886 1536 1915 convicia
1557 1887 1584 1915 in
1598 1886 1713 1916 invicem
1727 1889 1773 1926 ja-

219 1946 330 1974 ctemus,
341 1937 383 1966 vel
398 1935 539 1965 accusandi
554 1942 647 1963 mutuo
661 1944 783 1972 geramus
799 1933 918 1962 studium
930 1946 938 1971 ;
953 1933 999 1962 scd
1012 1940 1040 1962 ut
1052 1943 1100 1972 per
1114 1944 1172 1961 eam
1186 1934 1274 1961 Deum
1289 1933 1440 1970 laudemus,
1454 1939 1484 1960 ut
1497 1932 1542 1961 illa
1557 1932 1699 1971 loquamur
1713 1943 1774 1971 quae

219 1985 333 2023 gratiam
349 1982 521 2012 audientibus
534 1982 675 2017 conferant,
690 1991 748 2018 quae
760 1980 794 2009 ad
808 1981 957 2020 profectum
970 1987 994 2009 et
1009 1980 1044 2009 ad
1057 1980 1260 2009 aedificationem
1268 1980 1412 2019 proficiunt
1422 1979 1617 2019 proximorum.
1628 1981 1700 2009 Pone
1711 1980 1774 2018 quia

220 2030 384 2060 maledixisti
398 2030 479 2065 hunc,
490 2035 534 2057 aut
549 2028 628 2056 illum
634 2040 641 2063 3
651 2026 715 2065 quid
728 2038 761 2055 ex
771 2027 832 2063 hoc,
849 2037 922 2066 rogo,
933 2027 1052 2055 lucratus
1064 2027 1125 2055 est?
1140 2036 1226 2055 nonne
1238 2025 1288 2055 tibi
1300 2026 1351 2064 ipsi
1365 2026 1481 2058 maxime
1492 2025 1626 2054 nocuisti?
1641 2025 1773 2064 siquidem

220 2077 372 2118 opinionem
378 2075 571 2105 maledicorum
577 2075 716 2104 hominum
728 2074 863 2103 incurristi
873 2085 924 2114 pro
933 2074 1007 2102 nullo
1016 2080 1064 2102 est.
1075 2074 1190 2103 Nullum
1198 2073 1312 2102 estenim
1321 2072 1442 2112 protinus
1453 2072 1564 2108 malum,
1572 2071 1643 2110 quod
1651 2072 1773 2110 usquead

220 2135 281 2153 eum
291 2123 417 2153 consistat
431 2121 477 2161 qui
487 2120 597 2161 patitur,
613 2128 638 2150 ct
649 2130 701 2149 non
713 2121 791 2149 etiam
802 2120 880 2149 illum
895 2121 941 2159 qui
957 2121 1021 2149 facit
1032 2131 1084 2149 uua
1097 2118 1304 2160 comprehendat
1316 2130 1322 2146 ε
1333 2119 1411 2154 sicut,
1423 2118 1499 2147 verbi
1509 2128 1599 2152 causa,
1611 2117 1773 2148 invidiaJn-

220 2170 299 2199 vidus
310 2170 379 2199 enim
391 2175 501 2209 putatur
508 2167 617 2206 quidem
627 2167 746 2196 insidiari
759 2168 827 2204 aliis,
836 2167 883 2196 sed
891 2167 948 2207 ipse
960 2166 1064 2207 primus
1076 2167 1123 2195 illo
1131 2166 1201 2195 malo
1207 2165 1381 2200 consumitur,
1388 2171 1412 2193 et
1418 2164 1509 2193 tabido
1520 2164 1599 2193 corde
1607 2171 1771 2193 maceratur:

220 2214 255 2243 ad
264 2214 321 2243 haec
328 2215 408 2243 etiam
416 2213 478 2242 odio
489 2213 590 2242 cunctis
599 2212 749 2241 habebitur.
758 2214 825 2241 Item
833 2212 947 2252 cupidus
957 2213 998 2242 vel
1006 2223 1102 2242 avarus
1108 2212 1192 2240 aufert
1203 2210 1309 2250 quidem
1318 2210 1443 2250 pecunias
1450 2210 1574 2246 aliorum,
1581 2209 1712 2238 sedetiam
1720 2209 1772 2239 sibi

220 2262 306 2290 aufert
322 2261 446 2300 gratiam,
460 2261 545 2289 aufert
561 2260 706 2295 caritatem,
719 2260 781 2288 facit
792 2267 819 2288 ut
834 2260 868 2288 ab
878 2260 1034 2289 hominibus
1048 2265 1195 2288 accusetur.
1204 2258 1323 2288 Multum
1333 2258 1433 2297 quippe
1442 2257 1535 2286 melior
1549 2263 1586 2285 est
1601 2256 1692 2295 opinio
1701 2256 1772 2285 bona

222 2309 340 2347 pecuniis
354 2321 360 2336 :
375 2308 421 2337 illa
436 2309 505 2337 enim
523 2308 544 2337 si
557 2308 626 2336 mala
640 2306 729 2343 fuerit,
742 2317 792 2335 non
808 2307 886 2336 facile
899 2308 1019 2336 abluitur
1030 2319 1038 2345 3
1051 2306 1177 2347 pecunias
1196 2313 1283 2335 autem
1297 2315 1347 2334 non
1364 2311 1401 2333 est
1416 2304 1514 2333 laboris
1525 2303 1669 2342 acquirere.
1684 2304 1772 2342 Magis

220 2362 308 2383 autem
317 2354 437 2394 pecuniae
449 2361 474 2383 et
486 2364 546 2383 cum
564 2353 670 2391 adsunt,
685 2363 737 2381 non
752 2353 816 2381 satis
829 2353 972 2392 adjuvant,
988 2360 1013 2381 et
1027 2363 1088 2381 cum
1102 2353 1207 2389 desunt,
1220 2351 1286 2380 nihil
1300 2351 1422 2391 protinus
1446 2350 1559 2385 obsunt;
1578 2349 1669 2389 opinio
1683 2355 1771 2377 autem

219 2401 288 2428 hona
299 2402 321 2429 si
336 2401 416 2439 adsit,
432 2400 538 2440 prodest
547 2400 694 2440 plurimum
702 2411 711 2438 5
725 2399 820 2429 sivero
834 2400 912 2436 absit,
924 2400 987 2428 facit
995 2400 1247 2439 probrosumtotum
1256 2398 1401 2434 hominem,
1411 2397 1474 2426 facit
1482 2397 1618 2432 infamem,
1630 2402 1656 2424 ct
1669 2394 1772 2423 ridicu-

220 2447 276 2475 lum
290 2447 431 2476 constituet
443 2448 568 2477 omnibus
579 2454 604 2476 et
617 2457 736 2476 exosum.
750 2446 881 2476 Similiter
894 2446 1038 2475 iracundus
1054 2447 1169 2485 scipsum
1184 2446 1301 2486 primum
1316 2445 1448 2473 dilanians
1458 2443 1560 2483 puniet,
1578 2450 1603 2471 ct
1615 2449 1677 2471 tunc
1692 2441 1769 2470 illum

218 2500 307 2522 contra
320 2504 399 2532 quem
415 2494 596 2533 indignatione
609 2501 737 2534 raptatur.
751 2494 795 2524 Sic
809 2501 834 2523 et
845 2493 991 2522 maledicus
1006 2494 1092 2532 primo
1104 2494 1220 2533 scipsum
1235 2492 1381 2525 confundit,
1393 2499 1417 2520 ct
1437 2499 1498 2520 tunc
1519 2490 1595 2519 illum
1610 2489 1652 2518 cui
1663 2488 1770 2518 videtur

218 2539 413 2568 maledictionis
428 2539 572 2578 importare
585 2541 735 2569 convicium
751 2539 841 2578 :quod
854 2541 962 2568 sortasse
975 2539 1082 2577 quidem
1099 2550 1144 2568 ucc
1160 2540 1266 2578 poterit,
1281 2539 1330 2567 lioc
1346 2545 1392 2572 est,
1415 2545 1441 2566 ut
1455 2537 1499 2566 ille
1517 2536 1629 2565 laedatur
1646 2550 1651 2565 z
1669 2537 1691 2565 si
1703 2537 1768 2566 tolc-

219 2595 277 2613 rans
294 2586 430 2623 patienter,
441 2586 580 2625 abscedat,
597 2587 649 2625 ipsc
664 2598 724 2617 vcro
741 2587 836 2617 recedit
847 2598 907 2617 cum
920 2587 993 2617 stulti
1010 2587 1147 2626 cujusdam
1164 2587 1277 2624 nominc,
1288 2594 1310 2615 ct
1326 2585 1465 2625 dispucndi
1478 2584 1581 2623 penitus
1592 2591 1615 2612 ct
1630 2583 1766 2615 horrendi.
