1886 2846
33 437 68 460 lb.
87 439 121 462 ¹5.
141 446 175 469 ¹9·

190 193 232 227 70
530 191 558 212 S.
588 189 730 213 JOANMS
756 189 935 212 CHRYSOST.
964 188 1119 210 AucntEP.
1148 187 1417 211 CONSTANTm'Ol’.

187 260 229 282 cat
242 260 267 282 et
282 253 309 281 in
322 254 419 287 Deum,
432 251 566 291 quomodo
583 262 625 280 me
645 261 734 290 gerere
752 250 863 279 debeam
881 260 927 279 vos
983 249 1033 288 γὰρ
1048 253 1058 264 ³¹
1069 250 1144 286 ἡμῶν
1155 248 1369 287 καταγινώσκετε
1382 251 1411 278 οὐ
1427 251 1552 288 μαλακῶς
1565 250 1749 291 προσφερομέ-

183 299 303 338 judicate
317 311 322 326 :
334 309 382 327 vos
394 298 464 327 enim
473 308 520 326 nos
531 297 723 333 condemnatis,
731 296 776 334 qui
792 306 844 325 non
861 295 927 323 mol·
947 301 963 322 Β
983 307 1033 323 νων
1048 297 1120 332 ὑμῖν.
1141 295 1175 323 Εἰ
1190 294 1219 324 δέ
1228 307 1267 327 τις
1277 300 1435 334 καταφρονεῖ
1445 298 1497 325 τῶν
1509 297 1613 335 δεσμῶν
1624 299 1675 325 τῶν
1685 298 1749 336 παρ’

186 346 248 375 liter
263 353 289 375 et
307 346 400 374 leniter
420 345 559 374 vobiscum
576 344 690 383 agimus.
704 343 733 372 Si
758 342 817 381 quis
840 348 927 369 autem
982 343 1069 378 ἡμῶν,
1083 341 1162 370 πάλιν
1176 341 1251 369 αὐτὸν
1262 343 1275 369 6
1285 342 1398 380 Χριστὸς
1408 343 1555 372 παιδευέτω
1565 344 1649 381 λέγων
1660 354 1666 360 ·
1679 343 1750 372 Ὅσα

188 394 331 421 contemnit
346 403 404 430 quae
414 398 477 420 sunt
497 390 571 430 apud
586 401 633 419 nos
649 389 756 419 vincula
766 411 774 425 ‚
788 398 848 416 eum
867 397 927 414 rur·
983 386 1013 414 ἂν
1026 386 1124 422 δήσητε
1136 386 1179 415 ἐπὶ
1193 388 1240 421 τῆς
1254 388 1317 425 γῆς,
1331 387 1404 417 ἔσται
1419 389 1543 426 δεδεμένα
1555 391 1580 418 ἐν
1591 391 1628 428 τῷ
1639 390 1749 428 οὐρανῷ·

187 449 232 468 sus
249 439 372 468 Christus
397 437 520 474 erudiat,
541 436 630 465 dicens
651 447 657 463 ε
676 436 868 473 Qnoecumque
892 432 927 459 li·
983 432 1028 461 καὶ
1040 432 1090 461 ὅσα
1102 433 1132 461 ἂν
1144 432 1241 467 λύσητε
1253 432 1296 461 ἐπὶ
1310 435 1357 468 τῆς
1369 435 1426 472 γ’ἥς,
1441 435 1515 463 ἔσται
1527 435 1656 473 λελυμένα
1669 435 1696 463 ἐν
1711 435 1749 473 τῷ

184 486 323 523 gaveritis
336 494 424 523 supra
440 490 558 516 terram,
573 487 656 510 erunt
671 481 762 518 ligata
780 484 807 506 et
827 479 858 505 in
873 487 927 505 coe-
982 479 1091 518 οὐρανῷ.
1118 479 1152 507 Εἰ
1174 477 1225 517 γὰρ
1246 478 1291 507 καὶ
1310 481 1387 516 ἡμεῖς
1400 481 1565 521 ταλαίπωροι
1581 480 1626 509 καὶ
1640 481 1749 518 οὐδαμι-

187 531 216 559 lo
238 543 246 558 :
267 537 295 559 et
311 540 500 569 quincumque
523 528 665 556 solveritis
689 534 776 563 supra
798 529 906 551 terram
915 544 924 560 ‚
981 524 1020 553 νοὶ
1030 525 1074 553 καὶ
1087 528 1132 554 τοῦ
1143 528 1363 564 καταφρονεῖσθαι
1374 525 1450 561 ἄξιοι,
1461 525 1550 565 ὥσπερ
1561 522 1604 555 οἶν
1616 527 1661 555 καὶ
1673 526 1749 561 ἄξιοι,

185 584 269 606 erunt
283 578 380 606 soluta
394 582 422 604 et
437 578 467 603 in
482 575 560 603 coelo.
574 574 641 601 Nam
655 570 758 600 etiamsi
775 579 822 598 nos
842 569 926 598 simus
982 571 1040 599 ἀλλ’
1057 571 1106 610 οὐχ
1119 569 1224 603 ἑαυτοὺς
1235 572 1405 609 ἐκδικοῢμεν,
1421 571 1478 601 οὐδὲ
1491 571 1571 611 ὀργὴν
1587 571 1749 610 ἀμυνόμεθα,

186 623 276 652 miseri
295 630 319 652 et
339 622 418 651 nihili
439 628 464 649 et
482 619 558 659 digni
578 618 624 657 qui
646 616 834 656 despiciamur,
856 615 926 644 sicut
981 616 1049 645 ἀλλὰ
1063 619 1110 652 τ’ἧς
1124 616 1251 656 ὑμετέρας
1262 618 1393 655 σωτηρίας
1403 617 1581 658 φροντίζομεν.
1595 617 1749 653 Αἷδέσθητε,

185 680 276 699 revera
301 669 376 707 digni
394 677 496 701 sumus,
515 676 567 694 non
590 671 678 692 tamen
694 673 741 691 nos
756 662 922 698 ulciscimur,
980 663 1142 701 παρακαλῶ,
1165 663 1209 692 καὶ
1234 663 1397 702 ἐντράπητε.
1421 665 1444 691 εἷ
1464 663 1515 704 γὰρ
1536 663 1609 703 φίλον
1625 675 1663 696 τις
1677 663 1749 703 φέρει

185 725 268 753 neque
290 715 357 743 iram
380 713 527 746 referimus,
541 710 587 739 sed
605 709 699 739 salutis
719 715 812 738 vestrae
832 719 925 737 curam
980 708 1152 748 σφοδρότερον
1171 712 1216 738 τοῦ
1237 709 1338 742 δέοντος
1360 709 1563 749 ἐπιφερόμενον,
1585 709 1628 738 τὸν
1651 708 1748 738 σκοπὸν

185 761 310 800 gerimus.
323 759 491 793 Erubescite‚
506 767 604 796 quaeso,
622 763 647 784 et
667 755 770 795 pudore
791 755 925 784 susfundi-
980 753 1116 788 ἐξετάζων,
1131 755 1175 783 καὶ
1191 754 1231 783 ὅτι
1246 756 1380 791 εὐνοϊκῶς,
1397 756 1454 784 ἀλλ’
1470 757 1516 785 οὐκ
1531 754 1748 793 ἀλαζονευόμενος

185 807 260 835 mini.
276 808 345 835 Nam
363 805 384 833 si
405 804 464 842 quis
483 804 533 832 sert
547 802 664 831 amicum
678 801 726 840 qui
740 801 924 830 vehementius
979 801 1056 828 τοῦτο
1069 803 1152 828 ποιεῖ·
1174 801 1264 840 πολλῷ
1279 802 1378 839 μᾶλλον
1395 801 1551 830 διδάσκαλον
1567 801 1747 836 ἐπιπλήττον-

183 862 264 890 quam
281 862 330 890 par
349 851 383 879 sit
402 849 549 883 invehitur,
564 847 721 877 examinans
741 847 798 886 ejus
812 857 925 886 scopum
942 846 960 869 C
977 856 1028 880 τα,
1052 845 1097 874 καὶ
1119 845 1278 875 διδάσκαλον
1298 847 1355 875 οὐδὲ
1377 847 1452 876 αὐτὸν
1469 847 1496 880 ἐξ
1514 847 1648 880 αὖθεντίας
1663 850 1747 876 ταῦτα

182 905 207 926 et
222 898 383 933 institutum,
395 903 419 925 et
433 896 504 934 quod
522 895 572 923 hoc
588 894 677 923 animo
696 893 760 922 facit
779 893 921 931 benevolo,
977 891 1087 930 λέγοντα
1100 916 1107 930 ‚
1133 892 1191 920 οὐδὲ
1213 894 1248 926 ὡς
1266 895 1292 922 ἐν
1316 893 1389 926 τάξει
1412 894 1554 932 ἄρχοντος,
1577 894 1635 922 ἀλλ’
1659 895 1694 926 ὡς
1720 895 1746 922 ἐν

182 954 233 972 non
248 955 294 983 per
311 942 491 982 arrogantiam
504 954 510 969 :
526 941 611 970 multo
631 940 717 979 magis
739 941 808 969 ferre
821 940 924 969 debetis
977 938 1048 972 τάξει
1062 939 1215 977 κηδεμόνος.
1238 940 1278 968 Οὐ
1292 939 1343 978 γὰρ
1357 939 1476 972 ἐξουσίαν
1491 939 1670 973 ἐπιδείξασθαι
1682 941 1747 977 βου-

182 990 340 1027 magistrum
360 989 538 1028 increpantem
550 1010 558 1024 ‚
579 994 605 1015 et
623 989 783 1025 magistrum
807 987 853 1024 qui
876 997 924 1015 nec
977 984 1098 1022 λόμενοι,
1121 989 1203 1014 ταῦτα
1229 985 1353 1024 λέγομεν·
1375 987 1432 1018 πῶς
1447 985 1498 1024 γὰρ
1513 987 1537 1014 οἱ
1555 984 1621 1024 μηδὲ
1638 986 1675 1018 εἷς
1689 988 1747 1013 πεῖ-

180 1036 236 1075 ipse
251 1036 309 1064 haec
324 1035 391 1064 dicit
410 1046 444 1063 ex
460 1034 632 1068 auctoritate,
646 1043 731 1071 neque
745 1033 827 1061 instar
847 1032 923 1071 prin-
979 1042 1025 1069 ραν
1052 1032 1137 1059 αὐτῶν
1161 1032 1243 1059 ἐλθεῖν
1267 1031 1422 1070 εὐχόμενοι;
1444 1033 1503 1060 ἀλλ’
1523 1031 1590 1071 ὑπὲρ
1608 1033 1681 1069 ὑμῶν
1697 1032 1747 1060 ἀλ-

181 1082 260 1121 cipis,
276 1081 321 1110 sed
337 1082 420 1110 instar
432 1079 571 1109 curatoris.
582 1080 676 1117 Neque
693 1079 765 1107 enim
776 1078 834 1107 haec
850 1078 922 1107 dici-
977 1081 1081 1115 γοῦντες
1104 1077 1149 1106 καὶ
1165 1077 1332 1115 κοπτόμενοι.
1361 1077 1502 1116 Σύγγνωτε
1522 1077 1570 1113 δὴ,
1590 1077 1635 1106 καὶ
1654 1076 1746 1115 μηδεὶς

180 1138 240 1156 mus
267 1127 387 1157 volentes
412 1132 544 1155 ostentare
570 1130 728 1164 potestatem
749 1135 755 1151 :
776 1123 921 1158 Quomodo
977 1123 1173 1162 καταφρονείτω)
1202 1125 1253 1151 τῶν
1284 1123 1386 1160 δεσμῶν
1418 1124 1470 1151 τῶν
1501 1124 1728 1158 ἐκκλησιαστικῶν
1739 1135 1745 1140 ·

179 1174 260 1210 enim,
279 1173 326 1211 qui
349 1179 473 1212 optamus
488 1177 518 1199 ut
532 1181 580 1199 nec
593 1169 628 1198 ad
642 1180 732 1198 eorum
746 1169 858 1198 veniatis
875 1180 922 1198 ex-
977 1171 1006 1198 οὗ
1026 1169 1077 1208 γὰρ
1104 1169 1240 1208 ἄνθρωπός
1262 1171 1331 1198 ἐστιν
1351 1170 1364 1196 ὁ
1381 1169 1500 1206 δεσμῶν,
1519 1168 1579 1198 ἀλλ’
1599 1171 1612 1197 6
1631 1168 1746 1208 Χριστὸς

179 1217 418 1258 perientian1?sed
441 1217 474 1245 de
496 1216 575 1245 vobis
587 1215 706 1244 dolentes
718 1221 742 1243 et
757 1215 921 1254 plangentes.
977 1217 990 1244 6
1010 1215 1057 1251 τὴν
1080 1214 1194 1248 ἐξουσίαν
1216 1214 1312 1250 ταύτην
1334 1217 1396 1252 ἡμῖν
1417 1214 1554 1252 δεδωκὼς,
1576 1215 1622 1243 καὶ
1640 1214 1746 1254 κυρίους

180 1264 314 1303 Ignoscite
326 1286 334 1300 ‚
350 1270 375 1292 ct
398 1273 475 1292 nemo
494 1262 604 1291 vincula
628 1268 778 1290 contemnat
801 1261 922 1290 ecclesia·
976 1263 1059 1290 ποιῶν
1079 1260 1231 1300 ἀνθρώπους
1250 1263 1297 1295 τῆς
1315 1260 1444 1295 τοσαύτης
1464 1262 1554 1299 τιμῆς.
1580 1259 1676 1299 Ἡμεῖς
1698 1259 1745 1298 μὲν

181 1310 247 1338 stica
264 1320 334 1338 :non
346 1316 384 1338 est
398 1309 469 1337 enim
483 1308 563 1337 homo
576 1308 624 1346 qui
637 1307 714 1346 ligat,
727 1306 772 1336 sed
788 1307 921 1345 Christus,
940 1307 959 1330 D
975 1306 1026 1345 γὰρ
1050 1308 1086 1340 εἷς
1106 1307 1136 1335 τὸ
1149 1306 1221 1334 λύειν
1237 1307 1384 1344 βουλόμεθα
1398 1308 1614 1345 κατακεχρῆσθαι
1629 1308 1662 1345 τῇ
1677 1305 1746 1339 ἐξου-

182 1356 228 1394 qui
248 1356 326 1385 nobis
348 1355 421 1384 dedit
437 1355 505 1383 hanc
527 1353 630 1393 ligandi
648 1360 814 1393 potestatem,
825 1360 849 1382 et
864 1353 924 1382 effi-
976 1352 1035 1392 σία·
1063 1353 1162 1390 μᾶλλον
1189 1352 1231 1387 δἐ,
1259 1351 1315 1380 οὐδὲ
1337 1351 1428 1380 τούτου
1451 1352 1568 1390 ἀνάγκην
1590 1352 1661 1391 ἔχειν
1684 1354 1744 1391 βου-

181 1402 253 1431 ciens
266 1409 295 1431 ut
308 1402 429 1431 homines
441 1402 468 1430 in
485 1412 531 1430 sua
547 1407 675 1440 potestate
691 1399 805 1428 habeant
819 1407 923 1428 tantum
975 1400 1090 1438 λόμεθα·
1107 1398 1198 1428 οὐδένα
1211 1398 1261 1437 γὰρ
1284 1398 1430 1436 βουλόμεθα
1446 1393 1512 1426 εἶναι
1525 1397 1664 1436 δεσμώτην
1679 1400 1743 1438 παρ’

180 1447 316 1476 honorem.
329 1448 398 1476 Nam
414 1457 461 1476 nos
477 1446 586 1485 quidem
600 1446 640 1474 uti
655 1445 781 1475 volumus
795 1452 924 1484 potestate
974 1448 1051 1483 ἡμῖν·
1067 1445 1116 1483 οὐχ
1129 1444 1212 1476 οὕτως
1226 1443 1305 1482 ἐσμὲν
1320 1444 1405 1472 ἄθλιοι
1420 1443 1465 1471 καὶ
1479 1443 1654 1484 ταλαίπωροι,
1665 1443 1744 1474 εἶκαὶ

181 1493 215 1522 ad
232 1494 394 1523 solvendum
411 1506 417 1522 :
435 1493 489 1522 imo
508 1503 571 1521 vero
592 1492 721 1520 vellemus
740 1502 773 1520 ne
794 1492 845 1520 hoc
862 1493 922 1530 qui-
975 1492 1074 1531 σφόδρα
1098 1490 1235 1528 οὖδαμινοί
1254 1489 1322 1522 τινές
1340 1491 1428 1528 ἐσμεν.
1457 1490 1490 1518 Εἰ
1507 1489 1534 1518 δὲ
1549 1489 1742 1528 ἀναγκασθείη-

181 1539 242 1568 dem
261 1540 338 1568 nobis
358 1550 413 1568 esse
436 1549 539 1568 necesse
560 1550 565 1566 τ
581 1538 686 1567 nullum
709 1537 780 1566 enim
795 1538 922 1567 volumus
975 1550 1031 1575 μεν,
1043 1537 1190 1576 σύγγνωτε·
1206 1537 1234 1565 οὗ
1245 1536 1296 1575 γὰρ
1309 1535 1411 1567 ἑκόντες
1423 1535 1481 1564 οὐδὲ
1494 1535 1660 1574 βουλόμενοι,
1674 1535 1743 1564 ἀλλὰ

180 1596 235 1614 csse
249 1585 321 1625 apud
342 1597 389 1615 nos
408 1586 530 1614 vinctum
546 1597 554 1622 ;
570 1595 622 1613 non
638 1584 703 1613 adeo
723 1593 816 1613 sumus
833 1584 921 1613 infeli·
975 1585 1074 1623 μᾶλλον
1099 1584 1173 1620 ὑμῶν
1198 1584 1249 1610 τῶν
1271 1581 1416 1620 δεδεμένων
1437 1582 1592 1620 ἀλγοῦντες,
1609 1581 1643 1610 τὰ
1658 1581 1743 1619 δεσμὰ

181 1641 222 1660 ces
241 1638 267 1660 et
285 1632 384 1669 miseri,
396 1631 499 1660 etiamsi
521 1630 604 1660 simus
622 1630 700 1670 plane
719 1630 808 1659 nihili.
823 1630 877 1659 Sed
895 1630 918 1660 si
972 1630 1179 1669 περιὸοίλλομεν.
1193 1630 1225 1658 Εἰ
1237 1628 1265 1657 δέ
1279 1641 1318 1661 τις
1330 1628 1508 1668 καταφρονοίη
1518 1628 1627 1664 τούτων,
1635 1627 1744 1663 ἐπιστή-

215 1725 226 1736 ¹⁵
243 1717 289 1752 [A.
300 1718 327 1741 B.
341 1716 463 1742 Commel.
479 1722 503 1741 et
515 1725 594 1748 marg.
605 1715 681 1740 Savil.
694 1720 757 1748 ἡμῶν
771 1718 794 1741 οὗ
807 1727 858 1741 κατ.
877 1719 934 1741 οἵτω
986 1715 1115 1739 vobiscum
1125 1723 1212 1747 agam.
1225 1714 1335 1745 Optime.
1351 1713 1427 1737 Paulo
1438 1719 1496 1737 ante
1508 1714 1616 1737 Dunaeus
1628 1720 1675 1742 πῶς
1686 1717 1745 1746 ἔχειν

180 1761 298 1790 μαλακῶς.
316 1756 389 1780 Unde
399 1757 505 1780 Dunaeus
518 1754 564 1787 leg.
580 1757 642 1786 ὑμεῖς
652 1757 675 1780 δὲ
687 1759 752 1786 ἡμῶν
768 1765 821 1780 κατ.
835 1757 893 1780 οὕτω
906 1767 933 1786 μ.
985 1753 1067 1778 valere
1080 1761 1125 1782 πῶς
1134 1756 1254 1779 διατιθέναι
1267 1751 1403 1782 observat,
1417 1753 1465 1776 nisi
1477 1751 1510 1776 sit
1522 1752 1569 1784 leg.
1586 1756 1642 1785 πρὸς
1653 1757 1692 1779 τὸν
1713 1756 1743 1781 εἰς

185 1797 240 1822 Vos
256 1804 336 1821 meam
352 1795 510 1820 clementiam
523 1793 698 1824 contemnitis,
717 1794 761 1825 qui
782 1798 833 1817 lam
846 1793 938 1817 leniter
986 1793 1085 1825 exuri-2]

598 1891 772 1920 MUTIANO
794 1891 1048 1920 SCHOLASTICO
1070 1891 1319 1920 INTERPRETE.

179 1981 276 2010 habere
287 1980 379 2017 debeo,
392 1990 440 2009 vos
451 1978 571 2018 judicate
583 1988 646 2007 :vos
658 1977 729 2006 enim
745 1987 792 2006 nos
807 1976 922 2016 culpatis
934 1977 972 2006 sic
987 1987 1038 2006 non
1053 1977 1170 2006 molliter
1194 1984 1300 2016 agentes
1324 1977 1472 2006 vobiscum.
1489 1976 1518 2005 Si
1539 1983 1629 2005 autem
1642 1976 1740 2016 aliquis

179 2028 323 2058 contemnit
347 2027 487 2066 ligationes
501 2036 561 2064 quae
576 2036 592 2053 a
605 2025 684 2054 nobis
699 2025 779 2063 fiunt,
796 2025 894 2053 iterum
909 2031 934 2053 et
948 2024 1038 2064 ipsum
1053 2024 1179 2053 Christus
1200 2024 1317 2062 docebit,
1333 2024 1442 2053 dicens:
1457 2025 1653 2062 Quaecumque
1666 2024 1740 2063 liga-

181 2078 277 2105 veritis
289 2078 320 2104 in
333 2082 422 2111 terra,
435 2080 518 2103 erunt
536 2074 629 2113 ligata
640 2075 710 2102 etin
721 2073 794 2101 coelo
806 2085 814 2100 .·
823 2079 849 2101 et
863 2083 1053 2113 quaecumque
1063 2073 1208 2101 solveritis
1225 2083 1310 2111 super
1323 2079 1442 2108 terram,
1455 2078 1540 2100 erunt
1554 2071 1653 2100 soluta
1667 2077 1695 2099 et
1708 2073 1740 2099 in

178 2124 259 2152 coelo.
274 2123 333 2152 Etsi
347 2122 428 2150 etiam
443 2132 490 2150 nos
504 2120 595 2149 miseri
609 2127 634 2148 et
645 2120 714 2148 nulli
725 2131 818 2148 sumus
832 2127 857 2148 et
872 2119 1006 2149 contemni
1020 2119 1109 2158 digni,
1124 2120 1192 2148 sicut
1207 2126 1232 2148 et
1247 2119 1324 2158 digni
1340 2129 1442 2156 sumus,
1463 2118 1510 2147 sed
1532 2128 1585 2146 non
1599 2128 1647 2147 nos
1666 2117 1740 2157 ipsos

178 2169 357 2205 vindicamus,
373 2178 458 2206 neque
472 2167 540 2196 iram
552 2166 706 2203 reddimus,
720 2166 766 2195 sed
777 2166 810 2195 de
822 2174 910 2196 vestra
922 2166 1008 2195 salute
1022 2166 1182 2206 cogitamus.
1198 2166 1302 2195 Pudeat
1316 2176 1363 2195 vos
1374 2175 1451 2204 rogo,
1467 2172 1493 2194 et
1508 2164 1736 2194 verecundamini.

179 2215 207 2244 Si
222 2215 293 2243 enim
307 2214 423 2242 amicum
436 2213 496 2252 quis
508 2219 607 2252 portat,
624 2212 810 2241 vehementius
822 2224 904 2251 quam
919 2219 1022 2252 oportet
1036 2223 1126 2241 secum
1140 2219 1272 2252 agentem,
1284 2213 1457 2241 intentionem
1473 2212 1529 2251 ejus
1541 2211 1698 2247 discutiens,
1715 2217 1740 2240 et

178 2262 242 2300 quia
264 2261 392 2300 benigne,
403 2271 455 2289 non
472 2271 506 2288 ex
518 2259 647 2298 jactantia
661 2258 712 2286 hoe
727 2259 790 2287 facit
807 2271 812 2286 :
827 2260 912 2288 multo
926 2260 1043 2298 amplius
1070 2260 1218 2295 doctorem,
1235 2267 1261 2289 et
1285 2260 1372 2299 ipsum
1388 2270 1441 2288 non
1462 2269 1495 2287 ex
1518 2269 1565 2287 sua
1582 2258 1740 2287 auctoritate

177 2308 320 2344 dicentem,
337 2318 388 2336 non
404 2307 462 2336 vice
472 2306 584 2346 judicis,
598 2305 645 2334 sed
659 2305 718 2334 vice
732 2305 817 2344 patris
830 2316 922 2335 curam
937 2308 1061 2346 gerentis.
1080 2308 1139 2336 Non
1154 2308 1225 2336 enim
1239 2314 1395 2347 potestatem
1416 2313 1535 2335 nostram
1556 2305 1740 2334 demonstrare

179 2355 306 2392 volentes,
322 2355 379 2384 haec
392 2355 509 2383 dicimus
521 2366 527 2381 ε
539 2352 674 2392 quomodo
691 2363 805 2391 namque
819 2353 866 2392 qui
887 2364 971 2393 neque
984 2355 1018 2384 ad
1042 2354 1255 2394 experimentum
1277 2365 1381 2388 eorum,
1398 2364 1457 2392 quae
1471 2352 1599 2388 dicimus,
1615 2359 1739 2391 optamus

178 2402 287 2431 venire?
299 2402 344 2430 sed
356 2413 404 2441 pro
416 2402 494 2431 vohis
505 2401 624 2430 dolentes
636 2407 660 2429 et
674 2401 802 2439 lugentes.
810 2401 943 2439 Ignoscite
955 2409 1056 2439 autem,
1069 2409 1095 2431 et
1107 2412 1185 2430 nemo
1197 2408 1347 2431 contemnat
1358 2401 1467 2430 vincula
1478 2399 1668 2429 ecclesiastica:
1683 2409 1737 2428 non

178 2449 249 2477 enim
262 2449 343 2477 homo
358 2456 397 2477 est
410 2449 457 2487 qui
469 2449 546 2488 ligat,
560 2448 606 2477 sed
621 2448 754 2485 Christus,
768 2448 815 2487 qui
830 2448 908 2477 nobis
924 2449 992 2479 hanc
1003 2457 1161 2489 potestatem
1177 2450 1264 2487 dedit,
1277 2456 1302 2478 et
1314 2449 1448 2478 Dominus
1462 2447 1523 2477 fecit
1534 2446 1657 2475 homines
1669 2446 1737 2475 tanti

179 2495 296 2524 honoris.
314 2495 350 2523 Et
363 2506 410 2524 nos
425 2496 534 2533 quidem
548 2496 583 2525 ad
593 2495 752 2525 solvendum
764 2496 891 2526 volumus
906 2498 945 2525 uti
959 2497 1010 2527 hac
1023 2505 1169 2537 potestate;
1186 2498 1272 2536 magis
1287 2504 1377 2526 autem
1393 2506 1478 2534 neque
1491 2495 1573 2533 hujus
1586 2493 1625 2522 rei
1641 2503 1736 2522 neces-

179 2543 283 2572 sitatem
298 2541 398 2571 habere
411 2543 552 2572 volumus:
567 2543 698 2572 neminem
709 2543 810 2583 quippe
821 2544 1005 2574 desideramus
1018 2545 1133 2584 ligatum
1145 2556 1200 2574 esse
1209 2546 1283 2586 apud
1294 2556 1356 2574 nos:
1366 2554 1418 2573 non
1431 2542 1502 2572 enim
1515 2547 1619 2570 tantum
1643 2551 1737 2569 sumus

181 2589 270 2621 miseri
281 2596 305 2619 et
317 2589 452 2629 infelices,
467 2601 497 2619 ac
513 2590 535 2619 si
551 2591 630 2620 valde
642 2591 707 2620 nulli
723 2603 825 2622 sumus.
843 2593 872 2622 Si
887 2603 951 2624 vero
969 2593 1051 2623 coacti
1077 2593 1222 2629 fuerimus,
1238 2593 1382 2631 ignoscite:
1397 2601 1448 2620 non
1463 2589 1535 2620 enim
1551 2588 1636 2626 ultm,
1651 2599 1738 2628 neque
