1906 2846
4 2350 8 2362 0
0 2122 11 2329 ²-“—--13

408 183 439 205 tx
470 183 576 205 tittts'r.

77 245 154 283 γήρα.
171 244 182 259 ¹¹
192 244 283 301 ’Υμεὶς
295 245 320 272 δὲ
335 245 491 279 τούναντίον,
506 246 577 284 φησι,
590 246 622 274 τὰ
638 246 683 284 μὲν
699 245 841 285 nostratum&

75 302 149 328 πρυτ
141 303 186 325 .,α
206 291 238 318 τὰ
256 290 282 319 δὲ
299 301 386 329 χρηστ
377 290 404 318 ὰ
425 293 482 318 τελε
474 303 514 319 υτ
518 296 570 320 αῖα.
592 293 628 320 l'r
619 295 678 320 ου’το
700 293 763 345 πρὸς
784 291 841 323 τους

75 337 103 365 λέ
92 348 132 374 εεγ
122 348 158 364 3tv
177 313 373 373 τολμῶντας,
365 336 394 364 ο’τ
398 348 405 363 ι
426 348 457 374 με
462 337 492 365 τὰ
511 337 621 366 Θάνατον
640 339 702 374 ἦυῖν
718 338 817 376 ἐπηγγε
807 337 841 365 3t'-

74 383 138 411 λατο
153 382 185 411 τὰ
200 381 298 420 ἀγαθὰ,
314 383 352 416 ἠπ
356 382 435 417 :iz-1353
437 394 449 409 ν
464 382 525 415 ἴσως
541 385 619 420 ἡμᾶς
634 386 670 412 Δε
673 383 782 417 ίκνυσιν,
802 383 842 411 ὅτι

74 428 118 456 καὶ
134 440 163 456 εκ
175 429 272 466 νεκρῶν
286 439 327 466 εγε
332 439 394 467 ιρειν
412 428 518 461 &uvam
531 431 544 456 ὃ
558 429 641 461 050'3'

73 475 170 512 νεκρῶν
183 473 292 512 ἐγείρειν
304 474 409 506 δυνατὸς
423 477 436 502 ὁ
448 474 515 506 (θεὸς
524 497 530 509 ,
552 475 656 507 παντως
672 476 759 504 πάντα
773 478 842 505 ἀπο-

74 520 161 549 δώσει.
174 521 207 549 Εἰ
220 521 246 549 δὲ
262 520 383 559 Ἀδραὰμ
396 520 533 550 ἐπίστευσε
551 522 602 561 πρὸ
617 522 748 551 τοσούτων
767 523 842 557 ἐτῶν,

73 566 112 594 ὅτι
126 566 233 599 ’δυνατὸς
245 567 274 594 ἐκ
286 568 385 605 νεκρῶν
397 566 507 606 ἐγείρειν
517 570 530 596 ὑ
542 568 609 600 (θεὸς
618 591 624 603 ,
641 569 732 607 πολλῷ
743 570 841 605 μᾶλλον

72 614 148 649 ἡμεῖς
172 612 306 641 πιστεύειν
325 612 472 650 ὀφείλομεν.
489 612 572 652 Ὁρᾷς
595 613 653 649 ὅτι,
674 614 739 652 ὅπερ
762 614 842 652 ἔφθην

73 657 164 693 εἰπὼν,
178 658 250 687 οὔπω
266 659 384 693 εἰσῆλθεν
396 661 409 686 ὁ
425 658 547 694 Θάνατος,
569 660 613 688 καὶ
636 660 729 692 εὐθέως
750 660 841 692 αὐτοὺς

72 706 108 736 εἰς
121 716 168 740 την
183 706 229 739 τῆς
242 706 325 733 ἁναστ
329 705 374 733 εἱσι·
376 717 411 737 ως
426 705 529 734 ει7κυσε
531 717 543 733 ν
558 706 668 739 ἐλπίδα,
683 706 727 734 καὶ
749 708 770 734 εἰ
765 719 784 739 ς
799 718 842 734 οτ-

73 750 170 786 σαύτην
182 751 392 790 πὶηροφορίαν
376 763 457 790 τῃεγαγ
447 764 483 787 ιν,
500 753 535 784 (ῖς)
550 764 593 780 και
611 752 736 791 σοαγιάζε
726 765 763 781 3tv
783 764 841 785 τους

71 799 170 825 ἑαυτῶν
185 797 254 830 υἱους
273 809 301 826 κε
292 799 332 825 Εελ
335 809 398 835 υομε
393 797 458 830 ’νους
470 820 476 832 ,
499 810 542 826 και
559 801 601 837 aiz?
622 801 657 827 ὡν
674 799 840 838 προσεδόκων)

71 842 218 880 ἐμπλησειν
246 843 292 878 τὴν
316 844 423 880 οἶκουμε
418 843 481 879 ’,νην
503 844 613 881 ἑτοιμως
632 844 738 877 τούτους
759 857 841 883 προσ-

72 888 159 926 άγειν;
173 889 226 917 Καὶ
241 888 328 927 ἕτερον
353 889 379 917 δὲ
403 888 530 918 δείκνυσιν
546 891 656 918 ἐνταῦθα
677 890 720 918 διὰ
739 894 783 919 τοῦ
803 893 841 919 εῖ-

71 938 139 969 πεῖν,
159 933 300 973 ἩΕπειραζε
303 947 315 963 ν
331 938 344 964 ὁ
360 936 407 964 Οε
390 947 427 965 -ςο
448 935 491 964 τὸν
514 935 642 974 Ἀδραάμ.
664 936 700 965 'li
715 939 772 971 οὓν;
794 939 839 966 οὐκ

71 980 126 1017 ᾔδει
140 982 153 1009 ὁ
166 981 260 1013 Θεὸς
245 987 284 1009 ὁτι
296 986 411 1019 γενναῖος
425 984 456 1015 ἠν
473 993 517 1009 και
528 993 634 1018 οοκιμος
644 983 684 1009 δ’
670 993 751 1020 ανηρ·
745 1005 752 1017 ,
771 983 840 1021 Σφό-

71 1027 120 1065 δρα
135 1039 173 1065 γε.
187 1027 265 1059 Τίνος
286 1029 329 1055 οὐν
344 1027 431 1055 ἕνεκεν
454 1026 590 1066 ἐπείραζεν
613 1027 702 1060 αὐτὸν,
726 1029 747 1055 εἰ
767 1028 812 1066 ῃδε
818 1040 838 1063 ι,

71 1072 152 1111 οὐχ“’
142 1084 182 1100 ινα
193 1072 267 1104 αὐτὸς
281 1072 351 1110 μάθῃ
361 1094 368 1105 ,
389 1073 448 1100 ἀλλ
463 1071 506 1100 ἵνα
517 1076 570 1104 τοῖς
583 1072 701 1105 ἄλλοις
687 1072 738 1101 οεί
728 1086 772 1111 ῃ,
793 1074 838 1101 καὶ

69 1118 217 1153 κατάδηλον
230 1119 308 1147 αὐτοῦ
322 1117 370 1153 τὴν
383 1117 504 1157 ἀνδρείαν
519 1122 584 1146 πᾶσι
599 1118 766 1156 καταστήσῃ.
786 1120 838 1148 Καὶ

69 1164 196 1193 δείκνυσιν
210 1166 320 1193 ἐνταῦθα
333 1164 439 1193 καὶτῶν
455 1166 610 1203 πειρασμῶν
623 1164 670 1199 τὴν
686 1165 782 1200 αἰτίαν,
796 1166 839 1195 ἵνα

70 1210 107 1248 μὴ
120 1210 270 1248 νομίζωσιν,
281 1212 316 1242 ὡς
329 1210 596 1250 ἐγκαταλελειμμένοι
616 1214 699 1239 ταῦτα
716 1212 839 1252 πάσχειν.

70 1256 200 1285 Ἐνταῦθα
217 1256 263 1293 μὲν
284 1256 336 1294 γὰρ
357 1256 402 1284 καὶ
420 1256 522 1295 ἀνάγκη
544 1257 728 1295 πειράζεσθαι,
746 1258 789 1287 διὰ
809 1259 839 1288 τὸ

69 1301 209 1334 πολλοὺς
194 1313 238 1340 ⁵7:²-
228 1314 264 1330 ..ιν
277 1314 335 1334 τους
350 1301 505 1335 ἐλαύνοντας
519 1302 564 1331 καὶ
582 1302 641 1335 τους
657 1303 839 1334 ἐπιὸουλευον-

69 1359 116 1380 τας
125 1360 130 1365 ·

69 1393 228 1449 πειρασμους
240 1394 364 1428 ἐπινοεῑν;
376 1395 460 1426 Οὑτος
475 1392 558 1422 τοίνυν
574 1396 587 1422 ὁ
601 1395 746 1432 πειρασμὸς
762 1396 839 1431 δηλος

68 1441 99 1472 ἦν
111 1439 150 1467 ὅτι
166 1440 263 1467 αὐτοῦ
255 1439 462 1478 προστάττοντος
473 1439 581 1475 εγίνετο.
598 1441 633 1468 Ot
650 1439 681 1477 μὲ
683 1452 696 1468 ν
709 1443 751 1469 οὐν
764 1441 839 1471 ἄὶλοι

153 1349 207 1376 ξχεῖ
227 1347 254 1376 03
278 1347 341 1376 ποί-ί
356 1348 458 1385 ἁναγχη
480 1360 511 1383 ην
532 1360 591 1380 ΤΟυς
611 1350 658 1377 Οὐκ
677 1361 720 1378 ov?
723 1362 752 1382 ας
767 1362 838 1379 wrm)

69 1488 266 1523 συγχωροῦντος
280 1486 357 1513 αυτοῦ
375 1496 435 1514 συνε
427 1485 537 1520 -Έαινον,
555 1487 628 1518 οὗτος
651 1485 679 1514 δὲ
699 1486 743 1514 καὶ
758 1498 840 1526 προσ-

69 1531 216 1563 τάττοντος.
239 1532 271 1559 Εἰ
291 1531 377 1560 τοίνυν
401 1530 468 1559 οὕτω
489 1531 612 1569 δοκίμους
624 1531 657 1560 τὰ
673 1533 724 1560 τῶν
743 1545 840 1572 πειρα-

69 1579 144 1614 σμῶν
156 1581 241 1612 ποιεῖ,
252 1579 286 1608 ὡς
302 1576 346 1605 καὶ
361 1576 397 1614 μὴ
411 1577 489 1611 οὔσης
502 1576 588 1609 αἰτίας
601 1577 644 1605 τὸν
657 1577 725 1607 Θεὸν
740 1580 840 1617 γυμνά-

608 183 651 205 .ἱῦ
680 183 847 206 itt-:sstrt-ZOS.

1575 175 1591 190 '1'

1585 190 1592 206 )

878 184 953 205 (Ixt‘.
984 184 1032 205 xi.
1064 183 1180 206 nonu..
1212 184 1294 206 xxv.
1602 173 1642 208 ’.εὖ

898 256 957 272 naui
969 244 1034 273 [ides
1050 245 1124 284 prius
1140 245 1261 274 exhibita
1275 245 1309 274 ad
1323 245 1410 274 sutura
1424 247 1554 275 credenda
1568 248 1640 276 viam

898 293 1017 331 parabat.
1039 293 1165 330 Alioquin
1180 300 1267 322 autem
1280 293 1388 322 ridebat
1403 294 1448 323 itte
1459 295 1528 323 hona
1540 295 1640 334 priora,

897 338 1008 366 molesta
1036 345 1124 367 atttcm
1155 339 1302 378 posteriora
1320 347 1345 368 et
1371 342 1396 368 in
1423 347 1566 370 senectute.
1584 342 1640 371 Vos

887 384 1101 426 *auten1,i11quit,
1115 391 1219 413 contra:
1232 385 1341 414 molesta
1352 386 1456 415 habetis
1466 386 1551 426 prima
1562 399 1569 423 ;
1581 398 1640 426 qua:

657 430 678 458 εἰ
700 430 727 458 δε
749 442 793 458 και
813 431 842 458 ἐκ
852 454 887 469 ,Ἢ
898 436 986 457 autem
998 430 1067 457 hona
1077 437 1148 466 sunt,
1164 430 1268 461 ultima.
1286 431 1342 459 Hoc
1356 431 1389 459 ad
1405 442 1449 460 eos
1475 432 1521 470 qui
1541 433 1641 462 audent

862 483 879 503 ‚x
899 475 987 504 dicere
1004 487 1009 502 ι
1025 477 1087 504 Post
1102 483 1215 504 mortem
1240 476 1363 515 promisit
1387 477 1464 505 nobis
1487 478 1576 515 bona;
1592 489 1640 508 nos

898 521 1009 549 sortasse
1033 520 1146 561 decepit.
1164 522 1289 550 Ostendit
1313 522 1384 560 quod
1408 523 1489 552 etiam
1513 535 1547 552 ex
1569 535 1640 553 mor-

898 567 952 595 tuis
966 567 1094 596 suscitare
1109 575 1201 606 potens
1216 575 1253 596 est
1271 569 1343 597 Deus
1359 580 1364 596 :
1382 568 1402 596 si
1417 576 1505 597 autem
1518 580 1551 598 ex
1566 581 1637 599 mor-

898 613 950 641 tuis
964 612 1092 641 suscitare
1108 620 1193 652 potest
1207 615 1290 651 Deus,
1307 614 1415 642 omnino
1428 614 1521 643 reddet
1535 616 1636 644 omnia.

898 659 926 687 Si
941 665 1030 687 autem
1046 659 1180 687 Abraham
1196 666 1257 688 ante
1272 666 1308 688 tot
1332 670 1415 688 anuos
1430 660 1547 689 eredidit
1564 662 1636 699 quod

898 705 970 733 Deus
982 706 1015 733 sit
1027 712 1120 744 potens
1140 706 1267 734 suscitare
1281 716 1315 734 ex
1326 706 1440 735 mortuis
1453 719 1458 734 :
1475 708 1561 736 multo
1577 719 1637 737 ma-

897 750 937 788 gis
960 760 1006 779 nos
1021 750 1049 779 id
1071 751 1200 779 dehemus
1215 751 1328 781 credere.
1345 752 1431 782 Vides
1455 753 1545 791 quod,
1569 754 1638 783 sicut

897 796 970 834 prius
981 796 1059 833 dixi,
1084 808 1155 826 mors
1171 797 1289 826 nondum
1309 798 1434 835 intravit,
1449 806 1474 827 et
1488 810 1532 828 eos
1547 801 1638 829 statim

895 843 978 871 traxit
993 843 1019 872 in
1043 855 1118 883 spem
1134 845 1335 873 resurrectionis
1349 868 1357 883 ‚
1372 852 1398 874 et
1414 845 1447 874 ad
1462 853 1516 875 tam
1539 854 1638 876 certam

894 887 1008 917 deduxit
1024 889 1239 928 persuasionem,
1249 897 1278 918 ut
1288 891 1366 919 etiam
1378 892 1448 930 jussi
1462 902 1523 921 suos
1538 900 1639 922 macta-

894 946 922 963 re
936 935 1025 970 tilios,
1043 947 1076 964 ex
1098 936 1197 974 quibus
1221 937 1410 976 exspectabant
1426 948 1453 967 se
1480 939 1638 978 impleturos

893 981 984 1009 orbem
1001 988 1076 1010 terra*
1087 1004 1094 1018 ,
1119 982 1153 1010 ad
1178 982 1207 1010 id
1231 983 1383 1012 faciendum
1409 985 1496 1023 parati
1528 993 1612 1015 essent
1626 987 1639 1015 9

893 1026 975 1055 Aliud
991 1038 1098 1065 quoque
1112 1027 1156 1055 hic
1178 1029 1293 1057 ostendit
1317 1040 1363 1068 per
1381 1030 1430 1059 hoc
1452 1031 1526 1069 quod
1540 1031 1612 1061 dixit
1626 1055 1634 1070 ,

896 1073 1032 1101 Tentavit
1044 1074 1124 1101 Deus
1134 1073 1300 1103 Abraham.
1309 1075 1384 1110 Quid
1394 1087 1459 1106 vero
1469 1077 1481 1105 9
1495 1078 1640 1108 nesciebat-

856 1122 874 1144 B
893 1128 926 1146 ne
940 1119 1012 1146 Deus
1023 1129 1084 1147 eun]
1100 1129 1155 1147 esse
1169 1120 1258 1148 virum
1269 1121 1366 1149 sortem
1379 1129 1403 1150 et
1417 1123 1550 1161 probum?
1566 1125 1638 1154 Scie-

893 1163 939 1192 bat
953 1170 1032 1192 certe.
1046 1165 1102 1193 Cur
1115 1175 1178 1202 ergo
1190 1176 1251 1193 cuin
1263 1166 1396 1202 tentabat,
1413 1168 1435 1195 si
1445 1169 1543 1198 sciebat
1554 1170 1566 1198 9
1578 1171 1637 1199 Non

894 1218 923 1240 ut
938 1212 993 1251 ipse
1003 1211 1116 1240 disceret
1128 1235 1136 1250 ‚
1155 1212 1201 1241 sed
1212 1219 1241 1241 ut
1258 1213 1320 1242 aliis
1334 1214 1498 1251 ostenderet,
1513 1223 1536 1244 et
1549 1218 1638 1246 omni-

893 1258 943 1286 hus
957 1257 1125 1286 manifestam
1138 1258 1195 1297 ejus
1210 1257 1332 1287 redderet
1346 1260 1439 1298 magni
1454 1261 1537 1289 animi
1551 1262 1638 1291 virtu-

893 1311 956 1333 tem.
970 1306 1005 1334 Et
1020 1305 1065 1334 hic
1086 1306 1167 1334 etiam
1182 1305 1300 1334 ostendit
1314 1317 1423 1335 causam
1438 1309 1614 1338 tentationum
1629 1330 1636 1341 ‚

894 1361 927 1380 ne
941 1351 1125 1380 existimarent
1135 1362 1163 1380 se
1177 1359 1313 1390 tamquam
1329 1363 1343 1381 a
1356 1354 1413 1382 Deo
1422 1353 1564 1384 derelictos
1580 1356 1637 1385 haec

893 1397 957 1436 pati.
974 1397 1043 1425 Nam
1064 1397 1109 1426 hic
1123 1397 1233 1436 quidem
1245 1398 1325 1426 etiam
1342 1409 1446 1428 neccsse
1461 1407 1499 1428 est
1519 1402 1615 1430 tentari
1628 1425 1635 1436 ,

893 1442 966 1480 quod
981 1442 1059 1471 multi
1070 1443 1123 1471 sint
1138 1443 1184 1481 qui
1200 1451 1397 1483 persequuntur
1407 1452 1432 1474 et
1447 1446 1493 1484 qui
1507 1447 1636 1476 insidian-

893 1495 957 1516 tur:
979 1489 1035 1517 illic
1058 1496 1147 1517 autem
1162 1500 1221 1528 quae
1236 1496 1292 1518 erat
1309 1490 1331 1518 ei
1351 1491 1492 1520 necessitas
1515 1503 1558 1521 eas
1579 1504 1638 1532 quae

895 1543 946 1562 non
974 1541 1049 1563 erant
1076 1535 1228 1574 excogitare
1252 1535 1408 1565 tentationes
1419 1537 1432 1564 ,9
1455 1537 1530 1566 Hanc
1555 1538 1639 1577 igitur

894 1582 1066 1621 perspicuum
1091 1589 1130 1611 est
1156 1582 1327 1612 tentationem
1350 1594 1379 1612 eo
1401 1584 1513 1623 jubente
1538 1585 1637 1614 factam

103 1677 114 1694 t·
133 1675 313 1709 [isgsssavilq
328 1679 378 1709 ῡμῖ»
397 1678 423 1700 Α.
446 1677 471 1700 Β.
496 1677 596 1702 Comm.
619 1683 643 1702 et
652 1685 733 1712 marg.
754 1678 813 1704 Sav.
829 1678 973 1712 Legebatur
986 1681 1062 1715 ὐμῐν.]

490 1783 667 1812 MUTIANO
689 1784 948 1814 SCHOLASTICO
971 1785 1225 1814 INTERPRETE.

67 1878 165 1907 iterum
180 1876 325 1905 suscitaret.
339 1874 392 1904 Sed
414 1875 472 1904 dux
493 1882 517 1904 et
542 1875 641 1904 viatrix
656 1882 693 1904 est
709 1876 777 1904 fides
792 1876 945 1915 praecedens
962 1876 995 1905 ad
1022 1877 1121 1905 sutura.
1143 1876 1178 1905 Et
1193 1877 1315 1906 intuere:
1337 1888 1396 1916 quse
1416 1889 1542 1919 prospera
1566 1883 1636 1912 enim

67 1932 159 1959 erant,
177 1924 264 1964 prima
288 1923 362 1951 illius
384 1923 514 1959 suerunt,
537 1923 649 1952 adversa
680 1934 743 1952 vero
768 1923 914 1963 posteriora
938 1924 1008 1952 circa
1029 1931 1198 1952 senectutem.
1221 1925 1306 1952 Nobis
1322 1932 1410 1954 autem
1435 1934 1541 1956 econtra
1569 1940 1637 1968 pro-

199 1982 257 2009 qute
281 1970 366 1999 tristia
382 1980 497 2007 namque
508 1976 569 1997 sunt
583 1993 592 2004 ,
609 1970 696 2008 prima
717 1977 816 2006 crunt3
832 1969 979 1998 novissime
994 1979 1119 2008 prospera
1136 1976 1161 1998 et
1186 1970 1283 1999 felicia.
1300 1971 1358 1999 Hoc
1384 1971 1487 2001 dictum
1511 1981 1549 2003 cst
1573 1986 1637 2014 pro-

68 2026 126 2059 pter
149 2029 192 2048 eos
202 2041 211 2051 ,
235 2017 281 2056 qui
306 2017 395 2046 dicere
420 2016 535 2050 audent,
559 2016 622 2055 quia
652 2023 711 2056 post
729 2024 843 2046 mortem
867 2016 944 2045 nobis
967 2016 1035 2045 bona
1065 2016 1189 2056 promisit
1205 2028 1210 2044 :
1238 2018 1369 2047 Fortassis
1392 2019 1474 2054 enim,
1500 2020 1635 2060 inquiunt,

67 2057 148 2095 etiam
172 2065 266 2094 fefellit
292 2075 348 2093 nos.
375 2064 499 2093 Ostendit
526 2064 628 2103 quippe
655 2064 717 2102 quia
747 2064 827 2093 ctiam
856 2075 890 2093 ex
912 2064 1025 2092 mortuis
1046 2064 1175 2092 suscitare
1202 2071 1296 2103 potens
1323 2072 1362 2094 est
1386 2067 1459 2095 Deus
1479 2079 1484 2095 :
1511 2068 1533 2096 si
1565 2070 1637 2099 enim

68 2123 102 2141 ex
117 2111 229 2140 mortuis
244 2110 372 2139 suscitare
384 2117 478 2149 potens
492 2117 541 2144 est,
559 2110 652 2148 utique
666 2117 760 2139 cuncta
776 2111 896 2139 restituet
910 2120 968 2148 quse
986 2109 1146 2149 repromisit.
1163 2111 1192 2138 Si
1208 2110 1278 2139 enim
1298 2111 1435 2140 Abraham
1449 2114 1563 2143 credidit
1578 2116 1638 2155 pri-

71 2169 131 2188 mus
142 2165 202 2187 ante
215 2165 252 2187 tot
263 2167 346 2186 annos
359 2156 422 2194 quia
435 2168 469 2186 ex
481 2157 594 2186 mortuis
603 2157 732 2187 suscitare
743 2165 836 2197 potens
847 2165 885 2187 est
899 2159 970 2186 Deus
986 2170 991 2185 :
1006 2157 1090 2186 multo
1102 2157 1220 2196 amplius
1231 2168 1279 2186 nos
1292 2158 1399 2188 credere
1410 2159 1550 2189 debemus.
1565 2162 1635 2191 Con-

70 2204 206 2244 templaris
221 2203 295 2242 quia,
307 2203 439 2242 sicutjam
449 2203 520 2241 dixi,
536 2203 650 2232 necdum
671 2204 814 2232 intraverat
827 2214 908 2238 mom,
920 2210 945 2231 et
953 2203 1010 2242 jam
1025 2213 1068 2231 eos
1083 2202 1116 2231 ad
1128 2213 1201 2241 spem
1215 2203 1416 2232 resurrectionis
1428 2204 1577 2235 adduxerat
1591 2220 1596 2236 ι
1612 2215 1637 2237 et

70 2250 104 2280 ad
117 2257 219 2279 tantam
233 2261 276 2279 eos
290 2250 497 2278 satisfactionem
512 2249 649 2289 petduxit‚
664 2257 693 2278 ut
707 2251 786 2279 ctiam
801 2250 953 2278 inteiimere
967 2260 1028 2278 suos
1041 2249 1134 2278 filios
1122 2249 1202 2288 jussi,
1219 2260 1253 2278 ex
1270 2250 1368 2288 quibus
1383 2251 1524 2290 sperabant
1539 2255 1637 2293 repleri

70 2297 212 2335 mundum,
221 2304 330 2337 propter
340 2307 401 2326 eum
414 2298 550 2326 osten-ent
565 2298 615 2326 Hic
627 2298 707 2327 etiam
720 2298 793 2327 aliud
807 2297 943 2327 ostendit
937 2308 963 2326 in
980 2307 1010 2326 eo
1025 2296 1096 2335 quod
1107 2296 1202 2325 dixit:
1221 2298 1364 2326 Tentabat
1380 2299 1459 2327 Dens
1469 2300 1636 2331 Athalzam

68 2344 145 2380 Quid
156 2354 235 2383 ergo:
228 2343 392 2383 ”ignorabat
402 2345 487 2381 Deus,
503 2344 567 2382 quia
580 2344 656 2373 fultis
670 2351 726 2373 ciat
740 2344 783 2372 ille
797 2345 839 2373 vir
851 2351 876 2373 et
889 2343 1061 2384 probabilis?
1075 2354 1157 2381 quare
1168 2353 1231 2382 ergo
1243 2354 1302 2371 cum
1315 2350 1367 2372 tent
1370 2344 1448 2373 ;.11);ιῑ
1442 2345 1454 2365 9
1467 2346 1526 2374 Νοῃ
1539 2354 1565 2376 ut
1581 2347 1637 2386 ipse

69 2398 246 2432 cognosceret,
265 2391 312 2420 sed
331 2398 359 2420 ut
373 2391 433 2420 aliis
452 2391 656 2427 demonstraret,
677 2399 703 2421 et
721 2392 888 2421 manifestam
902 2392 960 2431 ejus
978 2391 1162 2419 fortitudinem
1179 2390 1351 2419 constitueret
1373 2391 1512 2421 universis.
1539 2395 1570 2423 In
1587 2395 1637 2424 hoc

70 2440 128 2469 loco
139 2439 219 2468 etiam
231 2438 346 2468 ostendit
360 2449 468 2468 causam
485 2439 672 2476 tentationum,
688 2450 720 2468 ne
732 2446 856 2479 putarent
870 2446 1006 2477 tamquam
1023 2437 1143 2467 derelicti
1155 2448 1169 2465 a
1182 2438 1238 2466 Deo
1249 2437 1294 2465 illa
1305 2448 1332 2466 se
1345 2439 1458 2477 perpeti.
1474 2440 1552 2469 Nunc
1566 2442 1636 2471 enim

72 2496 175 2516 necesse
189 2493 227 2516 est
242 2486 337 2515 tentari
352 2509 359 2523 ,
375 2494 483 2526 propter
500 2487 573 2524 quod
587 2487 665 2516 multi
682 2494 743 2516 sunt
759 2494 974 2527 persequutores,
992 2486 1069 2514 multi
1085 2484 1254 2514 insidiatores
1271 2497 1276 2512 z
1295 2492 1358 2513 tunc
1371 2493 1460 2514 autem
1474 2498 1532 2525 quoe
1546 2499 1636 2518 neces-

74 2532 136 2562 sitas
150 2533 227 2562 erat?
244 2540 268 2562 et
284 2540 369 2562 tamen
386 2544 437 2562 non
455 2533 621 2562 exstantibus
638 2534 827 2563 tentationibus
843 2534 901 2562 aliae
917 2533 1169 2562 adinveniebamur.
1187 2532 1220 2560 Et
1235 2532 1284 2560 ista
1300 2531 1408 2570 quidem
1426 2533 1535 2563 tentatio
1549 2537 1637 2564 mani-

75 2580 139 2608 festa
154 2580 214 2618 suit,
229 2580 355 2619 quoniam
375 2581 430 2609 Deo
450 2580 619 2619 praecipiente
634 2581 655 2609 ei
674 2581 740 2610 sacta
755 2588 792 2610 est
809 2594 813 2610 ε
832 2581 889 2610 alia·
908 2591 969 2612 vcro
985 2579 1140 2609 tentationes
1156 2578 1213 2618 ipso
1227 2579 1396 2617 permittente
1410 2579 1577 2617 eveniebant,
1590 2582 1639 2612 ista

68 1971 141 2000 misit
166 1982 173 1999 ι
