1906 2846
136 1318 167 1338 13<
179 1319 247 1339 Scrm.

108 1349 130 1369 in
146 1350 239 1370 stamas.

107 1782 140 1802 Ῐῗ(
155 1782 237 1809 lnterp.

107 1813 187 1834 l'salni.
198 1813 247 1842 llio.

274 147 343 180 336
588 160 616 181 s.
640 159 777 181 Jom'MS
803 159 983 181 ctmx'sos'r.

272 220 403 257 gcllarcs?
428 229 513 247 noune
540 221 679 248 tormentis
704 220 848 248 afficeres?
877 227 903 248 ct
931 227 1019 248 tumen

271 264 374 291 nullum
390 264 521 301 flagitium
539 264 682 292 commisit.
701 265 771 293 Satis
786 271 823 292 est
847 265 929 303 igitur
946 265 1009 293 mali

271 310 320 337 lioe
345 310 448 347 ipsum,
470 309 536 337 nihil
557 310 648 338 secisse
672 310 745 338 boni.
768 311 808 339 Sit
829 310 910 338 ctiam
932 311 1008 338 nobis

269 355 385 392 agricola
409 354 523 392 aliquis,
548 355 594 393 qui
615 356 683 384 nihil
707 356 741 384 de
766 357 863 384 nostris
877 356 1006 395 dissipet,

269 411 353 438 neque
372 400 434 428 dolo
456 408 517 438 egat
531 423 538 434 ,
560 412 644 439 neque
665 402 830 438 sulfur-etur,
849 402 935 430 solum
961 413 1007 430 au-

269 453 320 474 tem
334 446 489 484 compressis
502 447 625 474 manibus
641 447 714 475 domi
729 447 816 476 sedeat
827 470 834 483 ‚
859 459 942 486 neque
964 459 1007 477 se-

269 492 339 519 mina
358 499 483 530 spargat,
501 503 584 530 neque
603 503 663 521 rura
679 493 850 531 proscindat,
866 504 949 531 neque
965 494 1008 522 vi<

269 544 320 565 tem
335 537 419 568 colat.
442 548 526 575 neque
539 538 613 565 aliud
629 538 777 576 quidquam
799 539 868 567 circa
886 540 1006 577 agricul-

267 590 355 612 turam
374 584 488 612 efficiat:
504 595 589 613 nonne
604 586 683 613 talem
697 585 781 623 poenis
794 586 1007 624 persequemur?

266 637 291 658 ct
307 637 392 658 tamen
408 630 482 659 nulla
505 642 551 659 nos
572 631 669 669 injuria
692 631 796 664 affecit,
815 642 861 659 nce
879 632 1007 660 habemus

267 675 356 714 inquo
376 687 499 704 accusare
518 688 578 705 eum
601 677 744 716 possimus.
757 678 862 706 Verum
876 678 928 706 hoc
950 678 1006 717 ipso

266 721 392 760 injuriam
407 722 505 752 intulit.
520 723 554 751 Et
569 729 660 751 nostro
679 723 787 760 quidem
806 724 832 751 in
849 734 958 762 corpore
973 724 1007 752 sit

266 777 359 795 manus
369 779 427 806 quae
439 775 515 807 caput
530 778 580 796 non
596 768 686 803 scrisit,
703 779 788 806 neque
800 769 940 798 exscindet
956 769 1006 798 Iin-

265 823 363 850 guam,
379 824 461 851 neque
482 814 573 842 oculos
594 814 710 849 evellat,
728 825 812 853 neque
837 815 911 844 aliud
931 816 1005 854 ejus-

265 858 337 886 modi
362 859 428 897 quid
455 859 517 887 mali
542 859 638 896 saciat;
661 862 743 890 otiosa
770 868 874 890 maneat
899 862 1003 897 solum,

265 916 311 934 nec
334 906 374 934 sui
395 907 529 944 quidquid
548 915 587 936 est
610 909 711 945 oflicii,
736 909 784 937 toti
806 909 910 948 corpori
934 920 1003 948 prce-

263 959 328 980 stet:
347 964 431 981 nonne
451 954 606 983 abscindere
625 955 712 994 potius
732 955 817 994 ipsam
837 965 922 994 operae
945 966 1004 994 pre-

263 998 330 1027 tium
349 999 418 1036 erit,
441 1011 521 1037 quam
537 1000 648 1029 otiosam
667 1001 767 1039 totique
787 1001 892 1040 corpori
913 1011 1005 1029 nocen-

263 1051 315 1072 tem
330 1045 518 1074 circumferre?
534 1046 608 1081 Quid
622 1054 712 1075 autem
726 1057 754 1075 os
767 1070 774 1081 ,
788 1047 809 1075 si
823 1057 932 1074 manum
952 1057 1004 1074 non

261 1090 383 1118 absumat
396 1113 403 1126 ‚
414 1101 499 1129 neque
511 1092 630 1121 mordeat
646 1099 739 1131 pectus
749 1115 756 1128 ‚
770 1103 828 1130 qum
842 1103 903 1120 vero
923 1092 958 1121 ad
978 1103 1005 1121 se

261 1143 378 1174 spectant
391 1138 479 1165 omnia
494 1138 608 1167 omittat:
623 1149 708 1167 nonne
722 1138 790 1166 illud
803 1139 943 1172 occlusisse
954 1150 1004 1167 tne-

261 1182 313 1210 lius
326 1183 404 1211 fuerit
416 1184 428 1211 Ξ)
441 1183 469 1211 Si
490 1183 580 1222 itaque
604 1184 630 1212 in
653 1184 727 1219 istis,
751 1195 802 1212 non
825 1184 911 1212 solum
938 1184 1002 1212 mali

260 1228 329 1256 niliil
353 1229 465 1265 fecisse,
482 1229 526 1258 sed
552 1230 632 1258 ctiam
658 1231 728 1258 bona
747 1230 868 1259 omisisse
893 1230 1002 1269 grandis

260 1273 357 1312 injuria
382 1282 520 1303 censetur:
535 1276 620 1304 multo
643 1276 728 1313 magis
753 1277 779 1304 in
805 1276 1001 1315 spiritualibus.

260 1320 370 1348 Utinam
398 1320 457 1348 fieri
484 1328 589 1359 posset,
614 1332 655 1350 me
683 1332 732 1360 pro
759 1322 834 1350 vobis
859 1332 914 1350 rem
935 1322 1001 1351 bene

260 1376 368 1403 gerere,
395 1377 442 1395 vos
471 1374 561 1395 autem
582 1367 648 1395 bene
672 1374 750 1405 gestae
774 1367 883 1406 prcemia
911 1368 998 1401 serre,

260 1422 308 1439 nec
319 1422 367 1450 ego
382 1423 512 1450 umquam
535 1420 588 1441 tam
611 1414 737 1442 molestus
752 1424 845 1442 essem,
858 1413 998 1447 Quemad-

259 1458 369 1486 modum
387 1460 458 1487 enim
478 1466 561 1488 mater
580 1460 646 1488 febri
668 1460 834 1488 laborantem
849 1461 936 1488 filium
956 1462 1000 1489 vi-

259 1504 325 1533 dens
336 1527 343 1540 ‚
359 1505 435 1543 eique
456 1505 555 1533 dolenti
574 1513 598 1533 et
617 1505 720 1534 ardenti
736 1506 845 1534 adstans
856 1528 864 1542 ,
879 1507 1001 1544 frequen-

262 1558 300 1579 ter
319 1552 466 1580 lamentans
482 1552 587 1589 inquit:
605 1552 714 1580 Utinam
730 1552 797 1580 mihi
808 1575 815 1588 ,
832 1552 888 1587 lili,
904 1552 1001 1580 febrim

259 1605 332 1625 tuam
344 1598 476 1636 suscipere
488 1597 575 1632 liceat,
591 1604 615 1624 et
628 1598 654 1625 in
671 1597 799 1636 meipsam
812 1597 879 1625 lianc
892 1598 1001 1626 haurire

258 1644 392 1672 flammam
407 1656 412 1671 ε
428 1644 466 1672 sic
480 1645 559 1672 etiam
573 1653 621 1681 ego
638 1644 698 1672 dico
709 1666 716 1679 ,
735 1644 846 1671 Utinam
864 1643 920 1671 lieri
937 1654 1001 1682 pos-

259 1696 313 1724 set,
333 1697 361 1717 ut
382 1701 430 1729 pro
455 1690 530 1718 vobis
552 1689 697 1720 laborando
722 1700 776 1717 rem
801 1700 906 1717 omnem
933 1689 1000 1718 bene

259 1745 348 1772 gerere
374 1736 499 1765 valerem.
523 1736 576 1765 Sed
600 1747 651 1764 non
674 1736 734 1764 licet
756 1735 825 1771 hoc,
846 1746 897 1763 non
924 1735 996 1764 licet.

261 1782 392 1817 Quocirca
417 1782 439 1810 si
462 1784 521 1820 quis
545 1782 610 1810 alios
626 1792 731 1820 quoque
745 1782 878 1820 corrigere
890 1781 995 1820 possit,

259 1828 313 1857 illis
337 1839 392 1857 sese
414 1828 581 1868 potissimum
605 1828 752 1867 adjungat,
768 1829 813 1866 qui
832 1828 997 1857 curationem

258 1881 319 1902 sunt
348 1874 511 1912 admissuri,
539 1884 636 1912 eosque
663 1874 784 1902 meliores
813 1874 933 1902 efficiat:
950 1873 997 1912 qui

257 1931 320 1948 vero
334 1920 467 1949 infirmior
481 1927 518 1949 est
529 1943 536 1956 ,
549 1920 634 1959 fugiat
648 1920 785 1959 improbos
795 1943 802 1956 ,
819 1931 851 1948 ne
876 1919 997 1948 eamdem

255 1966 289 1994 ab
302 1965 366 2005 ipsis
379 1966 523 2005 perniciem
539 1967 635 2005 capiat.
652 1966 696 1995 Sic
715 1966 786 1994 enim
801 1973 824 1994 et
838 1973 997 2005 praesentem

255 2011 338 2040 vitam
357 2022 448 2040 secure
467 2012 604 2050 transige-t,
619 2018 644 2040 et
658 2012 747 2040 futura
767 2012 836 2039 bona
851 2022 995 2049 conseque-

255 2064 320 2085 tur:
343 2068 402 2095 quae
424 2068 514 2085 omues
535 2068 581 2085 nos
604 2057 728 2095 consequi
753 2057 912 2096 contingat,
936 2067 996 2095 gra—

256 2103 291 2132 tia
313 2111 338 2131 et
362 2103 527 2141 benignitate
546 2103 657 2132 Domini
678 2103 759 2132 nostri
783 2105 846 2133 Jesu
870 2103 994 2138 Christi,

255 2159 316 2177 cum
339 2160 391 2188 quo
412 2150 484 2178 Patri
510 2149 590 2178 simul
608 2157 633 2178 et
657 2150 771 2189 Spiritui
786 2157 875 2179 sancto
890 2149 974 2188 gloria
990 2171 997 2183 ,

257 2206 325 2224 nunc
339 2203 362 2225 et
382 2207 499 2236 semper,
514 2203 539 2225 et
555 2196 581 2225 in
597 2197 693 2226 szeeula
713 2196 883 2225 saeculorum.
901 2198 999 2224 Amen.

1015 160 1168 184 Attctttlw.

1199 163 1260 185 CON
1267 164 1467 186 STANTINOP.

1065 233 1106 249 νον
1122 222 1151 250 τὸ
1166 224 1245 252 κακόν
1259 235 1284 252 τι
1299 225 1336 262 μὴ
1357 225 1468 264 πρᾶξαι,
1484 226 1552 255 ἀλλὰ
1565 226 1609 255 καὶ
1624 229 1640 262 ἡ
1659 230 1711 256 τῶν
1724 229 1828 266 ἀγαθῶν

1065 274 1177 315 ἔλλειψις
1190 277 1276 306 ἀδικία
1292 278 1404 316 μεγάλη,
1416 280 1505 317 πολλῷ
1521 280 1619 316 μᾶλλον
1634 280 1677 308 ἐπὶ
1689 283 1740 309 τῶν
1753 292 1828 309 πνευ-

1019 311 1054 328 632

1029 339 1047 359 Λ
1065 332 1194 365 ματικῶν.
1212 330 1274 358 1ἐῖοε
1297 330 1343 368 μὲν
1358 331 1408 369 γὰρ
1424 331 1530 360 δυνατὸν
1550 327 1581 366 ἦν
1602 332 1667 370 ὑπὲρ
1688 334 1761 370 ὑμῶν
1781 333 1827 370 ἐμὲ

1063 383 1214 419 κατορθοῦν,
1234 382 1323 410 καὶτὰ
1340 382 1442 411 ἔπαθλα
1457 385 1523 420 ὑμᾶς
1545 383 1688 421 λαμὸοίνειν
1707 386 1758 412 τῶν
1780 396 1828 412 κα-

1062 432 1250 469 τορθωμάτων,
1262 433 1306 461 καὶ
1318 435 1365 462 οὐκ
1380 434 1410 462 ἂν
1422 439 1542 463 τοσοῦτον
1553 435 1706 473 ἠνώχλησα.
1719 434 1827 474 εὨσπερ

1062 482 1113 521 γὰρ
1124 484 1211 522 μήτηρ
1220 487 1308 524 δρῶσα
1321 487 1423 515 παιδίον
1432 486 1735 526 πυρέττον,παρεστῶσα
1750 488 1832 525 ἀχθο-

1064 534 1134 574 μένῳ
1155 535 1200 563 mil
1225 536 1367 576 καιομένῳ,
1380 541 1509 577 θρηνοῦσα
1536 538 1663 570 πολλάκις
1677 533 1757 566 εἶπεν·
1776 538 1828 566 εἴθε

1064 598 1108 623 μοι
1127 587 1235 616 δυνατὸν
1258 584 1289 622 ἦν
1302 611 1309 624 ,
1329 589 1418 618 τέκνον
1432 612 1439 625 ,
1460 590 1503 618 τὸν
1524 590 1633 629 πυρετὸν
1656 589 1832 622 ἀναδέξασθαι

1062 639 1105 668 τὸν
1119 640 1174 673 σὸν,
1191 639 1236 668 καὶ
1257 641 1298 668 ἐπ’
1318 640 1433 678 ἐμαυτὴν
1456 641 1563 670 ἑλκύσαι
1580 641 1627 676 τὴν
1643 640 1736 680 φλόγα·
1759 640 1827 669 οὕτω

1061 691 1135 729 κάγὼ
1157 691 1240 730 λέγω,
1266 692 1317 721 εἴθε
1341 693 1446 722 δυνατὸν
1470 689 1501 728 ἦν
1524 693 1570 731 ἐμὲ
1594 693 1741 722 πονέσαντα
1760 691 1827 731 ὑπὲρ

1061 744 1133 780 ὑμῶν
1162 746 1325 783 κατορθῶσαι
1347 745 1462 774 πάντων.
1486 745 1562 775 Ἀλλ’
1586 746 1632 775 οὐκ
1654 745 1708 775 ἔστι
1737 748 1825 778 τοῦτο,

1061 796 1106 822 οὐκ
1122 795 1203 823 ἔστιν.
1222 795 1256 824 Ὁ
1275 796 1360 825 τοίνυν
1377 797 1518 834 δυνάμενος
1537 797 1582 826 καὶ
1597 797 1699 836 ἑτέρους
1714 797 1826 835 διορθῶ-

1061 858 1113 882 σαι,
1127 848 1259 885 μιγνύσθω
1274 853 1327 880 τοῖς
1343 849 1465 886 μέλλουσι
1481 849 1602 887 δέχεσθαι
1617 849 1664 884 τὴν
1676 847 1826 887 θεραπείαν,

1023 919 1040 941 ¹3
1060 899 1104 928 καὶ
1117 899 1224 928 ποιείτω
1241 900 1365 938 βελτίους·
1380 902 1393 928 ὁ
1415 900 1441 929 δὲ
1457 900 1614 939 ἀτονώτερος
1628 899 1663 928 ὧν
1680 922 1688 936 ,
1708 899 1825 938 φευγέτω

1060 950 1118 983 τοὺς
1132 951 1268 990 πονηροὺς,
1290 952 1357 981 ὥστε
1378 952 1414 990 μὴ
1434 953 1482 987 τὴν
1494 954 1557 990 παρ’
1574 951 1680 980 ἐκείνων
1699 951 1822 990 δέχεσθαι

1060 1002 1159 1040 λύμην’
1175 1003 1242 1032 οὕτω
1255 1003 1305 1043 γὰρ
1320 1004 1365 1032 καὶ
1378 1004 1422 1032 τὸν
1436 1004 1554 1043 παρόντα
1570 1003 1695 1042 βιώσεται
1709 1003 1764 1041 βίον
1778 1015 1823 1040 με-

1059 1055 1092 1083 τὰ
1107 1056 1248 1094 ἀσφαλείας
1260 1077 1267 1090 ,
1282 1056 1327 1084 καὶ
1346 1059 1397 1084 τῶν
1411 1055 1558 1093 μελλόντων
1576 1055 1736 1088 ε’πιτεύξεται
1759 1056 1824 1092 ἀγα-

1060 1109 1110 1135 θῶν
1121 1119 1127 1124 ·
1142 1102 1177 1135 ὧν
1192 1107 1292 1145 γένοιτο
1311 1108 1412 1140 πάντας
1427 1110 1498 1145 ἡμᾶς
1513 1109 1656 1146 ἐπιτυχεῖν,
1670 1106 1760 1145 χάριτι
1778 1106 1824 1134 καὶ

1059 1159 1241 1198 φιλανθρωπία
1257 1162 1302 1187 τοῦ
1318 1159 1413 1198 Κυρίου
1424 1161 1499 1196 ἡμῶν
1515 1161 1604 1194 Ἰησοῦ
1619 1159 1732 1196 Χριστοῦ
1744 1179 1751 1193 ‚
1766 1159 1822 1195 μεθ’

1059 1206 1087 1237 οἷ
1106 1212 1142 1248 τῷ
1162 1211 1248 1248 Πατρὶ
1261 1213 1276 1244 ἡ
1290 1210 1351 1243 δόξα
1362 1210 1418 1247 ἅμα
1430 1212 1468 1249 τῷ
1483 1210 1549 1248 ἁγίῳ
1561 1210 1706 1247 Πνεύματι,
1722 1212 1766 1238 νῦν
1779 1210 1823 1238 καὶ

1058 1262 1114 1297 ἀεὶ,
1138 1262 1182 1290 καί
1202 1264 1237 1294 εἷς
1254 1262 1313 1294 τοὺς
1335 1263 1429 1294 αἰῶνας
1444 1263 1495 1289 τῶν
1514 1261 1624 1290 αἰώνων.
1646 1261 1742 1299 Ἀμήν.
