1906 2846
106 251 185 279 Inui).
209 256 225 270 ιΔ

105 1015 233 1042 Gi1l.4.19

257 166 321 198 310
595 175 622 195 S.
653 173 790 195 Joxxxis
817 172 996 194 Ctttu‘sosl'.

256 248 336 275 quam
359 243 385 265 ut
404 237 471 275 posit
492 235 602 263 iuveniri
615 234 739 262 solatium
752 244 758 266 ;
772 232 908 271 periimus.
923 233 993 268 Quis

256 285 335 311 dabit
355 285 444 320 castili
460 292 521 309 meo
541 290 659 318 aquam,
680 285 705 306 et
726 279 817 306 oculis
834 278 992 316 meissen-

256 337 309 357 !em
326 330 523 363 latur-rutarum
534 347 540 357 ,
557 332 583 352 ιιι
599 324 750 352 lamentor?
773 324 905 359 Fleamus,
917 334 932 351 o
947 322 993 350 di·
1010 330 1028 352 C

257 374 330 404 lecti„
350 374 473 403 fleamus,
489 370 701 407 ingemiscamus.
718 369 785 397 Sunt
807 368 916 395 sortasse
930 367 991 405 qui-

254 419 314 445 dam
336 417 381 454 qui
401 416 493 444 dicunt
514 427 519 442 ε
542 415 615 443 Nihil
635 414 710 442 aliud
732 413 808 441 nobis
829 413 895 441 dicit
913 423 992 450 quam

254 461 467 495 lamentationes,
480 460 548 488 nihil
570 459 645 487 aliud
662 469 742 497 quam
763 459 852 486 fletus.
869 458 992 492 Nollem,

253 506 359 541 credite,
372 506 481 539 nollem,
498 504 543 533 scil
564 504 654 532 laudes
670 503 791 542 persequi
806 509 831 531 et
851 503 968 530 encomia
984 514 990 538 ;

253 563 322 580 nunc
342 559 430 580 autem
445 559 482 579 est
499 551 595 579 horum
611 557 724 588 tempus.
744 550 801 577 Non
815 555 853 577 est
868 559 949 587 grave
960 572 966 585 ,
977 560 993 577 ο

251 598 356 633 dilecti,
370 597 526 631 lamentari,
540 596 585 624 sed
600 596 684 623 facere
698 605 757 632 quae
775 601 835 623 sunt
851 594 933 633 digna
950 594 993 622 la-

254 643 459 671 mentationibus
481 654 486 668 :
505 652 555 669 non
576 647 613 668 est
627 639 803 668 aversandum
823 639 930 673 deflere,
947 639 994 667 sed

253 700 283 717 ea
305 699 382 727 agere
405 699 463 725 qum
487 694 549 715 sunt
564 686 645 724 digna
664 685 779 714 fletibus.
795 686 834 714 Ne
854 685 973 724 puniaris
985 708 991 720 ,

253 741 277 762 et
295 744 347 762 non
361 734 438 771 lugeo
455 745 461 766 ς
477 743 509 760 ne
524 731 662 768 moriaris,
675 738 700 759 et
720 741 772 759 non
789 731 881 760 defleo.
895 731 947 760 Sed
971 730 993 759 si
1010 738 1029 760 D

253 790 348 818 corpus
364 778 471 816 quidem
485 778 556 817 jacet
571 784 717 812 mortuum,
728 787 819 806 omnes
832 777 948 806 hortaris
964 784 994 805 ut

253 824 499 859 commisereantur,
516 830 541 851 et
555 834 599 851 eos
613 822 659 861 qui
673 832 726 851 non
740 822 830 861 lugent
844 833 922 851 vocas
939 822 993 851 im-

253 869 436 898 misericordes
458 881 463 896 :
483 876 609 908 percunte
629 875 717 897 autem
738 868 826 896 anima
842 868 922 907 jubes
942 878 994 896 non

253 915 343 953 lugere
357 915 370 943 Ρ
384 915 436 943 Sed
453 925 504 943 non
519 925 628 954 possum
642 925 697 942 esse
708 921 782 953 pater
796 914 818 942 si
832 924 884 942 non
899 913 976 943 fleam
988 925 993 941 :

252 967 326 999 pater
346 971 406 989 sum
423 970 514 988 amans
534 966 559 988 et
572 959 726 989 benevolus.
743 959 841 988 Audite
860 958 994 997 quomodo

255 1006 350 1035 clamet
365 1007 482 1042 Paulus,
499 1006 603 1034 Filioli
614 1028 621 1041 ,
637 1015 708 1044 quos
727 1007 832 1033 iterum
851 1007 993 1043 parturis).

253 1053 382 1088 Quaenam
390 1058 473 1081 mater
484 1051 633 1090 parturiens
644 1061 718 1089 aeque
729 1051 836 1079 acerbas
846 1061 922 1079 voces
932 1050 993 1078 mit-

251 1098 281 1126 tit
290 1105 369 1136 atquc
380 1098 444 1126 ille?
451 1097 561 1126 Utinam
572 1096 663 1124 liceret
671 1095 762 1124 videre
772 1095 860 1134 ipsum
870 1094 992 1124 ardorem

251 1143 357 1180 mentis,
373 1149 398 1171 et
412 1141 519 1171 videres
529 1141 601 1179 quod
620 1141 705 1179 magis
718 1151 782 1169 uror
796 1151 877 1178 quam
889 1141 991 1178 quaevis
1011 1149 1029 1170 Λ

251 1189 358 1223 mulier,
373 1195 398 1216 et
414 1187 518 1226 quaevis
536 1187 624 1225 puella
640 1197 698 1224 quoe
711 1186 853 1214 immatura
866 1197 943 1225 passa
954 1193 993 1215 est

251 1233 420 1262 viduitatem.
431 1234 490 1262 Non
501 1232 537 1260 ita
551 1232 624 1271 luget
638 1232 685 1260 illa
697 1243 777 1261 suum
789 1232 928 1269 maritum,
942 1243 991 1261 ne-

253 1290 304 1318 que
322 1287 396 1319 pater
417 1279 516 1315 filium,
535 1284 563 1306 ut
577 1288 625 1316 ego
639 1278 709 1306 hanc
726 1289 784 1316 quae
797 1284 834 1306 est
856 1277 928 1316 apud
943 1288 990 1306 nos

253 1325 461 1354 multitudinem.
469 1324 580 1353 Nullum
592 1323 669 1353 video
681 1324 839 1362 profectum,
847 1330 992 1352 vertuntur

253 1372 342 1401 omnia
353 1372 380 1400 in
393 1371 538 1400 calumnias
546 1377 571 1399 et
581 1370 777 1399 criminationes
792 1381 797 1396 z
810 1369 900 1397 nullus
912 1379 991 1397 suum

252 1419 327 1447 ducit
337 1429 390 1447 esse
404 1418 523 1447 officium
535 1425 563 1446 ut
574 1419 630 1445 Deo
642 1418 757 1456 placeat;
769 1416 814 1444 sed
825 1415 859 1444 de
872 1415 923 1443 hoc
933 1438 940 1451 ,
953 1416 993 1444 in-

253 1465 322 1502 quit,
333 1464 399 1493 etde
412 1464 457 1492 illo
469 1464 537 1492 male
546 1463 666 1491 dicamus
681 1474 686 1489 z
700 1462 745 1490 ille
759 1468 796 1490 est
807 1461 934 1499 indignus
947 1461 993 1498 qui

252 1510 288 1538 sit
307 1510 432 1544 clericus,
450 1509 494 1537 hic
509 1510 621 1547 turpiter
632 1508 702 1536 vivit
716 1514 741 1535 et
755 1507 901 1535 inhoneste.
926 1506 994 1534 Cum

251 1556 407 1585 deberemus
427 1556 497 1584 mala
518 1563 606 1584 nostra
625 1555 725 1592 lugere,
740 1553 806 1582 alios
822 1553 989 1591 judicamus,

253 1612 313 1630 cum
332 1612 378 1630 nec
399 1601 506 1639 quando
523 1600 616 1629 mundi
638 1610 730 1628 sumus
748 1610 761 1627 a
776 1598 889 1638 peccatis
910 1598 994 1627 debe-

286 1701 295 1711 ³
315 1693 323 1723 [
339 1693 408 1716 Foss-
422 1697 555 1724 κακηγορίκς
570 1693 576 1722 l

1029 173 1182 195 Ancum-lv.

1002 1121 1037 1140 21³
1047 1100 1063 1132 ἡ

1213 174 1464 198 (ΣΟΝΞΤᾹΝΊῚΝΟΡ
1473 191 1478 197 .

1048 234 1134 269 πητοὶ,
1151 235 1314 272 κλαύσιιιμεν,
1326 235 1496 272 στενάξωμεν.
1522 236 1602 275 Τάχα
1618 238 1682 269 τινές
1696 239 1759 265 εἰσιν
1775 239 1812 266 iv<

1047 282 1128 307 ταῧΟα
1139 279 1266 318 λέγοντες,
1282 280 1367 309 πάντα
1383 280 1490 319 Ορῆνους
1503 283 1566 318 ἡμῖν
1577 281 1656 319 λέγει,
1668 282 1754 310 πάντα
1770 283 1813 310 δά-

1047 336 1122 363 κρυα.
1140 327 1197 353 Οὐκ
1219 325 1363 363 ἐῧουλόμην
1375 348 1383 360 ‚
1407 326 1582 361 πιστεύσατε,
1598 328 1643 354 οὐκ
1659 327 1813 364 ἐὸουλόμην,

1048 371 1105 398 ἀλλ’
1122 371 1241 408 ἐγκώμια
1256 371 1300 399 καὶ
1315 371 1435 404 ἐπαίνους
1451 371 1585 404 διεξιέναι“
1608 372 1662 399 νυνὶ
1679 372 1705 400 δὲ
1717 373 1813 401 τούτων

1046 417 1059 443 ὁ
1074 416 1172 454 καιρός.
1184 418 1223 445 Οὔ
1238 416 1268 444 τὸ
1284 419 1396 454 Ορηνεῖν,
1411 417 1543 454 ἀγαπητοὶ
1553 417 1696 456 ,χαλεπὸν,
1706 417 1773 445 ἀλλὰ
1785 418 1814 445 τὸ

1048 461 1148 499 Ορήνων
1171 461 1231 494 ἄξια
1255 465 1351 490 ποιεῖν·
1376 463 1404 490 οὐ
1427 462 1456 490 τὸ
1476 461 1612 499 ὀδύρεσθαι
1627 461 1815 500 ἀποτρόπαιον,

1048 506 1115 534 ἀλλὰ
1137 507 1166 535 τὸ
1190 506 1222 535 τὰ
1242 508 1363 546 ὀδυρμῶν
1383 506 1442 539 ἄξια
1462 507 1596 545 πράττειν.
1618 506 1662 541 Μὴ
1676 508 1816 545 κολασΟῇς,

1048 552 1091 579 καὶ
1106 553 1133 580 οὓ
1149 554 1248 580 πενθῶ·
1268 551 1304 590 μὴ
1320 552 1465 590 ἀποθάνῃς,
1479 552 1524 580 καὶ
1539 554 1567 580 οὐ
1580 552 1672 581 κλαίω.
1688 552 1756 581 Ἀλλ’
1770 552 1814 581 ἐὰν

1048 596 1096 634 μὲν
1106 597 1135 626 τὸ
1143 599 1220 635 σῶμα
1229 597 1322 632 κέηται
1331 597 1431 636 νεκρὸν,
1441 597 1541 630 πάντας
1550 598 1711 636 παρακαλεῖς
1725 599 1816 626 ⁶1)va-

1047 646 1112 680 γεὶν,
1136 643 1180 671 καὶ
1203 645 1366 680 ἀσυμπαθεῖς
1388 645 1439 681 ἡγῇ
1453 642 1512 675 τοὺς
1527 643 1563 680 μὴ
1583 645 1753 675 πενθοῦντας·
1770 644 1817 677 τῆς

1048 687 1074 716 δὲ
1088 689 1174 726 ψυχῆς
1188 688 1388 725 ἀπολλυμένης,
1412 687 1495 726 λέγεις
1513 687 1550 726 μὴ
1566 691 1685 725 πενθεῖν,
1704 688 1773 717 Ἀλλ’
1788 690 1817 718 οὗ

1048 733 1159 771 δύναμαι
1173 733 1262 773 πατὴρ
1277 729 1342 762 εἶναι
1359 733 1395 771 μὴ
1414 734 1533 772 δακρύων
1543 746 1549 751 ·
1564 734 1653 773 πατήρ
1668 735 1723 772 εἶμι
1738 735 1815 774 φιλό-

1049 790 1166 817 στοργος.
1191 778 1308 807 Ἀκούετε
1333 775 1375 807 οἷα
1398 781 1447 818 βοᾷ
1466 781 1479 807 ὁ
1499 780 1618 811 Παῦλος·
1636 779 1735 808 Τεκνία
1756 791 1816 818 μου,

1048 824 1091 857 οὒς
1110 825 1189 853 πάλιν
1209 824 1304 852 ὠδίνω.
1335 825 1405 853 Ποία
1421 824 1509 863 μήτηρ
1522 824 1620 854 κύουσα
1635 825 1704 853 οὕτω
1721 825 1817 865 πικρὰς

1049 870 1141 908 ἀφίησι
1159 869 1260 909 φωνὰς,
1276 872 1310 902 ὡς
1326 871 1440 905 ἐκεῖνος
1456 869 1518 898 Εἴθε
1532 872 1591 904 ἐνῆν
1607 870 1654 905 τὴν
1668 870 1753 910 πυρὰν
1770 872 1818 899 αὖ-

1048 915 1095 950 τὴν
1112 918 1158 950 τ’ῆς
1172 915 1285 948 διανοίας
1298 915 1370 951 ἰδεῖν,
1384 915 1427 943 καὶ
1443 911 1508 947 εἶδες
1523 915 1562 949 ἂν,
1575 915 1615 943 ὅτι
1625 915 1712 951 πάσης
1726 928 1816 954 γυναι-

1048 961 1091 993 κὸς
1106 961 1150 989 καὶ
1169 960 1247 999 κόρης
1261 960 1371 1000 χηρείαν
1388 960 1470 998 ἄωρον
1487 960 1639 996 ὑποστάσης
1652 961 1731 990 πλέον
1745 961 1818 991 καίο-

1049 1019 1105 1044 μαι.
1128 1008 1189 1045 Οὐχ
1203 1006 1283 1039 οὕτως
1298 1006 1383 1040 ἐκείνη
1401 1006 1443 1035 τὸν
1459 1005 1541 1044 ἄνδρα
1553 1009 1642 1034 πενθεῖ
1655 1006 1698 1034 τὸν
1713 1008 1817 1042 ἑαυτῆς,

1048 1051 1104 1080 οὐδὲ
1125 1051 1214 1089 μήτηρ
1236 1051 1300 1087 υἱὸν,
1321 1053 1356 1083 ὡς
1377 1050 1428 1088 ἐγὼ
1450 1051 1479 1079 τὸ
1500 1052 1598 1086 πλῆθος
1617 1054 1694 1080 τοῦτο
1710 1052 1739 1080 τὸ
1753 1053 1816 1090 παρ’

1067 1101 1120 1135 μῑν.
1143 1096 1276 1133 Οὐδεμίαν
1297 1098 1350 1135 δρῶ
1368 1095 1514 1135 προκοπὴν,
1536 1096 1622 1124 πάντα
1640 1097 1676 1129 εἷς
1694 1097 1818 1130 διαὸολὰς

1047 1143 1092 1171 καὶ
1107 1146 1117 1158 ³
1127 1142 1298 1181 κατηγορίας·
1314 1141 1396 1174 οὐδεὶς
1410 1141 1483 1180 ἔργον
1502 1141 1601 1170 τίθεται
1616 1142 1737 1181 ἀρέσκειν
1752 1145 1815 1182 θεῷ·

1048 1188 1115 1217 ἀλλὰ
1130 1188 1173 1217 τὸν
1186 1189 1265 1223 δεῖνα,
1278 1188 1364 1226 φησὶν,
1379 1186 1492 1224 εἴπωμεν
1506 1189 1602 1221 κακῶς,
1615 1188 1660 1215 καὶ
1673 1188 1716 1216 τὸν
1728 1189 1800 1216 δεῖνα
1809 1199 1816 1206 ·

1047 1236 1060 1262 ὁ
1076 1234 1146 1262 δεῖνα
1168 1232 1270 1265 ἀνάξιος
1294 1235 1339 1261 τοῦ
1357 1231 1472 1270 κλήρου,
1491 1235 1504 1260 ὁ
1522 1233 1594 1259 δεῖνα
1615 1232 1734 1270 ἀσέμνως
1754 1235 1816 1270 βιοῖ.

1048 1279 1213 1317 Ὀφείλοντες
1227 1278 1260 1306 τὰ
1278 1277 1394 1316 ἡμέτερα
1411 1280 1513 1305 πενθεῖν
1526 1277 1606 1313 κακὰ,
1626 1278 1748 1316 κρίνομεν
1762 1278 1817 1308 ἑτέ-

1049 1337 1115 1363 ρους,
1128 1323 1185 1352 οὐδὲ
1198 1324 1240 1351 ὅτε
1250 1322 1361 1360 καθαροί
1373 1324 1450 1358 ἐσμεν
1462 1322 1661 1362 ἁμαρτημάτων
1673 1323 1817 1362 ὀφείλοντες

1047 1372 1122 1398 τοῦτο
1136 1373 1227 1397 ποιεῖν.
1248 1368 1297 1399 Τίς
1311 1367 1362 1407 γάρ
1377 1380 1405 1396 σε
1420 1367 1561 1407 διακρίνει,
1577 1368 1655 1407 φησί·
1671 1369 1697 1397 τί
1708 1368 1734 1397 δὲ
1749 1368 1818 1408 ἔχεις

1047 1416 1060 1444 ὃ
1075 1416 1121 1443 οὐκ
1136 1414 1244 1448 ἔλαῧεςς
1259 1415 1281 1442 εἷ
1303 1413 1329 1442 δὲ
1350 1414 1396 1442 καὶ
1414 1413 1520 1449 ἔλαὸες,
1534 1413 1560 1442 τί
1578 1418 1711 1453 καυχᾶσαι
1725 1416 1761 1446 ὡς
1779 1415 1816 1453 μὴ

1047 1459 1154 1496 >aet-SM
1170 1459 1208 1488 Σὺ
1222 1459 1248 1487 δὲ
1263 1459 1288 1487 τί
1302 1459 1397 1498 κρίνεις
1408 1459 1451 1487 τὸν
1467 1459 1577 1498 ἀδελφόν
1590 1471 1644 1495 σου,
1659 1459 1758 1498 μυρίων
1771 1463 1817 1488 αὖ-

1048 1506 1090 1538 τὸς
1104 1505 1192 1543 γέμων
1207 1507 1311 1541 κακῶν,
1325 1504 1411 1534 εΌταν
1424 1504 1514 1543 εἴπῃς,
1529 1507 1542 1533 ὁ
1555 1505 1625 1533 δεῖνα
1637 1505 1749 1544 πονηρός
1761 1507 1816 1534 ἐστι

1049 1551 1093 1580 καὶ
1104 1551 1208 1589 λυμεὼν
1223 1550 1267 1579 καὶ
1287 1550 1433 1589 μοχθηρὸς,
1448 1549 1568 1584 ἐννόησον
1581 1550 1689 1586 σαυτὸν,
1702 1550 1747 1578 καὶ
1758 1550 1813 1583 ἐξέ-

1048 1609 1127 1626 τασον
1142 1596 1257 1636 ἀκριέῶς
1279 1596 1312 1624 τὰ
1331 1598 1438 1631 σαυτοῦ,
1456 1596 1500 1624 καὶ
1520 1595 1701 1634 μεταμελήσει
1720 1608 1760 1625 σοι
1771 1596 1814 1625 ἐπὶ

668 1761 765 1789 MUTI
772 1760 843 1789 ANO
866 1760 1121 1789 SCHOLASTICO
1143 1758 1394 1787 INTERPRETE.

261 1857 338 1886 sunt,
355 1861 411 1887 quae
427 1860 473 1877 nos
490 1855 688 1887 occupaverunt
703 1861 708 1874 ε
722 1848 877 1886 perivimus.
895 1850 964 1885 Quis
987 1850 1069 1876 dabit
1084 1850 1173 1886 capiti
1188 1858 1250 1875 meo
1265 1858 1386 1885 aquam,
1403 1854 1429 1875 el
1450 1848 1541 1876 oculis
1558 1850 1628 1877 meis
1637 1849 1751 1888 fontem
1774 1850 1816 1878 la-

262 1907 445 1933 crymarum,
468 1902 497 1923 ut
516 1894 644 1933 lugeam?
667 1894 803 1922 Ploremus
825 1894 924 1933 igitur,
942 1894 1128 1931 dilectissimi,
1152 1894 1288 1932 ploremus
1312 1901 1336 1922 et
1357 1894 1570 1932 ingemiscamus.
1593 1895 1722 1923 Fortassis
1744 1896 1814 1924 enim

257 1950 318 1971 sunt
336 1943 378 1971 hic
395 1941 473 1970 modo
494 1941 577 1979 aliqui
591 1940 726 1976 dicentes,
741 1940 852 1978 Semper
871 1939 920 1968 iste
942 1939 1018 1968 nobis
1033 1940 1136 1968 luctum
1158 1939 1293 1975 nominat,
1307 1949 1410 1978 semper
1428 1939 1642 1977 lamentationes,
1656 1950 1759 1979 semper
1775 1941 1814 1968 la-

254 1999 367 2029 crymas.
381 1987 487 2016 Credite
502 1987 579 2021 mihi,
593 1986 691 2015 nollem
707 1986 816 2024 quidem
833 1986 900 2021 haec,
913 1985 960 2014 sed
974 1985 1175 2025 praedicationes
1190 1992 1291 2014 vestras
1303 1993 1328 2014 et
1342 1985 1433 2014 laudes
1445 1996 1599 2024 percurrere
1612 1997 1621 2023 ;
1637 1996 1708 2015 nunc
1723 1993 1814 2015 autem

254 2044 358 2075 tempus
379 2035 435 2064 haec
451 2034 562 2073 expetit.
577 2035 637 2063 Non
657 2034 814 2069 lamentari,
828 2033 1011 2069 dilectissimi,
1026 2033 1127 2061 malum
1147 2040 1197 2069 est,
1215 2032 1260 2061 sed
1281 2032 1515 2061 lamentationibus
1535 2032 1617 2071 digna
1634 2033 1719 2061 faeere
1738 2044 1813 2070 ;non

255 2083 402 2122 deploratio
421 2081 544 2111 evitanda
571 2087 626 2116 est,
649 2080 694 2109 sed
713 2080 897 2120 deploratione
916 2080 998 2118 digna
1020 2080 1105 2108 facere
1122 2091 1127 2107 ε
1145 2090 1198 2108 non
1218 2079 1332 2108 tradaris
1353 2079 1546 2118 suppliciis‚et
1567 2089 1619 2107 non
1640 2079 1741 2118 lugeo5
1761 2089 1813 2108 non

255 2130 385 2166 moriaris,
399 2136 425 2158 et
445 2139 496 2157 non
510 2128 630 2166 deploro.
652 2128 681 2156 Si
698 2128 769 2156 enim
789 2138 886 2166 corpus
901 2127 987 2166 jaceat
1004 2134 1139 2155 mortuum
1150 2149 1158 2161 ,
1176 2136 1266 2156 omnes
1288 2136 1429 2164 conrogas,
1450 2132 1480 2154 ut
1498 2132 1702 2164 congregentur,
1719 2133 1745 2155 et
1758 2127 1814 2155 sine

254 2176 433 2215 compassione
449 2181 554 2214 reputas
575 2174 620 2211 qui
640 2174 707 2202 sorte
728 2184 780 2202 non
799 2173 937 2201 luxerint:
951 2173 1038 2202 anima
1058 2183 1120 2203 vero
1140 2172 1231 2212 periit,
1244 2179 1269 2201 et
1285 2172 1364 2209 dicis,
1383 2173 1442 2200 Non
1466 2171 1646 2210 lugeas?Sed
1666 2182 1719 2201 non
1737 2172 1814 2201 valeo

253 2231 327 2263 pater
338 2234 403 2261 esse,
418 2230 443 2252 et
455 2233 507 2251 non
523 2221 667 2260 lacrymari
679 2233 685 2249 ι
696 2228 772 2260 pater
789 2231 848 2249 sum
864 2221 961 2248 affectu
976 2221 1047 2249 circa
1064 2231 1111 2249 vos
1122 2227 1147 2249 et
1160 2230 1250 2248 amore
1261 2220 1404 2248 confectus.
1417 2219 1516 2248 Audite
1529 2219 1620 2258 qualia
1632 2219 1729 2248 clamat
1740 2221 1811 2248 Pau-

254 2271 295 2299 lus
312 2283 317 2298 :
332 2270 436 2299 Filioli
455 2271 522 2304 mei,
541 2279 612 2308 quos
630 2271 733 2297 iterum
753 2269 895 2306 parturio.
918 2267 1011 2297 Veluti
1034 2274 1119 2296 mater
1136 2267 1300 2306 parturiens,
1320 2267 1357 2295 ita
1378 2277 1481 2295 amaras
1496 2276 1575 2296 voces
1597 2266 1696 2295 emittit
1715 2277 1721 2293 :
1743 2265 1813 2294 sicut

253 2317 323 2346 enim
339 2317 395 2353 illa,
409 2324 435 2345 et
448 2327 507 2355 ego.
527 2318 613 2354 Atque
625 2315 726 2344 utinam
740 2315 867 2353 possibile
882 2321 947 2343 esset
961 2315 1050 2354 ipsum
1064 2314 1278 2354 experimentum
1290 2314 1386 2342 mentis
1401 2313 1480 2343 vobis
1495 2313 1667 2350 innotescere,
1683 2318 1713 2341 ut
1729 2323 1812 2351 agno-

254 2364 358 2392 sceretis
376 2363 438 2401 quia
458 2363 493 2391 ab
508 2363 580 2391 omni
601 2361 711 2391 muliere
729 2368 753 2389 et
775 2361 864 2400 puella
884 2361 966 2391 vidua
988 2361 1130 2390 immature
1151 2360 1259 2390 viduata
1283 2360 1399 2399 amplius
1413 2359 1503 2388 ardeo.
1522 2360 1581 2388 Non
1600 2359 1637 2388 sic
1656 2358 1703 2388 illa
1720 2358 1811 2387 virum

256 2420 332 2438 suum
351 2410 434 2448 luget,
451 2419 535 2447 neque
550 2416 625 2448 pater
645 2408 743 2445 filium,
758 2408 827 2436 sicut
846 2417 894 2445 ego
915 2407 1046 2447 populum
1067 2408 1147 2436 istum
1166 2414 1298 2436 nostrum.
1313 2406 1426 2435 Nullum
1446 2405 1525 2435 video
1547 2405 1707 2445 profectum,
1723 2405 1812 2433 omnia

256 2456 282 2484 in
308 2456 418 2484 crimina
440 2464 465 2485 et
483 2456 661 2485 accusationes
677 2465 803 2484 conversa
819 2461 882 2484 sunt
899 2467 904 2482 :
920 2455 1010 2483 nullus
1028 2455 1195 2494 propositum
1216 2454 1296 2482 habet
1316 2454 1419 2492 placere
1432 2454 1490 2482 Deo
1506 2464 1515 2490 5
1531 2452 1578 2481 sed
1597 2451 1691 2488 illum,
1707 2451 1812 2490 inquit,

255 2508 280 2529 et
293 2501 371 2529 illum
383 2502 450 2530 male
463 2503 605 2540 loquamur
614 2513 622 2539 ;
637 2502 682 2530 ille
696 2501 823 2540 indignus
839 2507 877 2529 est
895 2501 973 2536 clero,
989 2500 1035 2529 ille
1054 2500 1167 2540 turpiter
1181 2499 1259 2529 vivit.
1273 2499 1327 2534 Qui
1342 2498 1505 2528 debebamus
1520 2497 1590 2526 mala
1606 2503 1695 2526 nostra
1710 2497 1811 2535 lugere,

256 2547 321 2575 alios
334 2546 483 2585 judicamus
500 2561 505 2576 2
523 2555 548 2576 at
564 2548 583 2576 si
597 2548 690 2577 mundi
705 2558 820 2577 essemus
837 2558 851 2576 a
867 2547 990 2586 peccatis,
1007 2557 1058 2577 non
1073 2546 1229 2577 deberemus
1245 2545 1295 2575 hoc
1309 2545 1404 2575 facere.
1425 2545 1495 2582 Quis
1513 2545 1589 2573 enim
1607 2550 1633 2573 te
1651 2544 1810 2573 discernit?
