1906 2846
75 594 133 613 [Mn.
148 593 169 614 3.

231 194 299 240 348
570 205 598 228 s.

230 274 295 295 teret
314 266 403 295 statim
419 265 545 305 repellere
560 271 602 292 :et
618 264 673 292 illic
689 271 759 292 totus
774 271 830 292 erat
841 264 966 302 populus,

228 312 273 339 liic
296 319 384 340 autem
405 318 545 349 tyrannus.
562 310 617 337 Cur
640 319 703 346 ergo
727 319 788 336 cum
815 309 849 336 al)
872 308 919 336 illa
939 319 968 336 re

228 368 279 385 non
295 357 447 389 abduxerit,
460 355 518 383 dixi
532 361 618 390 antea,
630 353 702 391 quod
718 364 769 382 non
784 353 887 382 libabat
902 360 968 382 tam-

227 413 307 439 quam
329 402 378 429 deo
401 401 435 429 ad
455 399 623 428 evertendam
645 399 800 437 religionem
814 422 820 434 ,
839 400 885 427 sed
901 410 967 438 pro-

226 454 285 486 pter
302 447 386 484 majus
398 446 567 474 miraculum.
578 445 720 481 Quomodo
732 446 745 473 ἶ)
759 446 870 484 Propter
880 446 966 474 Deum

227 493 276 520 hoc
289 492 434 526 ordinavit,
444 503 503 520 cum
515 491 662 519 Dominum
677 492 806 520 confitens
819 503 824 518 :
840 491 899 519 ideo
911 492 968 530 ejus

225 539 353 567 honorem
378 549 429 566 nou
456 538 573 566 tollebat.
591 538 635 566 Illi
660 544 749 565 autem
774 548 826 565 non
850 537 887 565 sic
898 560 905 573 ‚
921 537 967 566 sed

226 584 296 623 ipsos
314 585 442 623 putabant
457 594 511 612 esse
524 583 586 611 deos
605 595 610 609 :
632 590 770 621 propterea
792 582 965 621 repellebant.

74 635 114 654 ιῑη.
136 635 213 655 Daniel
227 630 353 658 Praetcrea
368 637 455 658 autem
471 629 514 656 hic
529 635 672 667 postquam
687 627 823 663 adoravit,
841 634 903 656 tunc
917 627 968 656 hoc

72 667 114 686 sila
136 667 198 687 nhia-

73 702 118 716 tuiu
132 697 188 716 lilm-

224 676 287 705 facit
309 689 314 703 :
341 686 393 704 non
420 675 490 703 enim
523 681 659 712 tamquam
684 673 765 702 deum
782 684 843 701 eum
867 673 968 702 adora-

73 736 121 748 ειη-ιι
141 730 211 749 admi-
224 722 282 758 vit,
295 721 342 750 sed
366 728 501 759 tamquam
520 719 656 748 hominem
676 719 832 758 sapientem.
850 719 904 747 Sed
921 729 968 747 nec

72 764 106 780 sn.
121 764 141 779 ct
153 768 179 779 :iu

72 790 194 812 adinimu.

222 774 322 796 certum
337 774 375 795 est
389 766 460 804 quod
474 765 600 794 libaverit
616 777 622 793 :
639 765 681 793 sin
698 772 786 793 autem
799 765 880 793 etiam
895 765 965 799 feeit,

221 812 317 841 libavit
338 812 366 840 id
385 822 437 841 non
459 810 621 849 suscipiente
636 810 758 838 Daniele.
780 809 874 846 Quid,
893 809 965 848 quod

221 858 300 887 etiam
315 859 403 897 ipsum
420 857 525 887 vocavit
536 856 657 885 Baltasar
675 857 762 896 ipsius
782 856 825 885 dei
847 856 964 884 nomon?

221 905 259 932 lta
281 904 345 933 deos
365 915 426 933 suos
445 904 514 932 nihil
535 913 663 942 magnum
679 902 885 939 existimabant,
902 913 963 930 cum

219 950 298 978 etiam
320 950 460 989 captivum
481 949 519 977 sic
543 955 649 977 vocaret
670 949 718 987 qui
739 959 830 977 omnes
848 950 963 988 jusserat

220 996 321 1024 variam
347 997 458 1024 adorare
477 995 633 1034 imaginem,
650 1001 675 1022 et
699 995 745 1033 qui
768 994 870 1023 colebat
895 994 961 1023 dra-

219 1052 311 1070 conem
330 1053 336 1069 :
353 1048 377 1070 et
398 1048 472 1070 erant
486 1040 632 1080 Babylonii
650 1040 729 1079 longe
751 1040 910 1068 amentiores
929 1040 961 1069 iis

219 1087 265 1125 qui
284 1094 358 1115 erant
382 1087 486 1126 Lystris
511 1098 517 1114 :
537 1085 711 1124 quamobrem
733 1095 785 1113 non
808 1085 904 1113 licebat
918 1096 961 1113 cos

218 1133 307 1161 statim
320 1132 353 1161 ad
367 1132 417 1161 hoc
433 1131 567 1160 inducere.
580 1132 669 1159 Multa
684 1138 809 1169 praeterea
823 1130 877 1158 diei
895 1141 960 1169 pos-

218 1186 288 1215 sunt,
303 1178 348 1207 sed
358 1178 464 1207 interim
478 1178 534 1206 haec
554 1177 699 1206 sufficiunt.
715 1177 744 1205 Si
761 1187 823 1215 ergo
837 1176 960 1205 volumus

217 1227 307 1255 omnia
329 1227 398 1255 bona
420 1225 557 1263 consequi,
576 1235 727 1262 quceramus
745 1235 803 1262 quae
822 1224 856 1252 ad
873 1225 960 1253 Deum

218 1271 443 1311 pertinent.Sicut
458 1270 528 1298 enim
542 1270 589 1307 qui
605 1276 727 1307 quaerunt
738 1280 796 1307 quae
811 1276 871 1297 sunt
884 1280 959 1297 mun-

216 1317 260 1353 di,
276 1324 301 1345 et
323 1317 365 1344 his
384 1323 409 1344 et
430 1316 484 1344 illis
506 1314 634 1343 excidunt
654 1327 659 1342 :
683 1315 719 1342 ita
736 1314 781 1352 qui
800 1322 960 1354 praeponunt

217 1373 276 1401 quae
301 1362 336 1390 ad
358 1363 446 1390 Deum
468 1361 615 1400 pertinent,
639 1367 751 1398 utraque
769 1367 956 1397 assequuntur.

217 1409 256 1437 Ne
272 1418 335 1446 ergo
348 1408 405 1436 haec
420 1417 569 1446 quaeramus
579 1429 585 1441 ,
597 1406 644 1435 sed
658 1406 703 1434 illa
720 1418 725 1432 :
742 1412 771 1434 ut
792 1406 873 1434 etiam
889 1406 959 1434 bona

219 1454 349 1493 promissa
366 1464 568 1492 consequamur,
586 1453 613 1481 in
633 1452 739 1481 Christo
757 1453 820 1481 Jesu
843 1451 959 1480 Domino

220 1507 320 1528 nostro.

628 205 767 228 JOANMS
794 204 974 227 CHRYSOST.
1005 205 1160 227 ARCfflEP.
1191 204 1458 229 CONSTANTINOP-

1020 264 1056 292 Τί
1071 260 1114 293 οῧν
1130 265 1205 293 αὐτὸν
1221 267 1267 293 οὐκ
1286 265 1421 304 ἀπήγαγε,
1436 265 1575 304 προλαὸὼν
1592 262 1673 304 εἶπον,
1688 268 1727 296 ὃτι
1741 269 1790 307 οὐχ

1019 311 1055 342 ὡς
1070 311 1119 348 θεῷ
1131 309 1251 338 ἔσπενδεν
1268 310 1311 339 ἐπὶ
1326 312 1462 349 ἀνατροπῇ
1475 314 1520 339 τοῦ
1533 312 1699 350 σεὸάσματος
1708 336 1716 347 ,
1729 314 1786 342 ἀλλ’

1020 355 1063 383 ἐπὶ
1074 355 1171 392 μείζονι
1182 355 1307 393 θαύματι.
1316 357 1393 391 Πῶς;
1403 355 1467 385 ’Ότι
1476 360 1521 386 τοῦ
1528 358 1598 386 Θεοῦ
1607 358 1692 386 ἕνεκεν
1703 358 1789 386 διάτα-

1021 412 1076 439 γμα
1092 400 1216 435 τέθεικεν,
1229 402 1363 439 ὁμολογῶν
1381 403 1458 431 αὐτοῦ
1473 402 1520 436 τὴν
1534 402 1699 431 δεσποτείαν·
1721 403 1789 432 ὥστε

1022 447 1068 474 οὐκ
1080 447 1263 486 ἧκρωτηρίαζε
1285 447 1331 482 τὴν
1346 447 1435 485 τιμήν.
1450 447 1565 477 Ἐκεῖνοι
1579 448 1605 476 δὲ
1627 449 1676 487 οὐχ
1691 447 1790 485 οὕτως,

1022 493 1079 520 ἀλλ’
1095 493 1186 524 αὐτοὺς
1198 493 1315 530 ἐνόμιζον
1327 489 1392 522 εἶναι
1406 493 1464 526 τοὺς
1483 494 1570 526 θεούς·
1584 494 1627 523 διὰ
1643 497 1719 523 τοῦτο
1735 495 1789 523 διε·

1022 537 1151 575 κρούοντο.
1168 538 1268 572 Ἄλλως
1282 539 1322 575 δὲ,
1337 539 1382 567 καὶ
1395 539 1579 579 προσκυνήσας
1595 542 1719 575 ἐνταῦθα,
1731 540 1790 568 τότε

1022 586 1104 611 ταῦτα
1118 589 1204 613 ποιεῖ·
1219 585 1277 613 οὐδὲ
1289 585 1340 624 γὰρ
1355 587 1390 618 ὡς
1402 587 1452 624 θεῷ
1466 586 1669 625 προσεκύνησεν,
1679 587 1737 614 ἀλλ’
1754 587 1790 618 ὥς

1022 629 1151 668 ἀνθρώπῳ
1164 633 1244 669 σοφῷ.
1258 632 1297 659 Οὐ
1313 631 1390 664 δῆλον
1408 631 1434 659 δὲ
1447 631 1506 659 οὐδὲ
1518 631 1559 660 ὅτι
1571 631 1690 660 ἔσπεισεν
1702 643 1708 649 “
1724 633 1747 659 εἷ
1762 631 1790 660 δὲ

1021 676 1065 703 καὶ
1080 675 1210 712 ἔσπεισεν,
1222 678 1280 705 ἀλλ’
1300 678 1328 705 οὐ
1344 676 1485 716 δεχομένου
1499 679 1544 705 τοῦ
1563 678 1672 712 Δανιήλ.
1688 677 1725 706 Τί
1746 676 1790 713 δὲ,

1020 720 1060 749 ὅτι
1085 722 1162 750 αὐτὸν
1176 723 1222 750 καὶ
1237 722 1379 762 Βαλτάσαρ
1399 722 1537 758 ἐκάλεσεν,
1552 724 1607 751 Τοῧ
1630 725 1686 752 θεοῦ
1711 724 1789 752 αὐτοῦ

1020 766 1049 795 τὸ
1063 766 1157 804 ἄνομος
1173 767 1266 800 Οὕτως
1281 768 1352 797 οὐδὲν
1376 771 1463 806 θαῦμα
1487 771 1598 806 ἡγοῖντο
1621 770 1706 797 αὐτῶν
1727 767 1788 800 τοὺς

1020 811 1108 848 θεοὺς,
1123 813 1186 842 ὅπου
1205 826 1235 852 γε
1255 814 1300 842 καὶ
1322 814 1365 842 τὸν
1388 814 1558 853 αἰχμάλωτον
1575 813 1656 846 οὕτως
1671 814 1760 843 ἐκάλει
1775 815 1789 842 ὁ

1017 858 1118 891 πάντας
1132 859 1242 888 κελεύων
1256 859 1302 895 τὴν
1316 860 1401 889 εἰκόνα
1422 864 1577 898 προσκυνεῖν
1593 859 1639 894 τὴν
1652 860 1788 888 παντοδα-

1017 905 1069 940 πὴν
1084 906 1128 934 καὶ
1142 905 1276 943 ποικίλην,
1288 906 1333 934 καὶ
1347 906 1389 934 τὸν
1406 906 1535 944 δράκοντα
1550 906 1648 935 σέίῖων·
1661 905 1707 934 καὶ
1722 905 1789 934 ε’-κεί-

980 957 998 981 C
1016 963 1066 979 νων
1081 951 1147 980 πολὺ
1169 947 1236 986 ἦσαν
1253 952 1419 991 ἀνοητότεροι
1445 953 1468 979 οἱ
1493 950 1657 980 Bergomum
1680 952 1732 979 τῶν
1760 952 1787 979 ἐν

1016 996 1122 1036 Αύστρᾳ
1132 1008 1137 1014 ·
1150 997 1190 1026 διὸ
1205 999 1251 1026 οὐκ
1269 999 1327 1032 ἐνῆν
1342 997 1436 1029 εὐθέως
1455 996 1555 1035 ἐνάγειν
1569 996 1663 1028 αὐτοὺς
1679 998 1716 1029 εἷς
1727 1000 1788 1025 τοῦ-

1014 1054 1053 1071 το.
1067 1043 1120 1072 Καὶ
1137 1043 1223 1072 πολλὰ
1234 1043 1263 1072 ἄν
1275 1055 1314 1075 τις
1330 1043 1397 1072 εἴποι
1407 1055 1412 1060 ·
1425 1042 1490 1075 τέως
1502 1042 1529 1071 δὲ
1544 1046 1627 1071 ταῦτα
1638 1044 1723 1081 ἀρκεῖ.
1739 1041 1785 1070 Ἂν

1013 1089 1097 1118 τοίνυν
1121 1088 1277 1126 βουλώμεθα
1298 1088 1404 1117 πάντων
1431 1089 1565 1126 ἐπιτυχεῖν
1590 1089 1641 1116 τῶν
1668 1088 1784 1125 ἀγαθῶν,

1014 1134 1047 1162 τὰ
1062 1134 1130 1162 κατὰ
1144 1134 1212 1163 Θεὸν
1227 1133 1473 1172 ζτ,τῶμεν.“Ω.σπερ
1484 1133 1534 1172 γὰρ
1549 1135 1572 1162 οἱ
1586 1133 1620 1161 τὰ
1631 1135 1676 1161 τοῦ
1685 1132 1785 1170 κόσμου

1015 1181 1149 1214 ζητοῦντες
1160 1202 1167 1215 ,
1198 1180 1242 1208 καὶ
1266 1179 1364 1207 τούτων
1394 1179 1438 1207 καὶ
1463 1179 1567 1207 ἐκείνων
1593 1178 1766 1207 ἐκπίπτουσιν
1778 1190 1784 1195 ·

1014 1224 1094 1258 οὕτως
1105 1227 1127 1254 οἵ
1141 1226 1173 1254 τὰ
1189 1225 1257 1253 κατὰ
1267 1225 1334 1254 Θεὸν
1350 1226 1545 1263 προτιμῶντες,
1557 1223 1712 1262 ἀμφοτέρων
1727 1224 1786 1251 ε’πι-

1014 1271 1180 1309 τυγχάνουσι,
1197 1271 1241 1305 Μὴ
1253 1270 1283 1305 δὴ
1300 1273 1383 1299 ταῦτα
1396 1270 1486 1298 λοιπὸν
1504 1270 1633 1305 ζητῶμεν,
1647 1269 1704 1296 ἀλλ’
1718 1269 1786 1296 ἐκεῖ-

1015 1330 1060 1351 να,
1075 1317 1117 1344 ἵνα
1136 1317 1181 1345 καὶ
1201 1319 1252 1344 τῶν
1269 1315 1472 1354 ἐπηγγελμένων
1489 1315 1593 1352 ἀγαθῶν
1616 1313 1785 1353 ἐπιτύχωμεν

1015 1363 1042 1390 ἐν
1055 1362 1163 1400 Χριστῷ
1174 1362 1262 1397 Ἰησοῦ
1278 1363 1314 1399 τῷ
1330 1360 1419 1399 Κυρίῳ
1434 1362 1522 1398 ἡμῶν.

642 1605 815 1635 MUTIANO
837 1605 1092 1635 SCHOLASTICO
1114 1604 1369 1634 INTERPRETE.

219 1701 335 1741 populus
349 1700 449 1728 multus
465 1706 529 1735 erat,
543 1698 586 1726 hic
607 1704 695 1726 autem
715 1705 854 1737 tyrannus.
871 1698 925 1726 Cur
943 1708 1006 1736 ergo
1027 1708 1089 1726 eum
1108 1707 1159 1726 non
1178 1697 1338 1726 revocavit?
1353 1696 1384 1725 In
1400 1696 1613 1736 praecedentibus
1626 1697 1699 1726 dixit
1719 1697 1782 1736 quia

219 1759 271 1777 non
291 1748 359 1776 sicut
373 1748 428 1775 Deo
448 1745 603 1774 immolabat
627 1744 661 1773 ad
687 1745 853 1774 eversionem
875 1745 986 1773 culturae
1002 1745 1073 1782 Dei,
1094 1744 1142 1773 sed
1165 1751 1274 1783 propter
1298 1754 1426 1782 magnum
1450 1744 1620 1773 miraculum.
1639 1744 1782 1780 Quomodo

218 1796 269 1824 hoc
281 1796 293 1823 ἶ)
307 1795 417 1832 Propter
437 1794 524 1821 Deum
540 1804 545 1820 :
561 1788 677 1821 edictum
693 1792 794 1831 quippe
811 1799 946 1832 posuerat,
961 1799 990 1820 ut
1007 1803 1059 1820 non
1074 1792 1240 1820 minueretur
1257 1791 1343 1820 honor
1357 1791 1419 1819 Dei.
1435 1791 1479 1819 Illi
1493 1798 1582 1820 autem
1600 1802 1652 1820 non
1668 1792 1716 1828 sic,
1734 1792 1783 1820 sed

219 1841 291 1880 ipsos
307 1839 437 1879 putabant
458 1849 512 1867 esse
527 1837 590 1866 deos
604 1849 610 1865 :
626 1845 736 1877 propter
752 1838 803 1866 hoc
820 1838 1043 1877 prohibebantur.
1060 1838 1111 1866 Hic
1131 1844 1220 1866 autem
1240 1844 1381 1877 postquam
1397 1837 1537 1874 adoravit,
1551 1844 1615 1866 tunc
1629 1837 1680 1866 hoc
1700 1838 1781 1875 fecit;

219 1897 302 1925 neque
318 1886 389 1915 enim
409 1885 478 1914 sicut
493 1886 580 1914 Deum
599 1884 735 1920 adoravit,
749 1884 796 1913 sed
815 1885 883 1913 sicut
904 1885 1041 1913 hominem
1060 1885 1215 1924 sapientem.
1237 1884 1348 1913 Clarum
1368 1891 1458 1912 autem
1476 1894 1529 1913 non
1549 1891 1588 1913 est
1603 1884 1666 1922 quia
1684 1884 1782 1913 immo-

219 1934 286 1963 lavit
296 1945 305 1971 3
323 1933 344 1961 si
365 1939 455 1961 autem
470 1939 496 1960 et
519 1931 691 1968 immolavit,
707 1942 760 1960 non
780 1932 942 1971 suscipiente
962 1932 1083 1961 Daniele.
1100 1931 1175 1968 Quid
1195 1931 1269 1970 quod
1289 1931 1369 1960 etiam
1389 1931 1532 1960 Balthasar
1553 1942 1614 1960 eum
1633 1931 1783 1960 nominavit

221 1981 326 2010 nomine
338 1980 388 2009 Dei
408 1980 473 2008 sui?
488 1980 530 2008 Ita
543 1979 612 2007 nihil
629 1989 757 2018 magnum
779 1979 952 2008 existimabat
971 1979 1034 2009 deos
1051 1990 1114 2008 suos
1131 1991 1140 2017 3
1155 1979 1264 2018 quando
1282 1979 1363 2008 etiam
1382 1979 1520 2018 captivum
1541 1979 1580 2007 sic
1601 1979 1715 2008 vocabat
1733 1978 1782 2017 qui

220 2034 329 2056 cunctos
346 2027 462 2065 jusserat
486 2025 629 2064 imaginem
653 2025 766 2054 adorare
790 2027 893 2055 variam
914 2033 939 2054 et
963 2026 1149 2063 multifariam,
1171 2025 1219 2054 sed
1241 2026 1321 2054 etiam
1345 2025 1488 2054 draconem
1516 2025 1629 2054 colebat.
1662 2025 1705 2054 Ab
1727 2025 1782 2054 illis

221 2080 309 2103 autem
322 2073 369 2112 qui
384 2079 458 2102 erant
471 2073 498 2101 in
514 2074 626 2112 Lystra,
643 2073 760 2101 multum
773 2080 849 2102 erant
868 2073 1004 2102 stultiores
1019 2073 1165 2113 Babylonii
1182 2086 1188 2101 ε
1206 2072 1307 2102 idcirco
1321 2083 1373 2101 non
1388 2080 1475 2112 posset
1489 2073 1578 2101 statim
1596 2083 1722 2104 revocare
1737 2083 1780 2101 eos

220 2124 248 2152 in
262 2122 322 2150 hoc.
336 2120 372 2149 Et
386 2121 470 2149 multa
484 2120 537 2148 alia
551 2120 577 2148 in
596 2120 647 2149 hac
664 2121 808 2159 quaestione
823 2120 877 2149 dici
891 2127 1002 2160 possunt
1016 2132 1025 2159 ;
1042 2121 1150 2149 interim
1166 2120 1221 2148 haec
1239 2119 1317 2148 modo
1332 2120 1494 2151 suffecerint.
1511 2120 1540 2149 Si
1555 2120 1639 2159 igitur
1651 2120 1780 2149 volumus

220 2168 333 2208 adipisci
348 2167 437 2196 omnia
456 2167 536 2202 bona,
554 2178 613 2204 quae
634 2167 670 2196 ad
684 2169 772 2197 Deum
792 2168 925 2207 pertinent
944 2178 1103 2206 quaeramus.
1115 2168 1192 2197 Sicut
1209 2167 1280 2196 enim
1299 2167 1345 2205 qui
1367 2177 1397 2195 ea
1417 2178 1476 2205 quae
1497 2167 1579 2206 hujus
1599 2167 1689 2195 saeculi
1704 2174 1777 2202 sunt,

221 2221 354 2253 quaerunt,
384 2214 419 2242 ab
445 2213 504 2242 istis
525 2220 551 2242 et
572 2214 607 2242 ab
629 2214 685 2242 illis
709 2215 837 2243 excidunt
854 2226 860 2242 ε
877 2215 916 2243 sic
939 2214 986 2252 qui
1007 2225 1066 2253 quae
1084 2214 1135 2242 Dei
1158 2220 1236 2251 sunt,
1258 2220 1432 2253 praeponunt,
1455 2220 1568 2252 utraque
1592 2213 1780 2253 adipiscuntur

221 2264 281 2291 Non
300 2262 391 2300 itaque
411 2261 461 2290 ista
479 2271 639 2299 quaeramus,
653 2261 699 2289 sed
722 2262 785 2299 illa,
799 2268 828 2290 ut
841 2261 911 2290 bona
935 2272 994 2300 quae
1008 2261 1139 2301 promissa
1157 2268 1229 2299 sunt,
1245 2261 1382 2300 percipere
1393 2271 1543 2289 mereamur
1554 2261 1581 2289 in
1593 2261 1700 2290 Christo
1715 2262 1779 2291 Jesu

222 2307 338 2336 Domino
353 2312 453 2344 nostro,
466 2316 527 2335 cum
539 2317 591 2345 quo
603 2306 675 2335 Patri
688 2317 740 2336 una
752 2317 812 2336 cum
827 2314 916 2336 sancto
931 2307 1034 2347 Spiritu
1049 2307 1148 2347 gloria,
1162 2307 1316 2347 imperium,
1331 2306 1469 2345 h0n0r‚ssin
1482 2307 1579 2336 saecula
1604 2307 1775 2336 saeculorum.

223 2357 315 2384 Amen.
