1906 2846
279 157 348 189 813
608 166 634 187 s.
665 166 804 188 soi-ixxis
832 165 1019 188 cnnrsos‘r.

277 237 366 256 secure
401 225 532 264 possidere
567 224 674 262 poterit.
713 228 745 253 At
779 236 840 254 vcro
877 224 1008 264 ejusmodi

276 273 342 309 quid
370 281 421 299 non
447 270 538 308 parmis
561 270 716 307 parentibus
743 271 813 299 circa
837 271 934 299 liberos
961 281 1010 298 11511

275 318 356 349 venit.
384 316 449 344 dnm
477 314 625 342 inordinate
639 326 669 343 ac
682 315 810 344 dissolute
829 316 948 345 viventes
969 326 1010 343 ca-

273 363 369 399 stigare
386 369 410 390 ct
427 361 513 388 verbis
528 360 731 399 reprehendere,
747 368 793 389 ant
808 361 963 390 contristare
978 361 1012 388 {i-

272 407 321 434 lios
335 407 427 435 nolunt
437 428 443 440 ,
459 405 585 433 viderunt
596 416 664 444 stepe
676 406 701 433 in
715 406 824 443 flagitiis
835 407 1011 445 deprehensos

273 452 299 479 in
315 461 444 479 carcerem
457 450 543 489 abripi
558 473 564 485 ,
577 458 599 478 et
615 462 629 478 a
641 451 812 480 carnificibus
822 452 908 491 capite
921 452 1009 491 plecti.

272 498 300 526 Si
324 498 395 525 enim
421 504 448 525 111
470 507 521 524 11011
547 496 658 535 ipsemet
685 497 802 535 corrigas
819 521 826 533 ,
859 498 881 525 51
909 504 937 525 111
959 508 1011 525 nun

273 542 418 570 modereris
429 564 436 576 ,
464 542 509 570 illc
529 552 556 570 se
571 542 701 580 improbis
717 549 742 570 et
767 542 878 581 perditis
892 543 1011 571 homini-

272 589 322 616 bus
334 588 494 626 conjungens
505 609 511 621 ‚
524 587 699 625 nequitia‘qne
709 588 819 616 illorum
830 588 962 627 particeps
976 588 1012 615 sa-

271 641 339 669 ctus,
351 634 402 662 snb
416 633 538 672 publicas
549 632 679 671 redigitur
693 633 774 671 leges,
785 645 816 662 ac
824 635 912 673 palam
923 635 1011 662 omni-

273 680 323 707 bns
340 679 543 718 inspicientibus
554 701 562 715 ‚
589 689 679 717 poeuas
691 678 742 707 luit
755 691 760 706 :
777 687 801 707 et
815 680 924 717 quidem
950 690 1011 708 cnm

273 725 331 764 ipso
356 725 454 753 damno
471 725 556 763 major
570 724 714 762 ignominia
729 725 848 753 nascitur
861 747 868 758 ‚
887 725 1012 753 omnibns
1029 728 1047 751 C

273 771 392 803 scilicet,
415 770 487 798 illoc
509 768 596 797 medio
617 770 739 806 sublato,
759 770 891 809 ejusmodi
908 777 1011 809 patrem

273 816 360 854 digito
372 815 580 844 monstrantibus
592 836 600 848 ,
616 822 640 843 et
652 815 738 844 sorum
757 816 862 855 penitus
877 816 928 855 ipsi
943 816 1012 844 inac-

273 872 375 891 cessum
391 862 556 890 facientibus.
571 860 677 896 Quibus
689 861 760 889 enim
772 884 778 896 ‚
792 861 909 896 obsecro,
925 861 1010 889 oculis

272 907 323 935 sibi
344 907 483 935 obviantes
510 907 633 935 homines
656 914 713 945 post
736 907 866 946 ejusmodi
884 907 934 935 filii
959 918 1010 946 op-

273 952 411 990 probrium
435 959 460 980 ct
484 952 660 981 calamitatem
677 952 780 981 obtueri
795 953 916 991 poterit?
937 953 1010 987 Quzd

272 997 322 1024 ista
346 997 446 1026 insania
473 997 646 1036 perniciosius
674 997 776 1026 suerit?
801 1009 852 1026 non
879 998 961 1037 pudet
986 1006 1010 1027 te

272 1052 356 1080 neque
376 1043 509 1071 erubescis
522 1065 528 1077 ‚
549 1043 594 1071 dic
614 1043 699 1078 mihi,
722 1054 784 1072 cum
807 1043 833 1072 in
859 1045 947 1073 filium
962 1052 1008 1073 tu-

274 1098 319 1116 nm
335 1088 419 1127 judex
434 1088 642 1124 animadvertit,
657 1095 682 1117 et
697 1089 853 1127 castigando
865 1090 986 1118 emendat
999 1102 1006 1123 ;

272 1141 352 1171 atque
378 1134 462 1162 aliena
489 1134 534 1162 ille
558 1145 624 1173 opus
650 1134 729 1163 habet
758 1135 939 1169 correctione,
962 1136 1008 1173 qui

273 1186 344 1207 tanto
359 1180 421 1208 inde
441 1180 476 1208 ab
500 1179 576 1207 initio
590 1187 708 1218 tempore
737 1179 786 1207 tibi
816 1180 1008 1208 cohabitavit?

271 1235 322 1253 non
343 1232 368 1253 te
386 1225 438 1253 obv
441 1225 494 1253 elas
509 1232 533 1253 et
549 1225 692 1253 occultas?
714 1225 796 1253 audes
811 1225 925 1263 denique
937 1247 945 1261 ‚
965 1225 1008 1253 dic
1029 1222 1046 1244 D

270 1270 348 1305 mihi,
365 1270 454 1298 adhuc
469 1277 543 1309 patei
561 1270 710 1308 appellari,
728 1270 764 1298 ita
779 1270 885 1309 prodito
902 1270 970 1306 filio,
983 1278 1008 1299 et

272 1316 420 1344 necessario
436 1315 487 1354 ipsi
501 1322 633 1354 proventu
649 1326 700 1343 non
715 1315 800 1350 illato,
815 1316 862 1344 sed
878 1323 905 1344 ut
920 1318 1008 1345 0111111-

269 1361 320 1388 bus
341 1361 414 1388 111115
433 1361 586 1399 perderetur
598 1361 740 1398 neglecto?
771 1361 805 1390 Et
826 1373 933 1390 servum
947 1362 1006 1399 qui-

269 1406 331 1434 dem
348 1406 494 1443 fugitivum
515 1406 610 1434 videns
634 1406 753 1444 colaphis
775 1406 918 1434 caedentem
933 1407 1006 1434 filio-

270 1452 342 1487 lum,
355 1452 448 1480 acerbe
462 1453 529 1487 fers,
551 1451 700 1489 indignaris
715 1473 721 1485 ,
745 1459 770 1479 et
791 1451 880 1479 bellna
896 1452 1008 1480 serocins

270 1497 296 1525 in
326 1497 496 1536 percutientis
522 1497 616 1525 faciem
641 1496 727 1524 insilis
747 1509 754 1524 :
781 1497 920 1525 diabolum
943 1508 1008 1526 vero

269 1542 389 1580 qnotidie
419 1553 527 1571 cernens
553 1542 610 1570 lilio
641 1542 766 1580 colaphos
794 1543 981 1581 infringentem
997 1565 1006 1577 ,

269 1588 402 1616 daemones
430 1588 456 1615 in
472 1587 569 1615 scelera
595 1587 682 1626 ipsum
707 1587 883 1623 inducentes,
906 1588 1008 1617 dormis

270 1644 316 1661 nec
339 1634 413 1661 doles
427 1644 511 1670 neque
534 1632 703 1668 adversaris,
727 1643 812 1670 neque
837 1634 1008 1662 truculentis-

271 1678 344 1706 simae
364 1678 455 1706 bestia:
479 1678 560 1717 eripis
576 1678 686 1705 filium?
704 1685 729 1706 et
753 1679 860 1717 qualem
878 1686 907 1707 tu
922 1690 1008 1719 expe-

272 1724 348 1751 rieris
375 1723 594 1752 humanitatem?
616 1724 758 1758 Quomodo
783 1724 854 1752 enim
880 1735 931 1753 non
959 1726 1006 1753 ab-
1026 1725 1044 1747 E

272 1769 383 1796 surdum
398 1776 455 1805 cst,
482 1776 507 1796 te
533 1768 639 1806 quidem
652 1791 660 1806 ,
691 1779 753 1797 cum
775 1780 788 1797 a
806 1769 925 1798 daemone
942 1781 1007 1800 exa-

271 1814 371 1851 gitatur
387 1820 449 1842 tuus
467 1814 556 1849 fitius,
577 1814 612 1842 ad
627 1825 718 1843 omnes
742 1822 846 1844 sanctos
875 1827 982 1845 currere
997 1839 1005 1853 ,

271 1870 366 1898 eosque
380 1860 428 1897 qui
446 1859 474 1887 in
498 1860 645 1888 verticibus
665 1861 797 1888 montium
823 1861 924 1899 degunt
945 1862 1007 1890 fati·-

271 1915 333 1943 gare
348 1928 355 1939 ‚
378 1912 438 1933 uta
461 1905 529 1933 furia
558 1905 604 1934 illa
622 1906 710 1943 ipsum
737 1905 848 1934 liberent
868 1919 874 1934 :
901 1913 1007 1945 peccato

271 1957 359 1978 autem
374 1972 381 1984 ,
396 1950 469 1988 quod
493 1951 589 1988 quovis
617 1951 737 1979 daemone
759 1951 932 1990 perniciosius
945 1959 983 1980 est
998 1975 1006 1988 ‚

271 1995 376 2023 assidue
394 1995 482 2034 ipsum
505 1996 643 2024 infestante
657 2018 664 2032 ,
686 1996 755 2024 nihil
769 1997 830 2035 plus
850 1997 959 2025 facere?
982 2005 1007 2026 et

271 2051 334 2067 vero
347 2051 362 2068 a
376 2040 496 2069 daemone
510 2041 602 2069 vexari
613 2041 679 2069 adeo
694 2051 776 2079 grave
787 2052 839 2070 non
854 2049 907 2079 cst;
922 2053 1007 2080 neque

271 2086 341 2113 enim
363 2086 389 2114 in
411 2086 557 2124 gehennam
581 2086 749 2125 praecipitare
769 2087 872 2116 daemon
899 2089 1006 2117 omnino

271 2138 355 2168 potest
371 2143 376 2158 :
390 2131 454 2168 quin
467 2153 475 2167 ‚
488 2132 510 2159 si
527 2131 608 2160 sobrii
621 2132 716 2167 simus,
733 2143 842 2162 coronas
860 2134 937 2162 nobis
949 2142 1007 2163 ten-

271 2177 335 2203 tatio
350 2176 398 2204 ista
420 2177 484 2205 seret
503 2177 657 2216 splendidas
680 2185 705 2206 et
720 2185 874 2217 praestantes
892 2191 900 2215 ;
915 2180 948 2215 si,
964 2181 1004 2209 in-
1016 2203 1052 2223 ⁶34

269 2232 360 2258 quam,
383 2229 458 2260 grato
475 2223 564 2250 animo
586 2223 717 2261 ejusmodi
736 2224 850 2252 insultus
862 2225 976 2254 feramus
995 2238 1001 2254 ε
1025 2231 1043 2252 Α

270 2274 296 2295 at
316 2268 360 2305 qni
376 2279 436 2296 cum
457 2275 564 2307 peccato
581 2269 664 2297 vitam
681 2269 757 2308 agit,
774 2270 833 2298 fieri
848 2281 901 2299 non
920 2279 1005 2310 potest

269 2321 298 2342 ut
326 2325 452 2352 umquam
479 2315 599 2343 salvetur
616 2338 624 2352 ‚
648 2315 693 2344 scd
713 2327 815 2345 necesse
834 2327 894 2345 eum
924 2324 948 2346 et
976 2319 1003 2346 in

268 2359 319 2389 hoc
346 2361 401 2388 vita
421 2361 589 2389 contumeliis
604 2361 749 2390 obnoxium
772 2372 845 2399 esse,
866 2369 891 2390 et
913 2374 1004 2392 rursus

267 2403 437 2432 decedentem
451 2412 560 2433 aeternas
576 2405 613 2433 ibi
630 2416 721 2444 poenas
737 2406 823 2435 luere.
846 2406 902 2435 Sed
923 2418 1002 2445 quain

267 2447 374 2475 tandem
391 2448 588 2477 excusationem
605 2448 730 2477 adferes?
746 2451 840 2478 Annon
857 2449 891 2478 ab
904 2450 980 2479 initio
994 2474 1001 2486 ‚

267 2490 352 2527 inquit
365 2513 372 2524 ,
392 2491 441 2519 tibi
465 2492 515 2520 feci
534 2503 646 2530 puerum
671 2493 823 2521 cohabitare
837 2493 850 2520 ‚9
876 2494 1000 2522 constitui

266 2539 290 2560 tc
307 2533 390 2572 ipsius
407 2535 563 2573 magistrum
583 2543 606 2564 01
628 2537 780 2575 praescetuni
802 2544 826 2565 et
850 2544 999 2567 curatorem

1057 165 1214 188 mictum).

1243 165 1305 187 Con
1312 164 1370 187 STA
1377 164 1498 188 Minor
1505 180 1512 187 ·

1031 227 1047 249 B
1066 237 1111 257 τας
1134 225 1178 254 καὶ
1199 225 1374 263 παρανόμως,
1388 226 1515 258 πολλάκις
1533 221 1598 255 εἶδον
1613 227 1657 254 ἐπὶ
1670 231 1722 259 τοῖς
1738 224 1827 264 αἰσχί-

1066 283 1135 303 στοις
1145 271 1262 305 ἁλόντας,
1277 272 1312 303 εἷς
1328 271 1496 310 δικαστήριον
1508 271 1680 309 ἁρπαγέντας,
1692 272 1741 300 ὑπὸ
1751 271 1825 308 δημί-

1065 328 1100 343 ων
1109 316 1315 353 ἀποτμηθέντας.
1324 315 1409 344 “Ouia
1418 317 1468 355 γὰρ
1479 316 1509 344 σὺ
1521 316 1558 352 μὴ
1568 317 1716 355 παιδεύσῃς,
1724 317 1784 345 ὅταν
1795 315 1826 344 σὺ

1067 361 1103 398 μὴ
1116 361 1291 400 σωρρονίσης,
1304 367 1406 401 μιαροῖς
1424 362 1568 401 ἀνθρώποις
1578 362 1622 390 καὶ
1631 362 1826 401 διεφθαρμένοις

1067 406 1155 434 ἑαυτὸν
1166 406 1301 443 ἀναμίξας,
1314 407 1358 434 καὶ
1367 407 1526 441 κοινωνήσας
1537 409 1583 441 τῆς
1596 406 1720 445 πονηρίας
1733 407 1828 442 αὐτοῖς,

1067 451 1116 479 ὑπὸ
1125 451 1182 483 τοὺς
1195 450 1294 484 κοινοὺς
1304 451 1394 488 ἄγεται
1406 451 1508 488 νόμους,
1521 452 1565 479 καὶ
1576 451 1714 483 κολάζεται
1723 451 1829 480 πάντων

1067 495 1196 533 ὁρώντων·
1204 496 1248 524 καὶ
1261 496 1327 533 μετὰ
1339 498 1385 530 τῆς
1394 501 1527 534 συμφορᾶς
1539 497 1632 533 μείζων
1642 499 1658 531 ἡ
1669 496 1780 534 αἰσχύνη
1792 496 1828 534 γί-

1067 551 1138 568 νεται
1150 563 1158 575 ,
1173 540 1455 569 δακτυλοδεικτούντων
1471 541 1593 569 ἁπάντων
1607 541 1650 569 τὸν
1666 541 1768 580 πατέρα
1783 553 1830 579 μεν

1067 585 1100 613 τὰ
1111 585 1158 619 τὴν
1173 586 1272 614 ἐκείνου
1287 586 1419 621 τελευτὴν,
1433 586 1478 614 καὶ
1493 586 1588 614 &Carme
1604 587 1674 624 αὐτῷ
1687 586 1830 615 ποιούντων

1067 631 1114 666 τὴν
1130 631 1238 670 ἀγοράν.
1254 632 1343 664 Ποίοις
1355 632 1406 671 γὰρ
1427 634 1568 671 ὀφθαλμοῖς
1583 632 1738 671 ἁντιὸλέψαι
1753 632 1828 667 δυνή-

1067 688 1140 705 σεται
1164 681 1216 709 τοῖς

1067 721 1158 754 παιδὸς
1173 721 1360 760 ἀσχημοσύνην
1384 723 1429 751 καὶ
1450 722 1600 762 συμφοράη
1617 722 1652 752 Τί
1666 721 1764 758 ταύτης
1778 726 1826 758 τῆς

1067 768 1153 799 ἀνοίας
1173 772 1260 806 χεῖρον
1275 768 1368 805 γένοιτ’
1385 769 1434 804 ἄη
1448 770 1493 797 οὐκ
1514 768 1625 807 αἰσχύνῃ
1640 769 1684 797 καὶ
1697 771 1830 808 ἐρυθριᾷς,

1067 813 1124 842 εἶπέ
1138 825 1191 850 μοι,
1204 813 1264 841 ὅταν
1286 814 1329 842 τὸν
1350 815 1403 842 υἱὸν
1419 814 1463 842 τὸν
1485 814 1529 843 σὸν
1545 817 1558 842 ὁ
1573 813 1697 849 δικαστὴς
1712 814 1828 853 κολάσῃ,

1240 679 1390 706 ἀπαντῶσιν
1408 679 1477 716 αὐτῷ
1498 677 1565 715 μετὰ
1581 677 1628 712 τὴν
1644 677 1767 712 τοιαύτην
1783 680 1829 706 τοῦ

1067 858 1110 886 καὶ
1126 858 1333 898 σωφρονέστερον
1352 859 1466 898 ποιήσῃ,
1489 860 1534 888 καὶ
1556 861 1602 893 τῆς
1624 859 1714 892 ἔξωθεν
1734 861 1832 892 ἐκεῖνος

1067 904 1145 941 δεηθῇ
1160 903 1329 943 διορθώσεως,
1345 907 1466 933 τοσοῦτον
1484 904 1508 938 ἐξ
1520 906 1603 943 ἀρχῆς
1617 916 1657 933 σοι
1675 905 1831 940 συνοικήσας

1065 949 1173 988 χρόνονς
1194 951 1240 978 οὐκ
1261 949 1412 988 ἐγκαλύπτῃ
1427 950 1472 978 καὶ
1483 950 1616 989 καταδύῃ;
1638 951 1736 989 τολμᾷς
1749 950 1830 986 ὅλως,

1066 995 1122 1024 εἶπέ
1142 1006 1202 1031 μοι,
1217 995 1306 1033 πατὴρ
1329 995 1368 1024 ἔτι
1392 997 1547 1029 καλεῖσθαι,
1564 995 1631 1024 οὕτω
1655 995 1766 1034 προδοὺς
1785 997 1829 1025 τὸν

1065 1041 1129 1074 υἱὸν,
1142 1040 1186 1068 καὶ
1201 1040 1248 1074 τὴν
1264 1041 1407 1078 ἀναγκαίαν
1421 1042 1491 1079 αὐτῷ
1508 1041 1588 1079 φορὰν
1608 1042 1655 1069 οὐκ
1667 1040 1829 1079 εἰσενεγκὼν,

1066 1086 1133 1114 ἀλλὰ
1146 1085 1269 1124 περιιδὼν
1283 1086 1334 1114 ὑπὸ
1344 1086 1431 1121 πάσης
1446 1087 1619 1126 διαρθαρῆναι
1639 1087 1747 1122 κακίας;
1773 1087 1830 1115 Κᾶν

1065 1130 1112 1168 μὲν
1128 1131 1262 1170 δραπέτην
1278 1131 1337 1160 τινὰ
1355 1132 1412 1169 ἴδῃς
1435 1132 1576 1170 ῥαπίζονται
1591 1132 1621 1160 τὸ
1634 1132 1750 1167 παιδίον,
1764 1134 1829 1170 ἀγα-

1064 1181 1166 1208 νακτεῖς
1179 1178 1223 1205 καὶ
1237 1178 1326 1216 ὀργίζῃ
1341 1177 1385 1205 καὶ
1402 1177 1595 1215 δυσχεραίνεις,
1615 1177 1660 1205 καὶ
1678 1177 1767 1215 θηρίου
1781 1189 1830 1215 ¹ch-

1064 1221 1212 1260 λεπώτερον
1228 1223 1357 1260 ἐπιπηδᾷς
1378 1224 1409 1259 τῇ
1424 1225 1468 1250 τοῦ
1487 1221 1666 1255 τυπτήσαντος
1687 1222 1762 1260 ὄψει·
1784 1222 1829 1251 τὸν

1064 1267 1091 1295 δὲ
1112 1267 1231 1295 &Ligdum
1248 1267 1306 1295 καθ’
1329 1267 1442 1301 ἑκάστην
1458 1267 1560 1305 ἡμέραν
1575 1269 1641 1306 ὁρῶν
1660 1267 1736 1296 αὐτὸν
1749 1267 1829 1306 ῥαπί-

1064 1313 1154 1347 ζοντα,
1174 1312 1298 1349 δαίμονας
1319 1313 1354 1343 εἰς
1378 1312 1558 1351 ἁμαρτήματα
1580 1312 1736 1350 ἐνάγοντας,
1759 1313 1830 1352 [καὶ]

1064 1357 1212 1389 καθεύδεις,
1235 1357 1280 1384 καὶ
1305 1359 1352 1384 οὐκ
1374 1358 1528 1395 ἀγανακτεῖς
1548 1357 1607 1385 οὐδὲ
1634 1358 1828 1396 δυσχεραίνεις,

1064 1401 1121 1430 οὐδὲ
1142 1401 1294 1439 ἐξαρπάζεις
1313 1404 1358 1430 τοῦ
1376 1402 1566 1440 χαλεπωτάτου
1588 1402 1677 1441 θηρίου
1697 1403 1741 1431 τὸν
1758 1403 1830 1438 υἱόν;

1064 1447 1109 1474 καὶ
1130 1447 1207 1479 ποίας
1228 1447 1305 1484 τεύξῃ
1327 1447 1538 1485 φιλανθρωπίας
1554 1448 1616 1480 Πῶς
1638 1447 1690 1486 γὰρ
1705 1449 1752 1476 οὔκ
1766 1447 1828 1476 ἄτο-

1064 1503 1125 1527 πον,
1146 1491 1209 1520 ὅταν
1229 1491 1275 1529 μὲν
1288 1492 1338 1520 ὑπὸ
1361 1492 1483 1529 δαίμονος
1499 1492 1636 1531 ἐνεργῆταί
1655 1504 1701 1521 σου
1721 1495 1736 1520 5,
1758 1493 1829 1526 υἱὸς,

1064 1537 1128 1575 πρὸς
1151 1537 1250 1570 πάντας
1270 1536 1330 1570 τοὺς
1350 1537 1438 1576 ἁγίους
1457 1538 1574 1577 τρέχεις,
1595 1537 1640 1566 καὶ
1660 1537 1720 1570 τοὺς
1732 1538 1758 1566 ἐν
1772 1542 1830 1570 ταῖς

1064 1587 1187 1622 κορυφαῖς
1201 1585 1252 1611 τῶν
1267 1583 1347 1622 ὁρέων
1360 1585 1487 1622 ἐνοχλεῖς,
1502 1583 1570 1613 ὥστε
1581 1583 1657 1612 αὒτὸν
1673 1585 1720 1618 τῆς
1735 1583 1829 1620 μανίας

1065 1628 1214 1661 ἀπαλλάξαι
1229 1628 1339 1663 ἐκείνης·
1355 1629 1487 1667 ἁμαρτίας
1506 1630 1544 1664 δὲ,
1561 1629 1578 1664 ἣ
1597 1628 1694 1660 παντὸς
1707 1628 1828 1666 δαίμονός

1064 1675 1120 1702 ἐστι
1136 1674 1319 1712 χαλεπωτέρα,
1335 1677 1450 1714 συνεχῶς
1465 1674 1638 1713 ἐνοχλούσης,
1661 1674 1732 1704 οὐδὲν
1748 1674 1827 1704 πλέον

1064 1724 1159 1754 ποιεῖς;
1177 1719 1272 1748 Καίτοι
1299 1720 1329 1748 τὸ
1349 1720 1395 1758 μὲν
1420 1720 1493 1759 παρὰ
1521 1720 1642 1758 δαίμονος
1664 1721 1827 1758 ἐνοχλεῖσθαι

1063 1765 1178 1802 χαλεπὸν
1201 1765 1282 1793 οὐδέν·
1298 1766 1326 1793 οὗ
1346 1765 1397 1804 γὰρ
1412 1767 1448 1798 εἷς
1461 1766 1566 1803 γέενναν
1580 1765 1704 1802 ἐμὸαλεῖν
1722 1765 1752 1793 τὸ
1765 1766 1825 1794 δαι-

1063 1810 1152 1847 μόνιον
1169 1810 1274 1838 δύναται
1289 1811 1407 1843 πάντως·
1424 1812 1481 1839 ἀλλ’
1497 1811 1542 1839 ἐὰν
1556 1810 1690 1849 νήφωμεν,
1706 1811 1751 1839 καὶ
1765 1822 1825 1839 στε-

1062 1856 1155 1893 φάνους
1168 1858 1232 1893 ἡμῖν
1247 1857 1260 1883 ὁ
1277 1857 1421 1895 πειρασμὸς
1442 1852 1514 1888 οὗτος
1537 1856 1602 1884 οἴσει
1621 1855 1759 1893 λαμπροὺς
1780 1856 1825 1884 καὶ

1062 1905 1210 1939 περιφανεῖς
1220 1923 1232 1938 ,,
1246 1901 1307 1929 ὅταν
1322 1901 1481 1941 εὐχαρίστως
1497 1901 1616 1940 φέρωμεν
1635 1900 1682 1933 τὰς
1703 1901 1825 1934 τοιαύτας

1062 1947 1194 1985 ἐπηρείας·
1209 1959 1252 1975 τον
1269 1947 1295 1976 δε
1309 1948 1396 1987 ἇμαρτ
1387 1960 1426 1976 ια
1447 1949 1565 1980 συζῶντα
1581 1947 1718 2000 ἀμήχανον
1733 1949 1823 1982 σωθῆ-

1061 1991 1105 2019 ναί
1125 2004 1205 2027 ποτε,
1230 1992 1289 2020 ἀλλ’
1308 1992 1409 2030 ἀνάγκη
1439 1992 1543 2024 πάντως
1565 1992 1609 2020 καὶ
1633 1994 1770 2020 ἐνταυθα
1758 2003 1821 2021 επο-

1061 2037 1187 2065 νείδιστον
1202 2041 1283 2072 εἶναι,
1307 2049 1352 2066 και
1368 2040 1394 2066 ἀ.
1387 2038 1541 2066 ·ελθόντα’
1529 2041 1584 2065 εκεῖ
1603 2037 1721 2065 ἀθάνατα
1741 2037 1823 2065 πάλιν

1061 2083 1224 2116 κολάζεσθαι.
1236 2082 1302 2111 Τί
1287 2083 1314 2112 οε
1332 2094 1377 2111 και
1396 2082 1549 2121 ἀπολογήσῃ
1561 2082 1666 2117 λοιπόν;
1681 2083 1722 2111 Οὐ
1736 2082 1821 2121 κατῴ-

1061 2129 1131 2163 κησά
1146 2140 1202 2164 σοι,
1216 2129 1309 2167 φησὶν,
1323 2128 1350 2161 ἐξ
1371 2130 1455 2167 ἀρχῆς
1474 2129 1518 2157 τὸν
1532 2129 1632 2163 παῖδα;
1646 2127 1780 2163 ἐπέστησα
1795 2127 1822 2156 δὲ

1063 2185 1090 2202 σε
1111 2175 1182 2202 αὖτυ
1204 2174 1360 2203 διδάσκαὶον
1383 2174 1428 2202 καὶ
1452 2173 1602 2211 προστάτην
1622 2184 1667 2201 και
1688 2173 1821 2210 κηδεμόνα
1855 2185 1867 2203 1

1062 2219 1109 2247 καὶ
1129 2220 1252 2258 ἄρχοντα·
1278 2221 1306 2247 οὐ
1330 2220 1378 2253 τὴν
1395 2219 1509 2252 ἐξουσίαν
1526 2220 1605 2246 αὐτου
1624 2223 1712 2246 πᾶσαν
1736 2218 1820 2273 φέρων

1059 2264 1094 2296 εἷς
1115 2264 1162 2296 τὰς
1178 2264 1226 2295 σὰς
1244 2264 1353 2299 ἐνεθηκα
1369 2276 1401 2302 χε
1391 2269 1478 2302 -ῖρας;
1499 2264 1549 2302 οὐχ
1563 2263 1695 2291 απαλον”
1680 2275 1744 2292 οντα
1764 2264 1822 2292 δια-

1057 2309 1182 2337 πλάττειν
1203 2309 1328 2339 ἕκέλευσα
1345 2311 1389 2337 καὶ
1415 2309 1562 2348 ῥυθμίζειν;
1582 2308 1660 2337 ποίαν
1682 2304 1726 2337 οἶν
1750 2309 1821 2348 ἔχοις

1058 2367 1229 2393 συγγνωμην,
1246 2358 1268 2384 εἰ
1282 2356 1407 2395 περιίοοις
1421 2355 1496 2384 αὐτὸν
1511 2355 1765 2394 ἀποσκιρτήσαντα·
1757 2377 1766 2390 ,
1783 2355 1820 2384 Τι’

1057 2401 1107 2451 γὰρ
1122 2401 1152 2428 ἂν
1164 2401 1231 2429 εἴποι
1233 2413 1260 2435 ς;
1274 2414 1303 2430 ο·-
1307 2414 1315 2429 ι
1329 2401 1449 2436 ουσηνιός
1463 2403 1519 2430 ἐστι
1532 2400 1578 2429 καὶ
1591 2400 1705 2439 τραχύς;
1721 2401 1779 2429 ἀλλ’
1790 2400 1818 2434 ἐξ

1057 2447 1141 2485 ἀργῆς
1155 2445 1206 2474 ἔδει
1221 2458 1250 2475 σε
1264 2451 1347 2476 ταῦτα
1360 2448 1446 2476 πάντα
1468 2449 1584 2485 ὁρυντα,
1597 2446 1641 2475 ὅτε
1664 2446 1765 2481 εὐήνιος
1785 2449 1818 2480 ἠν

1056 2491 1100 2519 καὶ
1115 2492 1210 2530 κομιδῇ
1230 2492 1300 2526 νέος,
1313 2494 1453 2531 χαλινουν,
1472 2492 1539 2530 μετὰ
1559 2491 1692 2531 ἀκριὸείας
1711 2491 1817 2527 ἐθίζειν,

1055 2540 1120 2578 πρὸς
1134 2541 1167 2568 τὰ
1183 2551 1208 2569 οε
1204 2540 1254 2569 ὀιτ
1257 2553 1272 2568 α
1294 2541 1433 2580 ῥυθμίζειν,
1453 2540 1571 2574 κο)οίζειν
1593 2542 1670 2569 αὐτοῦ
1692 2539 1725 2568 τα
1739 2551 1816 2574 κινη-
1855 2538 1858 2540 ’
