1886 2846
458 178 488 200 ΙΝ
518 178 622 200 Et‘tST.

623 240 648 258 ἶ.

624 263 666 275 ἳ“7

106 240 149 272 τος
165 234 219 268 εἷπε
232 261 239 274 ,
266 238 310 267 καὶ
333 238 376 268 διὰ
399 240 450 267 τῶν
472 239 553 278 ἔργων
570 240 620 268 ἔδει
693 240 738 268 καὶ
763 240 806 269 διὰ
826 241 878 268 τῶν

107 287 231 323 μαθητῶν
253 284 361 318 ἐδίδαξε.
385 284 528 322 Διώξωμεν
551 281 593 314 οὖν
614 286 661 322 τὴν
678 286 769 315 πενίαν
783 297 788 301 ·
803 287 878 325 μέγι-

106 342 166 359 στον
177 330 228 370 γάρ
240 332 311 359 ἐστιν
323 331 418 369 ἀγαθὸν
436 330 501 366 αὕτη
514 335 566 364 τοῖς
581 332 702 372 νήφουσι.
719 333 800 372 Τάχα
814 333 880 366 τινὲς

106 376 151 405 καὶ
167 377 328 410 οἰωνίζονται
342 379 393 405 τῶν
417 377 572 406 ἀκουόντων.
589 379 646 407 Οὐκ
663 380 777 408 ἀπιστῶ·
794 379 878 413 πολλὴ

106 425 122 457 ἢ
137 422 211 454 νόσος
226 422 290 458 αὕτη
306 423 380 463 παρὰ
401 428 453 456 τοῖς
475 424 578 453 πλείοσι
593 426 644 453 τῶν
665 425 821 464 ἀνθρώπων,
835 425 881 454 καὶ

108 468 224 503 τοσαύτη
243 470 295 497 τῶν
309 469 455 508 [proeium
470 473 486 505 ἦ
503 471 637 509 τυραννὶς,
661 472 696 504 ὡς
719 472 785 509 μηδὲ
802 473 881 511 μέχρι

109 513 236 551 ῥημάτων
267 516 348 549 αὐτῆς
374 514 421 550 τὴν
446 516 606 555 παραίτησιν
631 517 728 556 φέρειν,
752 516 819 546 ἀλλὰ
836 517 881 545 καὶ

108 561 119 574 ³
130 559 291 593 οἰωνίζεσθαι
306 560 412 594 ταύτην.
428 562 525 601 Πόῤῥιι)
541 565 623 590 ταῦτα
636 565 682 597 τῆς
695 566 739 591 τοῦ
752 563 879 602 Χριστια-

108 607 153 633 νοῗῖ
175 607 261 644 ψυχῆς
274 618 278 623 ·
296 605 369 635 οὐδὲν
394 607 444 646 γὰρ
459 608 651 646 πλουσιώτερον
666 611 711 636 τοῦ
726 609 816 637 πενίαν
838 610 882 637 αἱ·-

111 650 236 689 ρουμένου
251 652 338 681 ἑκοντὶ
353 652 397 680 καὶ
424 653 491 690 μετὰ
503 654 658 692 προθυμίας.
672 655 752 689 Πῶς;
768 655 819 693 ἐγὼ
839 655 882 684 λε’-

107 709 146 735 γω
157 708 163 714 ·
175 697 236 733 καὶ,
252 698 274 726 εἷ
297 698 434 736 βούλεσθε,
450 699 494 728 καὶ
508 700 586 728 αὐτοῦ
604 703 648 729 τοῦ
663 701 792 739 βασιλέως
804 702 882 730 πλου-

108 742 232 782 σιώτερον
245 743 307 772 ὄντα
320 745 457 784 ἀποφαίνω
470 745 512 774 τὸν
529 746 614 774 ἑκοντὶ
630 746 677 781 τὴν
693 746 784 775 πενίαν
797 747 883 785 αἱρού-

108 801 193 826 μενον.
210 789 328 823 Ἐκεῖνος
343 790 389 828 μὲν
402 790 453 830 γὰρ
471 791 554 820 δεῖται
568 793 682 827 πολλῶν,
698 792 744 821 καὶ
759 794 785 821 ἐν
801 805 881 832 φρον-

107 834 159 863 τίδι
175 835 248 870 ἐστὶ,
261 836 306 865 καὶ
317 836 417 865 δέδοικε
434 836 470 875 μὴ
486 837 595 876 ἐπιλίπῃ
611 839 681 877 αὐτῷ
702 838 734 866 τὰ
756 840 803 872 τῆς
819 850 881 877 τρο-

108 882 158 919 φῆς
183 883 231 915 τῆς
258 885 449 921 στρατιωτικῆς
461 895 467 900 ·
497 880 569 916 οὗτος
599 884 626 912 δὲ
652 884 739 912 πάντα
765 884 882 923 ἀφθόνως

109 926 178 965 ἔχει,
193 927 238 956 καὶ
262 928 322 967 περὶ
337 929 439 962 οὐδενὸς
464 930 573 965 δέδοικε,
590 929 635 958 καὶ
651 931 674 958 εἰ
695 929 819 964 δέδοικεν,
834 932 882 969 οὐχ

108 972 175 1012 ὑπὲρ
190 973 330 1002 τοσούτων.
346 974 394 1007 Τίς
415 971 468 1009 οἷν,
493 975 550 1004 εἶπέ
565 987 609 1012 μοι
619 998 627 1011 ,
642 975 780 1010 πλούσιος,
795 977 808 1003 ὁ
822 978 881 1005 καθ’

109 1018 225 1054 ἑκάστην
239 1019 341 1058 ἡμέραν
357 1022 487 1056 ἀπαιτῶν,
500 1021 544 1049 καὶ
558 1020 710 1054 σπουδάζων
723 1021 810 1050 πολλὰ
822 1023 882 1051 συλ-

109 1065 204 1100 λέγειν,
217 1065 263 1093 καὶ
275 1065 397 1097 δεδοικὼς
410 1065 513 1103 μήποτε
526 1066 649 1105 ἐπιλείπῃ
659 1078 665 1083 ·
676 1065 693 1100 ἢ
706 1068 719 1094 ὁ
731 1066 811 1103 μηδὲν
822 1067 882 1095 συλ-

108 1110 202 1148 λέγων,
212 1110 257 1138 καὶ
266 1112 293 1139 ἐν
304 1110 414 1151 ἀφθονίᾳ
424 1110 459 1139 ὢν
469 1112 553 1150 πολλῇ
567 1112 612 1140 καὶ
626 1111 736 1149 μηδενὸς
748 1112 882 1149 δεόμενος;

108 1156 155 1191 τὴν
180 1157 330 1195 παρῤησίαν
350 1156 401 1196 γὰρ
423 1158 505 1196 ἀρετὴ
521 1157 613 1187 δίδωσι
629 1158 674 1186 καὶ
689 1160 734 1186 τοῦ
750 1159 820 1187 Θεοῦ
832 1157 881 1197 φό-

109 1201 153 1235 ὅος
162 1225 169 1238 ,
184 1204 212 1231 οὗ
225 1202 258 1230 τὰ
272 1202 400 1241 χρήματα
409 1215 414 1220 ’
430 1205 516 1232 ἐκεῖνα
527 1203 577 1243 γὰρ
588 1204 634 1233 καὶ
645 1204 878 1233 καταδουλοῦνται.

109 1247 192 1276 Ξένια
203 1247 254 1286 γὰρ
271 1248 315 1276 καὶ
332 1249 414 1288 δῶρα,
427 1249 516 1288 φησὶν,
529 1251 651 1289 ἐκτυφλοῖ
667 1249 818 1289 ὀφθαλμοὺς
833 1261 880 1279 σο-

108 1295 174 1332 φῶν,
190 1293 234 1322 καὶ
250 1296 285 1327 ὡς
300 1294 378 1333 φιμὸς
391 1295 418 1322 ἐν
434 1295 549 1333 στόματι
563 1296 709 1335 ἀποτρέπει
724 1295 880 1335 ι’ἐλεγμούς.

108 1339 209 1369 Σκόπει
235 1342 291 1373 πῶς
309 1343 323 1369 ὁ
344 1340 424 1376 πένης
448 1343 545 1373 ἐκεῖνος
573 1342 673 1381 Πέτρος
695 1342 814 1372 Ἀνανίαν
836 1343 880 1372 τὸν

108 1385 232 1414 πλούσιον
247 1386 372 1415 ἐκόλασεν
382 1398 389 1404 ·
407 1389 457 1426 οὐχ
471 1389 485 1415 ὁ
502 1387 550 1425 μὲν
564 1387 687 1421 πλούσιος
703 1384 745 1424 ἦν,
758 1390 772 1416 ὁ
786 1388 813 1418 δὲ
828 1388 878 1418 πέ-

108 1443 169 1467 νης;
192 1433 250 1460 ἀλλ’
273 1432 320 1472 ὅρα
345 1435 436 1461 τοῦτον
456 1433 503 1470 μὲν
523 1433 590 1471 μετὰ
608 1434 741 1467 aweit-„ing
758 1435 878 1474 διαλεγό-

109 1489 196 1515 μενον,
211 1478 257 1507 καὶ
271 1478 380 1516 λέγοντα
392 1502 398 1514 ,
414 1479 482 1508 Εἰπέ
494 1491 554 1517 μοι,
565 1481 588 1508 εἰ
603 1479 727 1509 τοσούτου
743 1481 773 1509 τὸ
783 1481 879 1521 χωρίον

109 1523 236 1554 ἀπέδοσθε
247 1537 252 1542 ·
269 1527 366 1554 ἐκεῖνον
391 1525 417 1554 δὲ
434 1525 500 1562 μετὰ
520 1527 667 1561 ὑποστολῆς
684 1526 794 1565 λέγοντα
805 1547 812 1560 ,
826 1527 879 1556 Ναὶ

108 1569 242 1600 τοσούτου.
257 1571 309 1600 Καὶ
324 1570 363 1603 τίς
381 1570 457 1600 δώσει
487 1583 548 1609 μοι,
570 1571 653 1610 φησὶ,
681 1571 749 1600 κατὰ
776 1572 878 1612 Πέτρον

141 1672 150 1682 ²
169 1664 241 1689 Culh.
252 1665 295 1696 [(’.ῑ
307 1673 386 1695 marg.
398 1664 488 1697 savit]
499 1668 636 1695 otmutgzvem
649 1670 710 1696 τάχα
724 1669 812 1699 πῦῥρω.

142 1706 154 1725 b
174 1707 277 1736 ἐλέγχους
288 1703 360 1728 Lolb.
371 1704 406 1737 [et
420 1712 499 1735 marg.
514 1704 724 1736 Sat-itlAtte-rum
739 1704 827 1737 legitur
841 1706 865 1728 in

654 178 698 200 At)
726 179 809 201 ttEBr.
819 178 878 201 EOS
887 192 893 199 .

923 178 1000 200 cst).
1026 179 1061 200 x.
1091 179 1207 201 ttomt..
1237 179 1332 202 xx'ttt.
1609 168 1677 203 255

932 239 1085 276 sectionem,
1105 239 1197 269 dicens
1218 252 1224 268 ε
1244 241 1274 269 Si
1296 243 1344 269 ‘vis
1363 241 1510 281 perfectus
1528 252 1599 270 esse.
1622 241 1677 270 Hoc

932 286 1004 315 enim
1020 293 1045 315 et
1063 285 1153 315 verbis
1166 286 1253 322 dixit,
1270 293 1294 315 et
1311 286 1387 315 sactis
1402 286 1533 325 ostendit,
1546 294 1573 316 et
1585 286 1677 316 docuit

933 343 980 371 per
994 332 1150 372 discipulos.
1173 332 1360 372 Paupertatem
1381 343 1444 371 crgo
1461 340 1643 362 consectemur
1669 345 1673 360 :

933 389 962 407 ea
978 378 1049 407 enim
1064 385 1102 407 est
1114 388 1241 417 magnum
1257 379 1356 407 bonum
1373 379 1470 408 sobriis
1480 386 1506 408 et
1522 379 1555 408 iis
1569 379 1616 418 qui
1632 390 1676 407 sa-

934 424 1021 464 piunt.
1043 425 1164 453 Fortasse
1178 424 1261 463 aliqui
1284 435 1318 453 ex
1333 425 1366 453 iis
1382 425 1427 463 qui
1443 425 1574 463 audiunt,
1594 426 1679 454 refor-

934 471 1048 500 midant.
1070 471 1160 500 Facile
1181 471 1261 500 credo
1285 484 1289 498 :
1315 481 1429 510 magnus
1451 479 1490 500 est
1505 471 1550 500 hic
1568 471 1679 500 morbus

934 517 1006 557 apud
1021 517 1152 558 plurimos
1165 517 1303 554 homines,
1317 524 1343 545 et
1355 524 1427 546 tanta
1441 524 1480 546 est
1492 517 1615 559 tyrannis
1630 528 1678 556 pe-

936 565 1032 601 cuniae,
1050 573 1078 594 ut
1095 576 1142 595 nec
1158 565 1248 595 verbis
1264 572 1341 594 tenus
1357 566 1413 604 ejus
1430 565 1515 594 serant
1530 565 1679 594 recusatio-

936 623 1008 647 nem,
1025 613 1071 642 sed
1085 613 1154 641 banc
1167 612 1246 641 etiam
1259 611 1395 641 horreant.
1414 611 1512 640 Procul
1526 611 1584 640 haec
1599 611 1652 640 sint
1667 623 1680 640 a

938 659 1084 687 Christiani
1103 658 1192 687 anima
1216 670 1221 686 ε
1244 658 1312 687 nihil
1331 658 1401 686 enim
1420 665 1458 686 est
1479 657 1562 686 ditius
1583 668 1613 686 eo
1633 657 1680 695 qui

937 712 1120 744 paupertatem
1133 715 1179 733 sua
1196 710 1288 743 sponte
1299 703 1373 742 eligit
1382 710 1477 732 etcum
1488 713 1585 742 magna
1596 703 1678 731 animi

936 751 1082 780 alacritate.
1105 750 1259 786 Quomodo,
1274 749 1362 778 dicam
1379 762 1384 778 ι
1404 757 1439 787 et,
1460 750 1481 779 si
1495 750 1596 785 vultis,
1614 761 1675 779 eum

936 798 983 836 qui
997 809 1043 827 sua
1056 805 1149 838 sponte
1162 804 1345 838 paupertatem
1355 797 1438 836 eligit,
1452 799 1511 837 ipso
1522 807 1584 836 rege
1596 797 1680 826 ditio-

937 855 992 874 rem
1012 855 1067 873 esse
1081 844 1201 874 ostendo.
1225 845 1294 873 Nam
1309 843 1355 872 ille
1373 843 1483 882 quidem
1497 850 1555 882 eget
1569 843 1678 881 multis,

936 897 961 918 et
978 898 1016 919 est
1033 891 1163 919 sollicitus
1175 914 1181 925 ‚
1199 902 1229 919 ac
1245 891 1321 919 timet
1343 900 1375 918 ne
1393 891 1415 919 ei
1433 890 1541 919 deficiat
1555 890 1680 919 militaris

937 943 1100 965 commeatus
1121 949 1126 963 :
1144 936 1188 965 hic
1205 943 1293 965 autem
1309 936 1400 965 omnia
1414 936 1494 965 habet
1513 936 1633 973 affatim,
1656 943 1681 965 et

934 981 968 1010 de
980 982 1055 1010 nullo
1070 982 1155 1017 timet,
1170 982 1268 1010 nedum
1280 982 1313 1011 de
1325 989 1379 1011 tam
1396 982 1498 1012 multis.
1514 983 1584 1019 Quis
1596 993 1662 1022 ergo
1671 1006 1679 1020 ,

935 1028 980 1056 dic
990 1039 1091 1066 quaeso,
1109 1035 1146 1057 est
1160 1028 1247 1065 dives,
1261 1029 1316 1058 isne
1331 1030 1376 1068 qui
1392 1029 1513 1068 quotidie
1524 1037 1563 1059 est
1577 1030 1680 1059 sollici-

936 1080 987 1110 tus,
1005 1081 1031 1102 et
1042 1074 1140 1113 cogitat
1155 1081 1180 1103 et
1191 1075 1313 1103 studium
1326 1076 1401 1114 ponit
1418 1083 1445 1104 ut
1462 1076 1546 1105 multa
1561 1076 1679 1115 colligat,

935 1131 966 1148 ac
983 1120 1059 1149 timet
1076 1131 1108 1149 ne
1127 1120 1273 1158 aliquando
1294 1120 1419 1149 deficiant
1437 1134 1443 1149 z
1461 1133 1494 1150 an
1510 1123 1532 1150 is
1550 1123 1597 1161 qui
1610 1123 1679 1151 nihil

935 1165 1056 1205 colligit,
1074 1173 1099 1194 et
1110 1166 1153 1194 cui
1168 1166 1278 1195 abunde
1290 1167 1379 1195 omnia
1391 1174 1546 1206 suppetunt,
1565 1175 1590 1197 et
1603 1168 1678 1197 nullo

935 1214 1061 1253 indiget?
1076 1215 1163 1244 virtus
1178 1215 1249 1244 enim
1263 1222 1289 1244 et
1303 1216 1352 1244 Dei
1369 1223 1456 1244 metus
1474 1216 1520 1245 dat
1535 1216 1676 1251 fiduciam,

934 1276 986 1295 non
1004 1265 1123 1306 pecuniae
1142 1277 1147 1293 :
1163 1265 1217 1295 illae
1232 1265 1302 1294 enim
1320 1266 1400 1294 etiam
1417 1266 1444 1294 in
1461 1266 1617 1295 servitutem
1633 1277 1676 1295 re-

933 1316 1040 1356 digunt.
1057 1318 1155 1346 Xenia
1172 1318 1256 1354 enim,
1273 1317 1376 1356 inquit,
1393 1324 1419 1346 et
1435 1318 1513 1346 dona
1528 1325 1677 1347 excaecant
1693 1331 1753 1351 ΕΜ,
1791 1338 1830 1352 22„

934 1368 1034 1397 oculos
1053 1370 1238 1408 sapientum,
1264 1375 1291 1397 et
1316 1370 1402 1407 quasi
1414 1369 1541 1408 frenum
1561 1371 1592 1397 in
1616 1380 1675 1405 ore,

934 1426 1069 1448 avertunt
1080 1421 1284 1459 correptiones.
1303 1419 1447 1448 Considera
1462 1419 1597 1458 quomodo
1613 1431 1678 1459 pau-

889 1456 924 1506 1?
932 1470 1036 1510 pet-ille
1047 1471 1141 1499 Petrus
1154 1470 1286 1499 Ananiam
1298 1470 1375 1499 illum
1387 1469 1499 1499 divitem
1510 1469 1599 1509 puniit
1613 1483 1618 1498 :
1632 1481 1679 1499 an-

932 1531 985 1549 non
1000 1520 1046 1549 hic
1057 1520 1165 1559 quidem
1180 1528 1236 1550 erat
1249 1521 1334 1559 dives,
1351 1521 1396 1550 ille
1412 1532 1474 1550 vero
1493 1531 1594 1560 pauper
1604 1521 1617 1548 ?
1631 1521 1677 1549 sed

932 1570 995 1600 vide
1009 1570 1087 1600 illum
1102 1571 1210 1610 quidem
1225 1572 1377 1610 loquentem
1393 1583 1453 1600 cum
1471 1571 1637 1607 auctoritate,
1652 1578 1677 1599 et

936 1664 1016 1689 Editis
1028 1664 1086 1689 libri
1100 1665 1277 1690 Ecclesiastici.

506 1817 680 1845 MUTIANO
703 1816 957 1846 SCHOLASTICO
980 1817 1233 1846 INTERPRETE.

108 1916 224 1953 Christo,
239 1916 285 1954 qui
295 1917 483 1956 perfectionem
498 1916 572 1944 illam
588 1915 659 1944 dixit
671 1926 727 1944 esse
739 1916 859 1951 virtutis,
871 1915 962 1944 dicens
976 1916 1022 1944 :Si
1039 1918 1086 1944 vis
1099 1916 1244 1954 perfectus
1261 1926 1330 1944 esse.
1345 1916 1400 1945 Hoc
1415 1917 1487 1945 enim
1505 1917 1561 1956 ipse
1572 1925 1596 1946 et
1614 1929 1672 1947 rer-

107 1963 149 1991 bis
163 1962 249 1999 dixst,
265 1969 290 1990 et
303 1962 430 2001 operibus
448 1962 514 2001 ipsis
533 1962 659 1997 ostendit,
676 1969 702 1990 et
714 1972 762 2001 per
775 1962 922 2001 discipulos
936 1972 997 1990 suos
1009 1961 1110 1990 docuit.
1125 1962 1265 1990 Sectemur
1279 1971 1342 2000 ergo
1360 1969 1544 2001 paupertatem
1558 1975 1564 1990 :
1581 1964 1672 1992 maxi-

108 2021 183 2039 mum
196 2010 297 2049 quippe
311 2010 411 2038 bonum
425 2017 463 2038 est
481 2017 623 2049 paupertas
637 2010 862 2048 vigilantioribus.
878 2010 999 2038 Fortasse
1013 2009 1051 2037 sic
1069 2008 1140 2037 enim
1155 2009 1276 2037 nonnulli
1291 2019 1325 2037 ex
1338 2009 1510 2038 audientibus
1533 2021 1670 2050 auguran—

107 2064 167 2095 tur3
183 2064 209 2086 et
221 2068 272 2086 non
284 2064 323 2086 est
334 2057 401 2086 mihi
416 2057 584 2087 incredibile.
603 2057 708 2086 Multus
723 2057 824 2097 quippe
838 2065 877 2086 est
891 2057 1001 2085 morbus
1011 2056 1085 2096 apud
1098 2056 1231 2096 plurimos
1248 2056 1401 2093 hominum,
1416 2064 1442 2085 et
1457 2064 1528 2086 tanta
1543 2059 1672 2097 pecunia-

106 2115 167 2134 rum
178 2105 348 2144 tyrannis‚ut
362 2115 409 2133 nec
423 2105 465 2134 vel
482 2105 572 2134 verbis
589 2105 726 2144 patiantur
737 2106 759 2134 ei
774 2105 936 2139 renuntiare,
952 2104 998 2133 sed
1015 2111 1040 2133 et
1057 2115 1136 2132 omne
1151 2110 1246 2143 putant
1261 2104 1418 2138 adversum,
1435 2104 1457 2132 si
1473 2105 1515 2134 vel
1530 2105 1612 2134 verbo
1626 2116 1672 2134 re-

105 2152 219 2192 pudient
244 2152 380 2192 pecunias.
405 2153 496 2191 Longe
518 2153 589 2181 absit
614 2153 664 2181 hoc
684 2153 718 2181 ab
738 2153 827 2181 anima
849 2152 1100 2189 Christian33nihil
1115 2152 1186 2180 enim
1199 2152 1353 2191 opulentius
1367 2162 1408 2188 eo,
1423 2152 1470 2190 qui
1487 2160 1670 2192 paupertatem

105 2206 199 2238 sponte
212 2199 307 2238 deligit
323 2206 347 2228 et
362 2210 424 2228 cum
440 2200 577 2229 alacritate
592 2201 712 2240 suscipit.
725 2200 867 2235 Quomodo
881 2208 970 2228 autem
984 2200 1046 2235 hoc,
1063 2200 1172 2238 inquit?
1186 2200 1290 2233 Dicam,
1305 2206 1331 2228 et
1344 2200 1365 2228 si
1379 2199 1462 2228 vultis
1476 2199 1533 2239 ipso
1549 2201 1671 2240 Impera-

105 2253 162 2275 tore
174 2246 299 2276 ditiorem
314 2258 369 2276 esse
384 2249 540 2287 pronuntio.
555 2249 625 2284 Quis
640 2248 728 2288 potius
743 2249 868 2277 assumsit
884 2247 1088 2288 paupertatem?
1102 2247 1152 2276 Ille
1167 2247 1275 2285 quidem
1301 2257 1368 2287 opus
1388 2247 1469 2275 babet
1487 2248 1611 2287 pluribus
1622 2270 1630 2285 ‚
1645 2256 1672 2278 et

104 2293 131 2322 in
146 2293 217 2323 curis
228 2301 266 2323 est
281 2294 451 2330 constitutus,
460 2302 485 2323 et
500 2302 607 2324 veretur
622 2306 654 2324 ne
669 2295 757 2324 minus
772 2295 795 2323 ei
812 2296 857 2323 fiat
873 2294 905 2323 ad
918 2306 946 2324 ea
958 2305 1017 2333 quae
1028 2294 1175 2323 necessaria
1190 2301 1253 2323 sunt
1267 2294 1409 2333 stipendiis
1426 2294 1608 2323 militaribus:
1622 2295 1672 2324 iste

103 2349 192 2371 autem
208 2342 297 2371 omnia
311 2343 451 2371 affluenter
464 2343 555 2378 habet,
573 2351 598 2372 et
614 2343 648 2372 de
667 2344 740 2372 nulla
760 2354 789 2372 re
810 2343 896 2378 timet,
909 2354 939 2372 ac
954 2343 976 2372 si
992 2343 1077 2377 timet,
1097 2353 1147 2371 non
1164 2353 1213 2381 pro
1232 2342 1323 2370 tantis.
1342 2342 1422 2377 Quis,
1438 2341 1482 2370 dic
1497 2342 1573 2374 mihi,
1589 2343 1672 2371 ditior

104 2397 143 2418 est
159 2400 165 2416 :
185 2389 230 2428 qui
246 2400 293 2429 per
311 2390 432 2428 singulos
453 2390 510 2419 dies
525 2391 620 2429 exigit,
636 2399 659 2419 et
675 2391 781 2419 festinat
799 2391 876 2431 plura
890 2391 1026 2429 colligere,
1038 2397 1063 2419 et
1078 2390 1154 2419 timet
1167 2400 1200 2418 ne
1215 2389 1319 2427 aliquid
1331 2390 1353 2417 ei
1366 2389 1475 2418 deficiat
1491 2401 1538 2419 :an
1556 2391 1611 2426 illc,
1624 2393 1671 2430 qui

105 2436 174 2465 nihil
188 2437 317 2475 colligens
333 2438 470 2466 affluentia
489 2438 574 2466 multa
587 2438 638 2467 sibi
655 2439 803 2468 sufficiente
821 2438 960 2473 consistit,
979 2445 1003 2466 et
1018 2438 1123 2466 nullum
1139 2437 1298 2476 postulans?
1314 2437 1453 2465 Fiduciam
1471 2438 1572 2477 quippo
1586 2440 1674 2469 virtus

106 2484 203 2513 tribuit
212 2492 237 2513 et
249 2485 299 2514 Dei
311 2486 401 2521 timor,
412 2496 462 2514 non
477 2486 595 2525 pecuniae
609 2499 614 2513 :
630 2487 684 2515 illae
699 2498 814 2526 namque
827 2494 852 2516 et
865 2487 892 2516 in
903 2486 1062 2516 servitutem
1077 2485 1214 2524 redigunt.
1225 2486 1362 2522 Munera,
1375 2485 1470 2524 inquit,
1486 2493 1514 2515 et
1528 2488 1607 2516 dona
1619 2499 1674 2516 ea·-

110 2539 220 2560 caecant
239 2533 336 2562 oculos
347 2556 354 2568 ‚
378 2540 404 2562 et
435 2535 507 2562 sicut
533 2535 660 2563 cucurba
676 2537 707 2563 in
724 2545 773 2563 ore
799 2541 939 2564 versatur
964 2535 1188 2573 redargutionis.
1202 2533 1347 2561 Considera
1362 2540 1491 2571 quantum
1507 2545 1610 2574 pauper
1625 2536 1675 2564 Pe-

110 2582 167 2604 trus
183 2577 312 2607 Ananiam
326 2578 439 2608 divitem
456 2579 527 2608 ultus
540 2587 578 2608 est
596 2592 601 2607 z
617 2591 704 2610 nonne
721 2581 766 2610 illc
777 2581 886 2619 quidem
904 2580 980 2610 dives
993 2587 1063 2619 erat,
1079 2581 1128 2609 iste
1141 2586 1228 2609 autem
1246 2579 1367 2619 pauper?
1382 2579 1426 2608 sed
1441 2580 1505 2609 vide
1521 2581 1597 2610 illum
1615 2583 1675 2621 qui-
