1906 2846
579 176 606 197 ¹¹..
636 175 775 198 JoANNts
802 175 982 199 CHRYSOST.
1014 175 1169 200 Ancum-19.
1198 175 1467 200 CONSTANTINOP.

255 169 262 211 —N

270 168 288 211 -ſsx

296 180 311 198 2}

452 365 612 393 HOMILIA
633 363 769 395 XXXIV.
992 365 1025 414 Ἣ
1319 369 1454 397 ΟΜΙΑΙΑ
1476 369 1524 397 λδ’,

241 459 299 486 (hv
319 457 396 486 XIH.
411 468 437 485 v.
458 458 501 485 ¹7.
522 456 642 485 obedite
650 458 813 496 proepositis
825 459 941 493 vestris,
956 464 983 486 et
1039 458 1166 487 Πείθεσθε
1180 463 1233 492 τοῖς
1248 459 1405 497 ἡγουμένοις
1420 461 1504 498 ὑμῶν,
1520 460 1564 488 καὶ
1579 460 1719 489 ominare·
1736 461 1809 490 αὐτοὶ

280 505 427 543 subjacete
449 505 490 531 eis
505 514 513 529 :
527 505 582 540 ipsi
604 504 680 530 enim
699 503 875 541 pervigilant
896 505 984 542 quasi
1078 504 1128 543 γὰρ
1143 506 1318 543 ἀγρυπνοῦσιν
1333 505 1400 545 ὑπὲρ
1414 508 1465 534 τῶν
1479 507 1569 544 ψυχῶν
1585 508 1667 544 ὑμῶν,
1679 509 1714 539 ὡς
1730 507 1805 546 λόγον

279 551 421 578 rationem
436 559 488 587 pro
512 549 667 576 animabus
687 550 793 577 vestris
816 549 981 578 reddituri.-
1078 550 1272 583 ἀποδώσοντες·
1287 550 1328 579 ἵνα
1347 551 1413 588 μετὰ
1431 556 1515 591 χαρᾶς
1529 554 1606 580 τοῦτο
1629 553 1741 589 ποιῶσι,
1763 552 1807 581 καὶ

280 601 311 623 ιιι
327 605 392 623 cum
408 594 515 633 gaudio
537 594 591 622 hoc
604 594 732 632 saciant,
748 600 775 622 et
794 605 852 623 non
865 605 982 633 gemen-
1079 595 1115 633 μὴ
1133 596 1310 629 στενάζοντες·
1326 597 1477 629 ἀλυσιτελὲς
1491 596 1541 635 γὰρ
1553 599 1613 635 ὑμῖν
1628 600 1712 627 τοῦτο.

282 647 322 670 tes
337 653 345 668 :
361 641 415 669 hoc
438 642 514 668 enirn
541 650 600 667 non
613 640 729 678 expedit
749 641 843 669 vobis.

279 735 306 762 1.
322 733 425 761 Malum
435 732 543 771 quidem
562 740 600 761 est
618 733 717 771 ubique
731 743 784 762 non
795 733 895 762 habere
910 734 982 773 prin·
1077 734 1165 763 Κακὸν
1180 734 1226 773 μὲν
1241 737 1257 770 ἡ
1271 735 1386 774 ἀναρχία
1399 737 1552 774 πανταχοῦ,
1566 735 1613 764 καὶ
1622 736 1728 764 πολλῶν
1741 736 1809 765 ὑπό-

239 779 366 817 cipatuin,
381 785 406 806 et
419 785 608 817 argumentum
621 779 769 807 multarum
787 779 983 815 calamitatum,
1038 784 1108 813 Οεσις
1127 782 1278 820 συμφορῶν,
1294 781 1339 809 καὶ
1356 780 1425 820 ἀρχὴ
1451 781 1558 814 ἀταξίας
1578 781 1623 810 καὶ
1638 781 1805 820 συγχύσεως·

239 835 269 852 ac
280 824 443 862 principium
457 824 666 862 perturbationis
680 834 711 852 ac
726 824 889 853 confusionis
907 836 912 852 :
927 835 981 853 tua<
1002 831 1018 852 B
1038 827 1155 865 μάλιστα
1181 827 1208 856 δὲ
1232 829 1258 856 ἓν
1282 827 1431 866 Ἐκκλησία
1453 831 1575 856 τοσοῦτον
1598 828 1808 868 ἐπισφαλεστέρα

239 869 312 898 xime
327 880 390 899 vero
416 869 443 898 in
459 869 577 898 Ecclesia
596 869 623 898 id
636 876 708 898 tanto
722 869 898 909 perniciosius
923 877 961 898 est
972 893 980 905 ‚
1038 873 1117 907 ἐστὶν,
1135 872 1192 902 ὅσον
1208 872 1252 902 καὶ
1264 873 1352 907 τὸτῆς
1368 874 1451 911 ἀρχῆς
1465 874 1553 910 μεῖζον
1574 873 1620 901 καὶ
1635 873 1806 913 ὑψηλότερον,

240 922 337 954 quanto
360 916 524 955 principatus
544 916 601 955 ejus
625 917 711 955 major
731 923 770 945 est
791 923 816 944 et
830 916 982 945 sublimior.
1036 919 1143 959 ”Ωσπερ
1157 918 1222 958 γὰρ,
1244 919 1274 946 ἂν
1290 923 1370 958 χοροῦ
1389 919 1432 947 τὸν
1455 923 1596 957 κορυφαῖον
1617 918 1728 958 ἀνέλῃς,
1749 919 1809 959 οὐχὶ

241 963 309 990 Nam
331 962 399 990 sicut
421 962 444 991 si
467 962 542 990 chori
565 962 739 1001 coryphaeum
764 962 916 999 sustuleris,
931 973 983 991 non
1037 965 1105 994 κατὰ
1120 965 1196 1004 μέλος
1212 965 1257 993 καὶ
1273 964 1341 993 κατὰ
1363 964 1435 998 τάξιν
1457 967 1470 993 ὁ
1487 965 1565 1004 χορὸς
1584 964 1675 1000 ἔσται,
1697 965 1742 994 καὶ
1756 966 1808 1005 φά-

240 1009 290 1037 erit
310 1009 426 1048 amplius
446 1007 541 1037 modus
565 1015 590 1036 et
614 1007 680 1036 ordo
703 1008 729 1036 in
748 1008 829 1036 choro
841 1019 849 1045 ς
868 1015 894 1036 et
921 1007 943 1036 si
967 1019 982 1036 a
1036 1012 1132 1049 λαγγος
1154 1010 1330 1049 στρατοπέδου
1349 1010 1392 1039 τὸν
1415 1010 1563 1049 στρατηγὸν
1586 1010 1615 1038 ἂν
1639 1010 1808 1050 ἀποστήσῃς,

238 1054 370 1093 phalange
392 1054 525 1082 exercitus
539 1053 672 1082 amoveris
701 1054 897 1092 imperatorem,
929 1063 981 1081 non
1036 1058 1083 1084 οὐχ
1098 1056 1137 1084 ἔτι
1152 1057 1240 1095 ῥυθμῷ
1257 1056 1302 1084 χαὶ
1324 1055 1395 1089 τάξει
1415 1055 1448 1084 τὰ
1469 1058 1516 1091 τῆς
1530 1055 1701 1094 παρατάξεως
1717 1055 1807 1092 ἔσται,

239 1100 288 1128 erit
304 1100 421 1139 amplius
435 1098 558 1128 ordinata
572 1098 658 1136 acies,
672 1105 697 1127 et
723 1098 746 1126 si
772 1098 881 1137 navigio
915 1098 981 1127 ade—
1036 1102 1079 1130 καὶ
1094 1101 1186 1130 πλοίου
1202 1101 1244 1130 τὸν
1262 1101 1423 1139 κυὸερνήτην
1438 1101 1483 1130 ἐὰν
1498 1100 1638 1139 περιέλῃς,
1649 1101 1806 1134 καταδύσεις

238 1145 318 1174 meris
332 1145 547 1184 gubernatorem,
562 1154 656 1173 navem
667 1143 802 1182 demerges
820 1155 825 1170 :
840 1143 876 1171 ita
890 1143 980 1180 etiam,
1035 1147 1064 1174 τὸ
1079 1147 1192 1186 σκάφος
1207 1147 1275 1176 οὕτω
1291 1147 1351 1182 καὶ,
1364 1146 1486 1185 ποιμνίου
1498 1146 1540 1175 τὸν
1555 1146 1669 1184 ποιμένα
1680 1147 1725 1175 ἐὰν
1742 1148 1806 1176 ἀπο.

239 1192 287 1220 sia
309 1201 388 1229 grege
411 1196 544 1229 pastorem
562 1189 715 1227 abstuleris,
732 1189 822 1217 omnia
851 1189 979 1218 evertisti.
1035 1194 1149 1232 στήσῃς,
1164 1193 1250 1221 πάντα
1266 1192 1409 1231 ἀνέτρεψας
1431 1192 1475 1220 καὶ
1490 1191 1630 1230 ἠφάνισας.
1648 1192 1739 1220 Κακὸν
1757 1192 1805 1230 μὲν

239 1239 325 1274 Atque
353 1236 455 1264 malum
469 1234 578 1273 quidem
595 1242 633 1263 est
647 1235 818 1273 magistratus
831 1241 856 1263 et
871 1234 980 1263 rectoris
1033 1234 1076 1267 οὖν
1092 1242 1108 1273 ἦ
1125 1238 1239 1277 ἀναρχία
1250 1238 1294 1266 χαὶ
1307 1239 1456 1275 ἀνατροπῆς
1469 1237 1591 1268 ὖπόΟεσις
1601 1259 1608 1272 ,
1623 1237 1703 1266 κακὸν
1715 1237 1742 1266 δὲ
1754 1239 1802 1276 οὐχ

238 1283 367 1318 desectus,
385 1289 411 1311 et
424 1281 527 1310 occasio
541 1281 686 1310 eversionis
699 1293 706 1317 ;
718 1291 769 1309 non
789 1281 878 1310 minus
889 1288 977 1309 autem
1032 1282 1109 1318 ἧττον
1121 1284 1165 1313 καὶ
1178 1287 1194 1319 ἡ
1206 1283 1325 1311 ἀπείθεια
1337 1285 1388 1311 τῶν
1404 1282 1557 1321 ἀρχομένων
1568 1293 1574 1299 ·
1586 1282 1615 1310 τὸ
1630 1283 1693 1311 αὐτὸ
1703 1283 1753 1322 γὰρ
1764 1283 1803 1322 γί-

240 1329 340 1357 malum
351 1334 390 1357 est
404 1327 483 1356 etiam
498 1326 677 1355 inobedientia
692 1337 783 1355 eorum
806 1327 852 1364 qui
867 1326 905 1354 eis
917 1333 979 1354 sunt
996 1335 1013 1357 G
1032 1341 1105 1358 νεται
1118 1330 1207 1358 πάλιν,
1220 1328 1290 1360 Λαὸς
1299 1328 1349 1366 γὰρ
1362 1328 1469 1366 ἄρχοντι
1491 1327 1528 1365 μὴ
1541 1327 1704 1366 πειθόμενος,
1715 1329 1803 1367 ὅμοιός

239 1376 352 1415 subjecti
366 1387 372 1403 ε
385 1386 446 1404 nam
459 1374 529 1403 idem
544 1385 635 1403 rursus
654 1374 762 1402 accidit.
778 1374 897 1412 Populus
907 1374 976 1401 enim
1033 1377 1089 1404 ἐστι
1103 1377 1140 1413 τῷ
1156 1374 1193 1412 μὴ
1208 1374 1312 1413 ἔχοντι,
1326 1373 1397 1413 τάχα
1412 1373 1438 1402 δὲ
1451 1373 1495 1401 καὶ
1506 1373 1611 1413 χείρων·
1626 1375 1680 1402 ἐκεῖ
1691 1373 1738 1411 μὲν
1752 1374 1803 1412 γὰρ

240 1432 292 1450 non
305 1432 400 1461 parens
429 1421 535 1455 rectori,
549 1427 588 1448 est
601 1420 697 1448 similis
712 1420 734 1448 ei
750 1419 794 1457 qui
821 1429 873 1447 non
889 1419 977 1454 habet,
1033 1421 1077 1449 καὶ
1089 1420 1246 1459 συγγνώμην
1264 1420 1366 1459 ἔχουσιν
1382 1419 1448 1458 ὑπὲρ
1462 1421 1509 1455 τῆς
1523 1419 1639 1455 ἀταξίας,
1654 1420 1764 1448 ἐνταῦθα
1776 1420 1803 1448 δὲ

240 1475 264 1497 et
279 1469 345 1496 forte
357 1468 438 1496 ctiam
459 1466 575 1495 deterior
589 1478 594 1493 :
607 1476 668 1494 nam
682 1465 737 1494 illic
756 1464 865 1503 quidem
878 1465 916 1494 cis
926 1465 978 1493 da-
1033 1466 1131 1502 οὐκέτι,
1144 1466 1212 1495 ἀλλὰ
1227 1466 1271 1495 καὶ
1286 1465 1450 1498 κολάζονται.
1461 1464 1529 1493 Ἀλλ’
1540 1465 1604 1497 ἴσως
1615 1466 1668 1504 ἐρεῖ
1682 1477 1721 1498 τις
1729 1468 1803 1503 ἡμῖν,

241 1521 284 1542 tur
309 1513 397 1550 venia,
419 1513 441 1541 si
454 1512 520 1541 ordo
535 1519 559 1540 et
574 1510 720 1540 moderati0
735 1521 787 1539 non
801 1511 956 1540 observetur
970 1523 978 1548 ς
1033 1513 1072 1541 ὅτι
1087 1513 1142 1541 ἔστι
1154 1512 1198 1540 καὶ
1206 1511 1292 1550 τρίτον
1305 1511 1394 1546 κακὸν,
1403 1510 1464 1540 ὅταν
1474 1513 1490 1540 ὁ
1504 1511 1593 1550 ἅρχων
1604 1506 1621 1549 ᾗ
1633 1511 1720 1544 κακός.
1735 1507 1804 1541 Οἶδα

240 1559 285 1588 hic
297 1566 387 1587 autem
411 1569 462 1587 non
477 1558 524 1591 ita,
536 1557 581 1585 sed
597 1557 675 1585 etiam
690 1556 850 1595 puniuntur.
881 1559 915 1585 At
935 1557 978 1586 di·
1034 1558 1108 1597 κάγὼ
1118 1579 1126 1593 ,
1139 1558 1184 1586 καὶ
1196 1558 1224 1586 οὐ
1237 1557 1329 1595 μικρὸν
1340 1560 1416 1585 τοῦτο
1427 1556 1519 1592 κακὸν,
1531 1556 1599 1585 ἀλλὰ
1610 1557 1654 1585 καὶ
1667 1559 1713 1592 τῆς
1725 1559 1804 1596 ἀναρ-

241 1612 281 1633 cet
304 1605 413 1633 sortasse
431 1602 688 1641 quispiam,tertium
707 1612 763 1630 esse
784 1601 884 1630 malum
896 1624 904 1639 ,
919 1613 979 1631 cum
1033 1604 1094 1643 χίας
1105 1605 1195 1642 πολλῷ
1208 1603 1308 1632 κάκιον·
1321 1607 1437 1641 κρεῖττον
1449 1602 1499 1642 γὰρ
1511 1602 1561 1631 ὑπὸ
1577 1602 1685 1640 μηδενὸς
1695 1603 1804 1641 ἄγεσθαι

241 1650 328 1679 malus
356 1650 389 1678 sit
404 1649 564 1686 rector-‚Ego
579 1658 684 1685 quoque
696 1647 724 1675 id
737 1647 800 1684 scio,
813 1654 839 1676 et
854 1657 907 1676 non
919 1659 982 1687 par·
1034 1651 1051 1685 ἢ
1064 1650 1114 1679 ὑπὸ
1128 1652 1210 1679 κακοῦ
1226 1649 1345 1687 ἄγεσθαι.
1357 1648 1391 1677 Ὁ
1412 1648 1459 1686 μὲν
1473 1648 1524 1686 γὰρ
1536 1647 1663 1681 πολλάκις
1678 1648 1724 1686 μὲν
1736 1649 1804 1678 ἐσώ-

241 1706 307 1725 vum
323 1695 371 1723 hoc
388 1695 488 1722 malum
501 1716 508 1729 ‚
525 1693 570 1722 scd
585 1693 663 1721 ctiam
682 1694 760 1732 longe
771 1694 846 1732 pejus
876 1694 979 1723 defectu
1036 1699 1067 1731 οη
1078 1718 1085 1728 ,
1098 1695 1225 1726 πολλάκις
1240 1694 1267 1722 δὲ
1284 1694 1478 1723 ἐκινδύνευσεν·
1495 1690 1568 1726 οὗτος
1581 1693 1608 1721 δὲ
1629 1693 1734 1726 πάντως
1749 1706 1803 1722 κιν-

242 1742 350 1771 rectoris
372 1751 402 1770 ac
423 1740 594 1779 magistratus
610 1751 616 1767 :
631 1739 726 1768 melius
741 1747 779 1768 est
793 1740 865 1769 enim
876 1751 891 1769 a
906 1740 980 1770 nullo
1037 1740 1165 1777 δυνεύσει,
1179 1741 1213 1772 εἷς
1230 1739 1349 1778 βάραθρα
1369 1738 1504 1777 ἀγόμενος.
1528 1739 1590 1771 Πῶς
1609 1733 1653 1767 οῧν
1670 1740 1684 1767 ὁ
1698 1739 1804 1767 Παῧλός

640 1849 816 1878 MUTIANO
837 1849 1094 1879 SCHOLASTICO
1116 1847 1369 1878 INTERPRETE.

283 1941 428 1970 obaudite
451 1942 612 1979 praepositis
632 1942 748 1975 vestris,
772 1947 799 1969 et
821 1941 930 1969 subditi
952 1947 1040 1969 estote
1053 1944 1092 1969 εἰς
1109 1952 1117 1967 :
1133 1942 1190 1979 ipsi
1204 1943 1282 1968 enim
1297 1938 1427 1978 vigilant
1451 1948 1505 1976 pro
1521 1939 1675 1966 animabus
1697 1938 1802 1966 vestris

241 1992 386 2018 rationem
398 1988 539 2016 reddituri
552 1999 560 2014 :
577 1994 608 2016 ut
628 1988 682 2016 hoc
696 1998 762 2016 cum
773 1989 881 2027 gaudio
892 1989 1024 2028 saciant,
1040 1994 1067 2016 et
1080 1998 1138 2016 non
1146 1988 1390 2026 congemiscentes
1402 1997 1410 2012 .-
1427 1996 1485 2014 non
1497 1987 1574 2014 enim
1588 1985 1702 2024 expedit
1718 1986 1803 2013 vobis

242 2035 331 2064 istud.
355 2033 459 2062 Malum
477 2033 587 2071 quidem
601 2040 649 2067 est,
676 2033 724 2062 ubi
743 2034 834 2063 nullus
848 2041 886 2063 est
900 2035 1078 2074 principatus,
1096 2041 1121 2063 et
1135 2034 1282 2062 multarum
1304 2032 1423 2061 cladium
1436 2032 1493 2060 haec
1514 2042 1555 2060 res
1570 2031 1675 2060 exsistit
1686 2030 1799 2065 occasio,

242 2088 268 2110 et
295 2079 456 2109 confusionis
483 2086 521 2107 est
545 2079 781 2118 turbationumque
807 2080 983 2120 principium.
999 2080 1075 2110 Sicut
1102 2080 1174 2109 enim
1199 2079 1220 2108 si
1237 2089 1271 2107 ex
1292 2079 1374 2107 choro
1400 2078 1490 2117 ipsum
1516 2077 1664 2116 principem
1686 2077 1801 2112 auferas,

242 2137 411 2166 nequaquam
436 2126 590 2155 modulatus
612 2127 709 2156 chorus
724 2128 765 2157 vel
790 2127 928 2157 ordinatus
942 2128 1046 2156 exsistit
1061 2139 1068 2164 ;
1082 2134 1107 2156 et
1122 2127 1241 2166 phalanx
1254 2125 1371 2153 militum
1387 2125 1408 2153 si
1423 2124 1518 2152 ducem
1533 2134 1585 2152 non
1597 2123 1710 2160 haheat,
1725 2122 1802 2152 nullo

243 2174 324 2203 modo
338 2183 476 2202 numerose
496 2173 564 2201 acies
586 2173 632 2202 illa
653 2174 696 2203 vel
710 2174 831 2203 ordinate
846 2175 967 2214 procedit
983 2182 1027 2212 ;et
1041 2174 1116 2203 navis
1131 2174 1152 2202 si
1167 2173 1346 2212 gubernatore
1359 2171 1492 2211 privetur,
1514 2181 1622 2210 pessum
1643 2177 1684 2199 eat
1698 2180 1803 2199 necesse

244 2229 281 2250 est
294 2233 301 2257 ;
316 2228 341 2249 et
355 2221 400 2260 [f.
416 2220 451 2248 ita
474 2220 604 2258 et]gregi
629 2221 651 2249 si
667 2228 799 2260 pastorem
825 2222 977 2259 abstuleris,
993 2228 1104 2250 cunctus
1118 2220 1287 2260 dispergetur
1307 2226 1332 2248 et
1355 2218 1449 2258 periet.
1463 2218 1569 2246 Malum
1586 2217 1669 2256 igitur
1690 2224 1728 2246 est
1755 2217 1803 2245 ubi

244 2266 335 2294 nullus
361 2272 400 2294 est
423 2264 806 2304 principatu53subversionis
836 2267 936 2306 quippe
961 2267 1012 2296 hoc
1035 2273 1075 2295 est
1089 2272 1287 2305 argumentum.
1313 2265 1416 2293 Malum
1434 2270 1526 2292 autem
1547 2270 1653 2293 estnon
1675 2263 1764 2292 minus
1780 2269 1805 2291 et

244 2312 423 2341 inobedientia
437 2322 540 2348 eorum,
566 2311 611 2349 qui
624 2318 753 2350 reguntur
766 2324 781 2341 a
794 2313 915 2353 principe
930 2325 939 2351 ;
956 2314 1028 2343 idem
1046 2313 1147 2342 malum
1163 2311 1263 2351 quippe
1277 2311 1416 2350 contingit.
1432 2310 1552 2350 Populus
1566 2309 1637 2338 enim
1651 2309 1674 2337 si
1690 2319 1742 2337 non
1757 2309 1805 2337 ob-

244 2358 365 2396 sequitur
380 2357 505 2397 principi,
529 2357 624 2386 similis
638 2364 676 2386 est
702 2359 803 2397 populo
826 2360 977 2400 principem
1002 2371 1054 2389 non
1070 2359 1190 2396 habenti,
1207 2360 1260 2388 imo
1271 2358 1352 2387 etiam
1364 2357 1488 2386 deterior.
1513 2357 1557 2385 Illi
1578 2356 1687 2395 quidem
1710 2355 1802 2384 saltem

244 2405 349 2433 veniam
365 2405 461 2433 habent
474 2427 482 2441 ,
506 2415 554 2444 pro
572 2415 624 2443 quo
648 2404 804 2444 indisposite
828 2414 907 2445 atque
932 2407 1083 2436 inordinate
1105 2413 1255 2443 versantur,
1274 2405 1407 2444 siquidem
1423 2404 1576 2433 ordinatore
1600 2402 1702 2442 privati
1717 2409 1778 2430 sunt
1794 2413 1800 2429 :

244 2451 273 2480 hi
289 2459 377 2480 autem
391 2452 496 2481 veniam
511 2462 563 2480 non
585 2459 728 2488 merentur,
743 2452 890 2490 quinetiam
904 2455 1062 2493 puniuntur.
1078 2454 1133 2484 Sed
1147 2454 1257 2483 sortasse
1270 2452 1371 2491 aliquis
1384 2452 1461 2489 dicit,
1477 2451 1541 2490 quia
1555 2457 1593 2479 est
1606 2449 1715 2478 tertium
1730 2459 1800 2487 quo-

245 2510 295 2537 que
310 2500 421 2534 malum,
444 2499 551 2537 quando
570 2499 628 2539 ipse
650 2499 774 2539 princeps
802 2501 890 2529 malus
904 2502 1036 2531 exstiterit
1053 2503 1125 2530 :hoc
1147 2502 1210 2531 novi
1228 2501 1308 2530 etiam
1330 2511 1389 2539 ego,
1406 2506 1431 2528 et
1445 2510 1497 2528 non
1523 2508 1618 2537 parum
1636 2497 1736 2526 malum
1763 2502 1801 2524 est

245 2546 326 2579 istud,
353 2546 406 2574 imo
421 2546 499 2575 etiam
526 2547 602 2586 pejus
624 2553 671 2582 est,
689 2558 769 2585 quam
794 2548 849 2576 sine
871 2548 992 2588 principe
1006 2549 1157 2578 conversari
1175 2561 1180 2576 :
1196 2549 1291 2577 melius
1316 2547 1416 2587 quippe
1429 2553 1466 2575 est
1483 2557 1497 2574 a
1513 2545 1597 2579 nullo,
1618 2555 1697 2583 quam
1709 2555 1724 2572 a
1736 2553 1799 2582 pes-
