1886 2846
227 197 272 231 58
557 206 586 229 S.
614 204 754 228 Jotxxts
780 203 959 227 CHRYSOST.
987 203 1141 225 Ancffltir‘.
1171 200 1438 223 CONSTANTtNOP.

228 280 326 298 cuum:
342 270 438 298 etenim
454 276 594 308 propterca
607 267 677 296 dicia
698 272 736 294 cst
751 265 889 304 prophetia
905 277 910 292 :
928 267 964 291 ln

228 326 261 344 eo
273 317 360 350 enim,
377 314 472 353 inquit,
490 313 568 353 quod
578 314 676 341 omnia
694 314 720 339 ei
737 312 875 349 subjecit,
891 310 965 337 nihil

228 363 338 390 dimisit
354 371 412 389 non
433 362 594 399 subjectum
614 360 648 387 ei.
671 356 812 392 Quomodo
831 366 893 393 crgo
912 364 964 382 non

228 414 289 436 sunt
301 407 389 435 omnia
397 407 421 435 ei
434 405 566 445 subjecta?
577 403 711 439 Quoniam
720 409 780 431 sunt
789 399 962 439 subjicienda.

228 453 257 482 Si
273 463 336 491 ergo
349 452 438 481 omnia
452 450 629 490 subjicienda,
643 448 756 478 necdum
770 454 858 475 tamen
873 445 964 483 subje-

229 506 270 527 cta
285 505 357 533 sunt,
369 509 402 526 ne
419 508 488 536 aegrc
501 497 568 525 feras
582 506 628 524 nec
644 492 770 522 turberis.
789 492 856 519 Nam
868 489 890 518 si
903 499 964 517 cum

229 545 291 574 finis
305 544 413 583 quidem
428 543 583 575 advenisset,
594 548 619 569 ct
631 539 718 568 omnia
733 542 817 565 essent
826 535 944 574 subjecta
955 557 963 571 ‚

229 591 286 620 haec
299 590 444 630 patereris,
460 589 554 618 merito
571 587 673 615 doleres
688 596 693 611 ι
708 593 777 611 nunc
790 588 879 610 autem
895 591 962 609 non-

229 638 295 667 dum
316 638 439 667 videmus
462 636 550 665 omnia
569 635 592 662 ei
614 632 748 670 subjecta,
762 631 822 658 Rex
844 628 963 657 nondum
982 636 1001 657 Α

229 695 297 723 pure
309 684 474 712 dominatum
487 679 611 709 obtinuit.
627 676 701 712 Quid
718 685 780 714 crgo
798 675 964 704 conturbaris

229 729 299 758 male
310 729 411 768 patiens
420 728 433 755 9
450 725 568 755 nondum
580 733 670 752 omnes
684 720 821 760 superavit
833 720 964 760 praedica-

229 776 284 811 tio;
300 774 417 803 nondum
431 779 467 800 est
487 778 589 809 tempus
604 775 633 797 ut
647 768 762 807 perfecte
776 766 961 806 subjiciantur.

228 820 332 849 Deinde
346 828 438 848 rursus
453 817 505 845 alia
514 814 660 844 consolatio
669 836 676 849 ‚
687 812 820 851 siquidem
834 812 858 841 is
867 812 913 850 qui
925 819 965 841 est

228 876 318 895 omnes
328 865 469 893 habiturus
481 862 628 900 subjectos,
641 860 698 899 ipse
716 869 822 897 quoque
835 865 874 887 est
888 868 964 886 mor-

227 918 289 939 tuus
301 933 308 947 ,
333 916 359 938 ct
377 907 583 937 innumerabilia
600 916 748 946 perpessus.
766 906 796 934 9.
817 905 895 933 Eum
909 915 964 933 αιι-

227 963 294 991 tem,
313 957 364 994 qui
383 955 495 983 modico
512 963 600 992 quam
617 952 715 991 angeli
733 952 896 979 minoratus
913 957 964 987 est,

225 1002 358 1030 videmus
392 1001 493 1029 Jesum
518 1005 636 1038 propter
659 999 824 1036 passionem
855 998 964 1025 mortis.

254 1047 331 1076 einde
348 1057 440 1075 rursus
457 1045 600 1085 subjunxit
619 1054 679 1082 quae
696 1049 757 1071 sunt
773 1043 843 1071 bona
864 1055 870 1070 :
890 1042 964 1071 Glo-

226 1096 271 1122 ria
289 1100 317 1122 et
337 1094 446 1121 honore
462 1098 644 1121 coronatum.
667 1089 771 1119 Vidisti
790 1088 922 1127 quomodo
941 1089 965 1117 ei

226 1140 314 1169 omnia
325 1137 493 1178 adaptaverit
502 1138 516 1165 Ρ
530 1147 591 1166 nam
601 1135 670 1164 illud
682 1136 811 1172 ΛΙοιίίεο,
825 1134 867 1163 illi
879 1134 965 1173 magis

226 1184 391 1222 congruerit,
408 1183 455 1221 qui
475 1189 526 1211 tres
540 1181 598 1210 dies
611 1181 680 1209 solos
695 1180 745 1208 fuit
759 1179 833 1219 apud
847 1179 944 1208 inferos
954 1202 962 1216 ‚
982 1185 1000 1208 B

226 1239 279 1258 non
290 1230 366 1259 nobis
376 1229 424 1267 qui
433 1228 481 1257 diu
496 1235 521 1256 et
533 1228 648 1256 multum
662 1225 861 1265 corrumpimur
873 1237 879 1253 z
890 1226 965 1254 simi-

226 1275 288 1303 liter
297 1282 322 1304 et
332 1275 400 1303 illud
408 1297 417 1312 ,
435 1275 541 1303 Gloria
551 1280 578 1302 et
591 1274 714 1306 honore,
728 1271 769 1300 illi
780 1271 858 1310 longe
867 1272 963 1310 magis,

227 1331 309 1358 quam
324 1320 400 1349 nobis
412 1319 558 1349 conveniet.
574 1320 677 1348 Rursus
692 1329 798 1347 crucem
809 1318 847 1347 eis
860 1325 966 1347 revocat

227 1367 254 1395 in
267 1367 435 1403 memoriam,
448 1366 502 1394 duo
516 1366 615 1394 faciens
631 1377 636 1392 ε
656 1375 750 1404 nempe
762 1372 786 1393 et
803 1375 894 1393 curam
909 1366 966 1404 ejus

227 1412 255 1440 in
268 1423 314 1441 nos
326 1412 465 1441 ostendens
477 1435 484 1448 ,
498 1418 523 1440 et
534 1411 648 1440 suadens
662 1418 690 1439 ut
702 1411 790 1439 omnia
803 1421 929 1448 generoso
941 1418 966 1439 et

226 1459 288 1486 forti
298 1459 387 1487 animo
396 1459 489 1495 ferant,
501 1457 535 1486 ad
548 1457 708 1496 Magistrum
719 1456 884 1496 aspicientes.
897 1457 965 1485 Nam

227 1504 248 1531 si
270 1504 292 1531 is
307 1504 353 1541 qui
371 1503 516 1540 adoratur,
536 1503 639 1541 inquit,
655 1503 689 1531 ab
706 1502 822 1540 angelis,
838 1502 965 1530 sustinuit

227 1549 356 1588 quiddam
371 1550 459 1578 minus
474 1549 573 1577 habere
585 1559 666 1587 quam
685 1548 772 1587 angeli
792 1555 901 1587 propter
916 1555 942 1577 te
956 1560 962 1576 :

227 1595 312 1624 multo
323 1596 408 1634 magis
422 1602 450 1624 tu
463 1595 510 1634 qui
520 1605 546 1624 es
559 1594 647 1623 minor
656 1594 767 1633 angelis,
781 1594 860 1623 debes
875 1594 964 1623 onmia

1019 264 1210 298 ὑποτέτακται,
1224 262 1287 291 ρὈτι
1309 262 1399 300 μέλλει
1421 262 1621 291 ὑποτάσσεσθαι.
1642 263 1675 291 Εἰ
1695 263 1780 291 τοίνυν

1017 308 1104 336 πάντα
1124 308 1171 345 μὲν
1191 309 1355 346 ὑποταγῆναι
1378 307 1489 347 ὀφείλει,
1512 307 1584 336 οὔπω
1605 308 1632 336 δὲ
1656 308 1780 337 ὑποτέτα-

1019 365 1093 388 κται,
1117 353 1154 391 μὴ
1179 354 1296 392 ἄσήαλλε
1319 353 1384 392 μηδὲ
1401 353 1518 392 θορυὸοῧ.
1535 354 1568 381 Ei
1594 352 1640 390 μὲν
1661 352 1713 392 γὰρ
1737 356 1782 381 τοῦ

1018 399 1107 432 τέλους
1132 399 1360 438 παραγενομένου,
1385 400 1429 428 καὶ
1453 399 1558 428 πάντων
1585 398 1782 437 ὖποταγέντων,

1018 448 1101 474 ταῦτα
1112 445 1225 484 ἔπασχες
1234 469 1241 481 ,
1254 446 1358 478 εἰκότως
1373 446 1461 484 ἦλγεις
1473 458 1479 463 ·
1495 449 1537 474 νῦν
1555 445 1581 474 δὲ
1594 445 1666 474 οὔπω
1679 446 1782 484 ὁρῶμεν

1019 492 1088 529 αὐτῷ
1114 492 1147 520 τὰ
1168 492 1255 520 πάντα
1276 491 1488 530 ὑποτεταγμένα,
1512 491 1584 520 οὔπω
1604 491 1747 531 ἐκράτησεν
1769 493 1783 519 ὁ

1020 537 1141 574 βασιλεὺς
1162 540 1291 577 καθαρῶς,
1313 538 1349 567 Τι’
1369 538 1452 566 τοίνυν
1469 538 1581 576 Θορυῧῇ,
1600 538 1711 576 πάσχων
1735 548 1782 565 κα·

1019 586 1087 619 κῶς;
1106 583 1178 612 οὔπω
1201 584 1306 613 πάντων
1328 584 1479 623 περιγέγονε
1502 584 1531 612 τὸ
1551 583 1690 622 κήρυγμα,
1709 582 1782 611 οὔπω

1019 630 1107 668 καιρὸς
1121 629 1208 658 τέλεον
1230 632 1402 668 ὑποταγῆναι.
1417 625 1484 658 Εἶτα
1499 629 1578 658 πάλιν
1601 628 1677 667 ἑτέρα
1691 628 1781 666 παροί-

1018 677 1110 710 κλησις
1121 688 1126 693 ·
1139 676 1189 712 ἤδη
1203 679 1216 705 ὃ
1232 676 1334 714 μέλλων
1346 676 1447 708 πάντας
1460 677 1529 715 ἔχειν
1545 673 1782 713 ὗποτεταγμένους,

1018 722 1062 750 καὶ
1075 722 1150 755 αὐτὸς
1160 723 1287 758 ἀπέθανε,
1299 722 1344 751 καὶ
1358 722 1438 762 μυρία
1452 722 1572 751 πέπονθε.
1584 721 1638 750 Τὸν
1653 720 1679 749 δὲ
1696 719 1781 759 βραχύ

1018 780 1044 796 τι
1070 769 1133 807 παρ’
1159 769 1282 806 ἀγγέλους
1303 768 1487 805 ἠλαττωμένον
1517 767 1664 806 βλέπομεν,
1689 765 1781 805 φησὶν,

1018 815 1122 849 Ἰησοῦν
1132 837 1139 849 ,
1161 814 1204 842 διὰ
1217 815 1246 843 τὸ
1259 814 1371 852 πάθημα
1383 816 1428 842 τοῦ
1443 814 1562 842 θανάτου.
1580 808 1648 842 Εἶτα
1668 811 1702 840 τὰ
1716 823 1782 850 χρη-

1019 859 1068 888 στὰ
1082 859 1161 888 πάλιν
1170 881 1177 894 ,
1187 859 1256 898 Δόξῃ
1269 860 1314 888 καὶ
1325 861 1389 897 τιμῇ
1405 858 1626 898 ἐστεφανωμένον.
1640 853 1717 889 Εἶδες
1726 857 1783 888 πῶς

1020 907 1090 945 αὐτῷ
1104 906 1190 935 πάντα
1208 906 1327 946 ἥρμοσε,
1342 906 1450 944 καὶγὰρ
1470 905 1515 938 τὸ,
1536 904 1644 943 Βραχὶι,
1667 905 1736 942 αὐτῷ
1752 902 1782 930 ἂν

1019 951 1143 990 ἁρμόσειε
1161 953 1275 990 μᾶλλον,
1291 954 1328 991 τῷ
1348 957 1417 991 τρεῖς
1435 951 1535 989 ἡμέρας
1549 949 1679 989 γενομένῳ
1698 950 1724 977 ἐν
1745 949 1783 986 τῷ

1019 998 1068 1037 ᾅδῃ
1082 998 1162 1036 μόνας
1171 1020 1178 1033 ,
1192 999 1249 1027 ἀλλ’
1266 1000 1316 1037 οὐχ
1325 1001 1389 1036 ἡμῖν
1403 1003 1456 1030 τοῖς
1468 995 1579 1027 ἐπιπολὺ
1591 995 1768 1036 φθειρομένοις
1779 1006 1784 1011 ·

1018 1043 1114 1081 ὁμοίως
1135 1044 1179 1072 καὶ
1193 1044 1236 1079 τὸ,
1249 1043 1318 1081 Δόξῃ
1331 1043 1376 1072 καὶ
1388 1046 1466 1081 τιμῇ,
1482 1042 1573 1082 ἐκείνῳ
1587 1043 1678 1081 πολλῷ
1693 1039 1782 1074 πλέον,

1018 1089 1034 1124 ἢ
1060 1092 1124 1127 ἡμῖν
1147 1089 1268 1127 ἁρμόσει.
1294 1089 1378 1117 Πάλιν
1406 1088 1497 1119 αὐτοὺς
1521 1087 1717 1126 ἀναμιμνήσκει
1738 1088 1783 1115 τοῦ

1018 1138 1146 1174 σταυροῦ,
1162 1138 1172 1150 ³
1184 1135 1229 1164 δύο
1245 1139 1328 1164 ταῦτα
1352 1137 1518 1173 κατορῡῶσαι
1542 1133 1713 1169 σπουδάζων,
1738 1132 1784 1161 καὶ

1018 1181 1065 1217 τὴν
1086 1180 1245 1219 κηδεμονίαν
1274 1183 1352 1210 αὐτοῦ
1379 1181 1476 1217 δεῖξαι,
1502 1180 1547 1208 καὶ
1574 1184 1664 1208 πεῖσαι
1692 1178 1785 1210 αὐτοὺς

1019 1227 1106 1256 πάντα
1121 1228 1206 1265 φέρειν
1221 1227 1358 1264 γενναίως,
1374 1228 1410 1259 εἷς
1427 1227 1470 1255 τὸν
1487 1226 1642 1254 διδάσκαλον
1662 1227 1784 1263 ἀφορῶν-

1018 1285 1075 1306 τας.
1094 1275 1129 1302 Εἰ
1151 1273 1202 1312 γὰρ
1216 1276 1229 1302 ὁ
1243 1274 1467 1312 προσκυνούμενος
1482 1273 1525 1300 ὑπ’
1542 1271 1675 1310 ἀγγέλων,
1690 1270 1783 1309 φησὶν,

1018 1320 1144 1359 ἠνέσχετο
1156 1319 1242 1358 βραχύ
1255 1332 1280 1347 τι
1292 1321 1354 1358 παρ’
1366 1319 1490 1357 ἀγγέλους
1502 1318 1570 1356 ἔχειν
1583 1317 1626 1346 διὰ
1639 1317 1683 1346 σέ·
1695 1317 1784 1355 πολλῷ

1019 1366 1118 1403 μᾶλλον
1134 1366 1165 1394 σὺ
1188 1367 1201 1393 ὃ
1222 1367 1273 1393 τῶν
1297 1365 1415 1402 ἀγγέλων
1438 1363 1569 1399 ἐλάττων,
1590 1363 1678 1392 πάντα
1698 1363 1784 1402 φέρειν

1018 1411 1129 1450 ὀφείλεις
1141 1412 1174 1439 δι’
1190 1411 1277 1440 αὐτόν.
1293 1406 1360 1439 Εἶτα
1375 1409 1502 1438 δείκνυσιν
1512 1431 1519 1444 ,
1532 1409 1571 1438 ὅτι
1587 1409 1647 1442 δόξα
1659 1409 1704 1437 καὶ
1717 1407 1784 1446 τιμὴ

1018 1460 1032 1486 ὁ
1053 1457 1162 1496 σταυρός
1182 1458 1252 1486 ἐστιν
1266 1469 1271 1474 ·
1286 1459 1420 1496 ὡσπεροῧν
1435 1455 1480 1483 καὶ
1504 1456 1580 1488 αὐτὸς
1601 1455 1675 1488 δόξαν
1704 1455 1783 1484 αὐτὸν

1018 1503 1093 1531 καλεῖ
1114 1502 1213 1541 λέγων·
1229 1497 1328 1530 γΗλθεν
1350 1504 1367 1536 ἡ
1392 1501 1464 1540 ὥρα,
1492 1500 1535 1529 ἵνα
1557 1500 1666 1539 δοξασθῇ
1686 1502 1700 1528 ὃ
1721 1499 1784 1532 Υἱὸς

1018 1552 1062 1577 τοῦ
1078 1548 1224 1588 ἀνθρώπου.
1242 1549 1275 1576 Ei
1299 1543 1341 1576 οὖν
1363 1549 1459 1579 ἐκεῖνος
1481 1546 1514 1574 τὰ
1537 1546 1580 1575 διὰ
1599 1546 1658 1579 τοὺς
1677 1545 1783 1577 δούλους

1018 1593 1092 1627 δόξαν
1110 1595 1200 1630 καλεῖ,
1213 1595 1302 1633 πολλῷ
1318 1593 1417 1631 μᾶλλον
1429 1592 1460 1622 σὺ
1473 1592 1506 1621 τὰ
1522 1592 1564 1621 διὰ
1578 1592 1622 1620 τὸν
1636 1591 1783 1626 Δεσπότην.

261 1707 270 1717 ==
288 1697 385 1730 [tidem
399 1701 434 1724 3120
447 1705 514 1724 ποιῶν
527 1702 562 1723 καὶ
576 1703 623 1727 τὴν.
641 1704 666 1721 ot
680 1706 737 1722 mox
757 1700 805 1726 κηῑ»
821 1701 888 1724 αὑτοῦ
901 1700 980 1727 δεικνὺς
992 1702 1028 1723 καὶ
1041 1702 1120 1724 πείθων
1133 1703 1206 1724 πάντα
1218 1699 1254 1731 Aa]

646 1806 698 1834 MU
705 1806 818 1835 TIANO
841 1806 1094 1836 SCHOLASTICO
1116 1806 1366 1835 INTERPRETE.

228 1904 331 1936 oportet
341 1896 449 1935 subjici,
463 1895 629 1923 manifestum
642 1902 680 1924 cst
693 1907 698 1922 :
710 1896 805 1924 etenim
814 1896 953 1936 prophetia
963 1903 1072 1936 propter
1084 1897 1134 1925 hoc
1144 1896 1215 1925 dicta
1226 1902 1271 1925 est.
1284 1898 1321 1924 In
1333 1906 1365 1925 eo
1376 1903 1473 1926 autem
1481 1899 1559 1936 quod
1567 1900 1683 1938 subjicit
1694 1899 1729 1935 ei,
1740 1898 1783 1927 in·

227 1944 298 1982 quit,
311 1945 420 1977 omnia,
436 1942 511 1970 nihil
524 1943 641 1986 reliq-uit
655 1945 681 1971 ei
696 1953 753 1971 non
767 1945 936 1982 subjectum.
952 1943 1094 1979 Quomodo
1111 1954 1173 1983 ergo
1187 1954 1240 1972 non
1255 1944 1344 1972 omnia
1358 1944 1478 1984 subjecta
1492 1945 1577 1974 sunt?
1589 1947 1724 1982 Quoniam
1738 1947 1784 1975 fu-

228 1997 319 2019 turum
334 1997 382 2026 est,
392 1997 421 2018 ut
437 1989 622 2028 subjiciantur.
634 1990 664 2019 Si
679 2001 740 2029 ergo
753 1991 841 2019 omnia
856 1998 958 2030 oportet
969 1992 1078 2032 subjici,
1090 1991 1202 2020 necdum
1215 1998 1304 2020 autem
1317 1992 1435 2031 subjecta
1445 1999 1516 2028 sunt,
1525 1992 1594 2021 nihil
1608 1994 1780 2023 contristeris.

228 2036 258 2065 Si
272 2036 343 2065 enim
354 2037 407 2064 fine
420 2035 589 2069 adveniente,
601 2042 626 2064 et
642 2037 765 2066 omnibus
778 2039 913 2077 subjectis,
923 2039 980 2068 haec
994 2039 1121 2078 patereris
1136 2049 1195 2076 quae
1210 2039 1316 2077 pateris,
1327 2045 1397 2067 recte
1406 2038 1509 2067 doleres
1521 2051 1527 2066 :
1540 2050 1610 2069 nunc
1621 2047 1710 2070 autem
1720 2052 1783 2071 nec-

228 2083 295 2112 dum
319 2082 442 2111 videmus
461 2081 484 2110 ei
499 2081 587 2110 omnia
603 2082 732 2121 subjecta,
748 2084 861 2112 necdum
875 2086 1026 2124 Imperator
1040 2091 1128 2113 noster
1147 2091 1241 2113 cuncta
1256 2084 1382 2113 obtinuit.
1404 2084 1481 2120 Quid
1493 2094 1556 2123 ergo
1570 2085 1702 2123 turbaris,
1716 2086 1783 2116 dum

228 2129 317 2167 aliqua
333 2129 404 2157 mala
420 2128 540 2168 pateris?
555 2128 669 2157 necdum
681 2130 769 2158 omnia
781 2130 895 2159 obtinuit
910 2131 1064 2170 praedicatio
1077 2138 1178 2168 nostra,
1197 2130 1309 2159 necdum
1322 2137 1437 2169 tempus,
1453 2130 1480 2159 in
1495 2141 1548 2169 quo
1561 2132 1702 2170 perficitur
1714 2133 1783 2162 sub-

225 2176 318 2214 jectio.
332 2175 436 2204 Deinde
447 2175 498 2203 alia
510 2175 664 2204 consolatio.
679 2176 706 2204 Si
722 2177 792 2204 enim
805 2177 883 2205 etiam
895 2178 960 2217 ipse,
976 2178 1022 2217 qui
1036 2188 1127 2207 omnes
1140 2177 1273 2217 subjectos
1284 2177 1426 2205 habiturus
1437 2184 1484 2212 est,
1495 2185 1616 2206 mortuus
1631 2185 1681 2215 est,
1697 2186 1723 2208 et
1736 2179 1784 2208 de-

228 2233 285 2251 cem
300 2222 384 2250 millia
400 2232 492 2260 passus
505 2230 511 2248 z
526 2221 592 2259 quid
606 2221 779 2256 contristaris,
792 2233 852 2251 cum
866 2231 890 2252 et
905 2231 931 2252 tu
948 2224 1067 2264 pateris?
1081 2226 1169 2254 Nunc
1181 2230 1278 2252 autem
1292 2224 1426 2252 videmus
1435 2225 1589 2262 paululum
1604 2226 1641 2253 ab
1659 2226 1782 2265 angelis,

227 2269 326 2308 inquit,
339 2271 515 2297 minoratum
527 2269 627 2297 Jesum
643 2269 800 2303 Christum,
820 2278 939 2309 propter
951 2274 1116 2310 passionem
1134 2274 1246 2300 mortis.
1270 2270 1373 2300 Deinde
1389 2271 1480 2300 intulit
1501 2272 1571 2300 bona
1589 2279 1614 2300 et
1639 2283 1782 2312 prospera:

230 2317 334 2345 Gloria
349 2323 376 2345 et
390 2317 500 2344 honore
513 2322 692 2344 coronatum.
709 2316 778 2345 Vide
788 2318 922 2354 quomodo
936 2319 976 2347 itti
992 2320 1080 2348 omnia
1095 2319 1240 2359 coaptavit.
1253 2318 1360 2347 Etenim
1374 2318 1492 2358 idipsum
1506 2318 1578 2357 quod
1593 2319 1681 2355 dixit,
1697 2321 1783 2349 Pau-

228 2364 332 2401 lulum,
349 2363 435 2402 magis
448 2363 473 2392 ei
484 2370 577 2402 aptum
591 2370 639 2398 est,
651 2374 680 2392 eo
694 2364 766 2402 quod
778 2371 833 2393 >tres
847 2365 916 2394 solos
928 2366 984 2395 dics
996 2366 1023 2395 in
1036 2366 1138 2396 inferno
1151 2366 1221 2395 fecit.
1235 2367 1427 2395 Verumtamen
1439 2366 1516 2394 nobis
1527 2366 1573 2404 qui
1584 2373 1656 2395 tanto
1666 2373 1784 2406 tempore

228 2409 454 2445 contribulemur,
471 2419 522 2437 non
546 2416 630 2448 potest
651 2409 736 2448 aptari
753 2410 838 2448 gloria
852 2417 877 2438 et
892 2411 992 2446 honor,
1012 2412 1059 2441 scd
1081 2413 1122 2441 illi
1144 2412 1228 2441 multo
1243 2412 1359 2451 amplius
1379 2422 1460 2450 quam
1483 2412 1568 2441 nobis.
1582 2413 1683 2440 Iterum
1697 2412 1734 2441 eis
1754 2413 1781 2442 in

227 2463 341 2484 mentem
354 2456 457 2485 reducit
471 2456 620 2495 passionem
633 2457 720 2485 crucis
734 2468 740 2484 ε
755 2457 809 2485 duo
820 2457 928 2495 faciens,
942 2465 967 2486 et
981 2466 1108 2497 quantam
1121 2470 1213 2488 curam
1226 2459 1259 2487 de
1273 2459 1397 2488 omnibus
1409 2459 1505 2487 habeat
1515 2459 1664 2495 ostendens,
1679 2466 1705 2487 et
1718 2470 1781 2499 per-

226 2502 338 2531 suadens
357 2502 445 2531 omm'a
460 2503 562 2532 sortiter
574 2504 701 2541 tolerare,
717 2504 782 2533 dum
796 2504 956 2543 Magistrum
976 2506 1011 2534 ita
1027 2506 1159 2536 viderent.
1175 2507 1204 2536 Si
1218 2506 1289 2535 enim
1302 2506 1350 2544 qui
1362 2506 1397 2535 ab
1411 2506 1512 2545 angelis
1526 2505 1665 2544 adoratur,
1680 2506 1778 2545 inquit,

224 2549 351 2578 sustinuit
365 2550 504 2589 paululum
517 2550 551 2579 ab
564 2551 664 2590 angelis
677 2551 802 2580 minorari
815 2552 916 2581 :multo
932 2553 1047 2592 amplius
1060 2560 1099 2591 tu,
1111 2555 1156 2592 qui
1172 2554 1273 2593 angelis
1293 2553 1382 2582 minor
1393 2564 1420 2582 es
1429 2575 1437 2590 ,
1451 2559 1544 2582 cuncta
1566 2553 1679 2582 tolerare
1697 2553 1777 2582 debes
