1886 2846
452 177 482 202 iN
514 179 619 202 Etusr.

61 242 124 278 νὰς,
144 242 212 271 ἀλλὰ
235 242 381 281 προσέθηκε
406 242 450 270 καὶ
472 242 514 270 τὸν
536 241 648 280 τρόπεως
675 240 754 270 εἰπὼν
769 240 830 280 γὰρ,

62 289 112 317 'Ex
132 292 178 317 τοῦ
194 293 310 326 μαμωνᾶ
333 290 380 322 τῆς
396 288 516 322 ἀδικίας,
542 287 636 320 ἔδειξεν
657 287 698 316 ὅτι
713 288 766 316 ἀπὸ
780 289 831 316 τῶν

62 334 209 374 χρημάτων
223 333 352 374 προσήκει
373 336 482 368 ποιίσαι
498 334 604 366 τούτους
620 334 722 372 φίλους,
746 334 832 367 δηλῶν

61 380 102 408 ὅτι
117 381 166 419 οὑχ
179 380 269 411 ἁπλῶς
284 380 464 418 προστήσεται
476 380 551 417 ἡμῶν
565 379 649 418 φιλία,
664 379 709 407 ἐὰν
721 378 758 416 μὴ
771 378 833 417 ἔργα

63 427 166 465 ἔχωμεν
182 425 279 464 ἀγαθὰ,
295 426 340 454 ἐὰν
357 425 393 463 μὴ
409 426 452 454 τὸν
470 425 567 454 daim-m
581 425 739 462 συλλεγέντα
754 425 834 453 πλοῦ-

63 483 107 500 τον
122 471 228 505 δικαίως
243 471 409 509 κενώσωμεν.
434 467 520 503 Οὗτος
531 470 557 499 δὲ
571 473 584 499 ὁ
595 470 670 508 λόγος
684 472 747 507 ἡμῖν
763 472 776 498 ὁ
788 473 835 505 τῆς

65 517 244 555 ἐλεημοσύνης
263 518 292 546 οὐ
314 517 379 556 πρὸς
393 516 452 549 τοὺς
468 516 606 547 πλουσίους
623 516 701 553 μόνον
716 515 837 554 ἁρμόσει,

65 563 134 592 ἀλλὰ
148 563 194 592 καὶ
209 564 275 602 πρὸς
289 563 348 595 τοὺς
362 563 486 597 πένητας.
502 562 558 591 Κᾶν
575 557 592 599 ἦ
606 573 645 593 τις
659 562 688 589 ἐκ
704 564 750 589 τοῦ
762 571 836 599 προς-

66 613 147 637 αιτεῖν
170 608 339 647 τρεφόμενος,
374 608 419 636 καὶ
446 607 510 646 πρὸς
533 607 609 635 αὐτόν
630 607 701 635 ἐστιν
725 609 739 635 ὁ
762 607 838 644 λόγος

66 649 155 686 οὗτος·
181 656 210 683 οὖ
227 655 278 693 γάρ
295 655 383 689 ἐστιν,
402 655 447 683 οὒκ
463 653 533 682 ἔστιν
548 652 631 685 οὕτως
646 652 728 685 οὐδεὶς
748 652 838 688 πένης,

67 699 114 728 κᾶν
136 700 237 739 σφόδρα
259 700 339 735 πένης
354 696 371 738 ᾗ
384 722 391 734 ,
415 701 450 731 ὡς
474 698 520 727 δύο
533 700 639 727 λεπτῶν
656 698 693 736 μὴ
710 700 839 737 εὐπορεῖν.

66 745 174 774 Ἔνεστι
184 750 245 784 γοῦν
260 746 305 774 καὶ
320 745 346 779 ἐξ
361 745 457 784 ὀλίγων
478 744 555 782 ὀλίγα
568 744 646 772 δόντα
658 767 666 780 ,
681 744 740 777 τοὺς
752 743 840 773 πολλὰ

67 790 242 828 κεκτημένους
256 791 451 831 ἱπερὸαλέσθαι
471 791 580 819 πλείονα
602 790 735 823 διδόντας’
753 791 838 818 καθά-

67 848 117 875 περ
134 836 244 872 κάκείνη
265 840 282 872 ἡ
303 837 385 876 χήρα.
413 839 454 866 OC·
474 836 525 875 γὰρ
540 839 578 876 τῷ
595 836 684 876 με’-,ρῳ
699 839 750 865 τῶν
770 837 838 865 διδο-

69 882 171 920 μένων,
186 883 255 912 ἀλλὰ
270 885 302 920 τῇ
320 883 430 921 δυνάμει
448 883 492 911 καὶ
507 885 539 921 τῇ
555 883 709 922 προαιρέσει
730 884 783 911 τῶν
799 883 839 910 δι-

68 927 164 957 δόντων
180 929 298 968 κρίνεται
312 932 359 964 τῆς
374 928 554 966 ἐλεημοσύνης
576 929 606 958 τὸ
621 929 737 967 μέγεθος.
754 928 840 956 ‘'ssot-³.

68 978 204 1014 πανταχοῦ
219 975 396 1014 προαιρέσεως
409 978 474 1013 ἡμῖν
489 976 527 1003 δεῖ
539 996 546 1010 ,
561 978 698 1013 πανταχοῦ
716 975 763 1007 τῆς
777 974 841 1012 πρὸς

69 1021 112 1049 τὸν
128 1021 197 1050 θεὸν
211 1021 326 1059 ἀγάπης.
350 1020 415 1049 Ἐὰν
432 1020 500 1057 μετὰ
516 1020 612 1054 ταύτης
631 1020 737 1048 ἅπαντα
753 1018 839 1058 πράτ-

70 1078 156 1104 τωμεν
170 1088 177 1102 ,
203 1066 252 1094 κᾶν
268 1065 352 1104 μικρὰ
365 1065 470 1104 ἔχοντες
484 1065 568 1104 μικρὰ
585 1065 670 1102 δῶμεν
681 1087 688 1100 ,
709 1066 756 1094 οὐκ
771 1067 841 1094 ἀπο-

70 1112 176 1150 στρέψει
190 1114 204 1141 ὁ
218 1111 286 1144 Θεὸς
298 1112 328 1140 τὸ
342 1111 483 1150 πρόσωπον
499 1112 578 1139 αὑτοῦ
590 1133 597 1146 ,
612 1111 681 1139 ἀλλὰ
694 1110 796 1143 δέξεται
807 1112 842 1142 ὡς

71 1158 176 1196 μεγάλα
195 1157 241 1186 καὶ
256 1156 406 1195 θαυμαστοί.
431 1157 474 1195 Τῇ
492 1156 544 1194 γὰρ
558 1156 730 1195 προαιρέσει,
745 1158 774 1185 οὐ
790 1161 843 1190 τοῖς

71 1203 215 1241 διδομένοις
227 1203 354 1242 προσέχει
365 1215 370 1221 ·
386 1203 434 1231 κᾶν
449 1203 551 1238 ἐκείνην
565 1203 607 1241 ἴδῃ
621 1202 739 1241 μεγάλην
752 1197 842 1237 οὖσαν,

70 1251 152 1289 ταύτῃ
167 1250 268 1279 τίθεται
281 1249 328 1283 τὰς
342 1249 443 1288 ψήφους
458 1249 502 1277 καὶ
517 1249 630 1287 κρίσεις,
650 1250 695 1278 καὶ
710 1251 762 1278 τῶν
779 1250 843 1277 αἰω-

70 1298 132 1324 νίων
144 1298 248 1334 ἀγαθῶν
261 1300 329 1325 ποιεῖ
343 1295 484 1335 μετόχους·
499 1291 535 1323 ὧν
547 1295 648 1332 γε’νοιτο
659 1295 761 1327 πάντας
772 1298 844 1331 ἡμῖὶς

71 1344 215 1381 ἐπιτυχεῖν,
228 1343 319 1382 χάριτι
335 1342 379 1371 καὶ
394 1342 588 1382 φιλανθρωπία.

650 177 694 201 ,m
721 175 802 200 ttEsstt
809 177 875 201 ‚1305
883 191 890 199 .

919 176 997 200 car.
1026 178 1050 200 1.
1080 177 1199 200 nonin.
1230 177 1252 199 1.
1599 178 1634 211 ¹7

890 238 1109 277 exstinguamus,
1134 246 1164 266 ut
1184 239 1240 266 illie
1260 238 1409 266 habeamus
1429 238 1569 266 fiduciam.
1587 239 1636 266 iit-

889 283 960 312 enim
974 283 1029 311 illic
1042 293 1093 312 non
1105 290 1167 312 sunt
1182 283 1226 311 isti
1239 282 1286 320 qui
1300 292 1348 310 nos
1359 282 1521 321 suscipiunt,
1532 282 1578 310 sed
1588 293 1636 311 no-

890 335 974 357 strum
995 338 1072 367 opus.
1084 326 1164 362 Quod
1183 326 1254 354 enim
1275 336 1327 354 non
1341 325 1462 354 absolute
1476 325 1550 364 quod
1561 326 1638 354 nobis

891 372 943 401 sint
961 372 1040 400 amici
1053 395 1060 407 ‚
1076 371 1102 399 id
1118 381 1165 399 nos
1184 370 1268 410 possit
1287 380 1405 406 servare,
1419 369 1492 399 disce
1513 381 1545 398 ex
1562 370 1638 398 addi-

892 416 1081 444 tamento.Cur
1095 415 1166 444 enim
1185 425 1237 443 non
1251 413 1431 449 dixit‚Faeite
1447 413 1523 442 vobis
1539 414 1638 443 amieos

893 467 921 488 ut
937 470 985 489 vos
998 460 1134 500 excipiant
1151 459 1178 488 in
1193 459 1299 488 :eternis
1314 459 1370 487 suis
1385 458 1574 495 tabernaculis,
1592 458 1639 487 sed

894 503 1003 533 modum
1024 505 1104 533 etiam
1127 503 1245 543 adjecit?
1267 513 1328 532 cum
1353 502 1423 531 enim
1445 501 1574 538 dixisset,
1590 503 1639 530 EJ:

895 559 1064 577 mammona
1075 549 1251 587 iniquitalis,
1262 546 1377 576 ostendit
1391 546 1464 585 quod
1475 557 1508 575 ex
1521 546 1640 585 pecuniis

895 592 1018 621 convenit
1039 602 1083 621 eos
1100 592 1185 622 facere
1201 590 1475 630 amicos,significans
1493 589 1566 628 quod
1585 590 1640 618 sola

896 646 943 664 nos
964 647 1018 665 non
1033 635 1157 664 desendet
1178 635 1312 671 amicitia,
1328 634 1377 662 nisi
1402 633 1549 662 habeamus
1570 634 1639 663 bona

896 690 987 718 opera,
1002 680 1053 709 nisi
1065 680 1163 718 injuste
1178 679 1302 708 collectas
1314 678 1504 717 divitiasjuste
1516 677 1638 707 essunda>

897 735 966 753 mus.
977 725 1033 754 Hoc
1049 731 1137 753 autem
1147 723 1218 762 quod
1230 723 1263 752 de
1271 723 1438 762 eleemosyna
1448 721 1575 757 dicimus,
1589 733 1640 750 non

899 769 984 797 solum
1001 769 1141 798 conveniet
1153 767 1296 803 divitibus,
1311 767 1358 796 sed
1373 767 1454 796 etiam
1468 766 1641 806 pauperibus.

900 812 933 840 Et
947 813 968 841 si
985 813 1045 851 quis
1058 815 1092 842 sit
1103 813 1149 851 qui
1161 811 1338 841 mendicando
1347 811 1443 847 alatur,
1453 809 1487 839 ad
1499 821 1562 839 eum
1576 820 1640 848 quo·

899 867 949 895 que
963 857 1019 886 baec
1030 857 1157 895 dirigitur
1167 857 1252 885 oratio
1265 866 1358 884 :nemo
1370 862 1409 884 cst
1419 855 1489 883 enim
1502 854 1567 883 adeo
1581 865 1643 894 pau-

899 911 956 940 per,
973 902 1020 929 etsi
1032 901 1066 929 sit
1077 900 1157 929 valde
1169 911 1288 940 pauper,
1298 899 1344 938 qui
1355 909 1407 928 non
1418 898 1514 927 habeat
1525 898 1580 927 duo
1595 898 1643 926 mi-

898 951 972 972 nuta.
991 944 1065 973 Licet
1080 954 1142 982 ergo
1157 943 1199 973 vel
1215 954 1249 972 ex
1261 943 1353 982 paucis
1368 953 1452 982 pauca
1463 942 1643 981 danti,supe-

898 998 957 1016 rare
981 998 1025 1016 eos
1040 988 1086 1026 qui
1106 988 1183 1027 plura
1204 987 1368 1026 possidentes
1384 987 1462 1026 plura
1481 986 1558 1023 dant,
1575 986 1644 1014 sicut

898 1032 944 1061 iila
962 1032 1053 1062 vidua.
1066 1032 1127 1060 Non
1147 1032 1219 1060 enim
1230 1042 1263 1060 ex
1279 1041 1371 1060 eorum
1387 1041 1445 1069 quae
1457 1030 1556 1059 dantur
1570 1040 1644 1058 men-

898 1087 970 1110 sura,
984 1075 1029 1105 sed
1041 1086 1076 1104 ex
1087 1075 1114 1104 vi
1132 1083 1157 1104 et
1171 1082 1300 1114 potestate
1313 1081 1339 1103 et
1353 1085 1445 1103 eorum
1460 1074 1506 1112 qni
1521 1074 1586 1103 dant
1603 1074 1644 1102 in-

898 1120 992 1150 stituto
1006 1127 1032 1149 et
1052 1126 1156 1159 promta
1177 1119 1314 1148 voluntate
1329 1118 1470 1157 judicatur
1488 1118 1645 1157 magnitudo

898 1164 1188 1204 eleemosynae.ltaq11e
1207 1163 1308 1200 ubique
1329 1162 1452 1190 instituto
1475 1173 1543 1201 opus
1561 1169 1600 1190 est
1621 1170 1646 1192 et

899 1209 983 1238 libera
995 1215 1153 1249 promtaque
1168 1207 1305 1236 voluntate
1319 1218 1329 1244 3
1346 1206 1446 1244 ubique
1459 1206 1485 1234 in
1502 1207 1588 1234 Deum
1603 1217 1645 1234 ca-

899 1255 984 1283 ritate.
997 1254 1025 1283 Si
1049 1263 1111 1281 cum
1131 1263 1160 1280 ea
1179 1251 1269 1280 omnia
1292 1261 1414 1289 agamus,
1432 1250 1535 1278 etiamsi
1561 1261 1646 1289 pauca

899 1298 1026 1327 habentes
1037 1307 1121 1337 pauca
1134 1295 1301 1332 dederimus,
1310 1295 1405 1323 faciem
1420 1305 1494 1323 suam
1506 1296 1580 1323 Deus
1594 1305 1646 1323 non

898 1349 1009 1379 avertet,
1021 1341 1067 1370 sed
1084 1341 1195 1380 accipiet
1211 1347 1349 1378 tamquam
1363 1349 1459 1378 inagna
1474 1346 1499 1368 et
1511 1339 1647 1367 admiran—

899 1388 943 1417 da.
961 1386 1081 1416 Attendit
1097 1385 1168 1414 enim
1183 1384 1298 1413 liberam
1310 1391 1335 1413 et
1350 1391 1483 1423 promtam
1499 1384 1583 1412 animi
1600 1394 1647 1412 νο-

898 1432 1039 1466 luntatem,
1056 1440 1108 1458 non
1126 1440 1156 1458 ea
1178 1440 1238 1467 qua:
1256 1429 1356 1457 dantur
1372 1441 1377 1455 :
1395 1435 1420 1456 et
1441 1428 1464 1456 si
1478 1427 1553 1456 illam
1570 1427 1647 1456 vide-

899 1477 934 1505 rit
950 1486 1006 1504 esse
1024 1485 1159 1514 magnam,
1174 1474 1198 1502 ei
1212 1484 1292 1502 suum
1311 1473 1360 1501 sert
1379 1472 1540 1511 suffragium
1562 1479 1587 1500 et
1599 1472 1647 1511 ju<

899 1520 1011 1555 dicium,
1026 1526 1050 1548 et
1064 1525 1225 1547 zeter-norum
1242 1517 1374 1546 bonorum
1393 1516 1456 1545 facit
1478 1517 1620 1556 participes
1640 1528 1645 1542 :

899 1576 959 1604 qua:
972 1563 1050 1593 detur
1065 1562 1191 1592 omnibus
1207 1562 1283 1591 nobis
1298 1561 1413 1599 assequi,
1427 1561 1511 1600 gratia
1526 1567 1551 1590 et
1566 1559 1640 1589 beni-

901 1611 1012 1650 gnitate.

496 1710 671 1743 MUTIANO
694 1712 886 1742 SCHOLAST
894 1711 954 1740 1C0
976 1711 1010 1740 IN
1017 1709 1230 1739 TERPRETE.

79 1795 174 1824 mentis
189 1793 343 1822 habeamus.
354 1792 412 1820 tttie
427 1792 525 1820 etenim
540 1802 592 1821 nun
606 1792 649 1821 vel
663 1792 714 1831 ipsi
729 1798 791 1820 sunt
806 1791 852 1830 qui
869 1801 917 1819 nos
932 1790 1082 1830 excipiunt,
1097 1789 1143 1818 sed
1158 1799 1226 1829 opus
1241 1795 1361 1817 nostruin
1379 1800 1384 1815 ε
1399 1788 1461 1826 quia
1472 1797 1524 1816 non
1539 1798 1569 1816 co
1583 1788 1650 1827 ipso,

78 1842 150 1882 quod
164 1842 227 1871 istos
243 1841 343 1869 amicos
354 1838 524 1875 habebimus,
535 1839 635 1867 salvari
650 1839 822 1867 merebimur.
836 1838 960 1876 Denique
972 1836 1079 1866 attende
1094 1836 1161 1875 quid
1176 1835 1283 1865 addidit
1299 1848 1305 1863 z
1321 1846 1373 1864 non
1389 1836 1459 1864 enim
1475 1835 1555 1872 dixit,
1564 1836 1652 1864 Facite

78 1890 155 1919 vobis
167 1889 276 1925 amicos,
289 1895 318 1916 ut
331 1886 478 1926 suscipiant
490 1896 538 1914 vos
553 1886 579 1914 in
592 1885 747 1914 habitacula
761 1896 807 1914 sua
823 1892 920 1914 :eterna
932 1897 941 1923 3
958 1885 1005 1914 scd
1017 1892 1120 1913 tantum
1131 1884 1158 1913 in
1174 1884 1329 1912 habitacula
1343 1883 1412 1912 dixit
1424 1890 1519 1912 aeterna
1531 1905 1538 1919 ,
1553 1890 1577 1911 et
1592 1894 1651 1911 ino-

77 1936 144 1965 dum
164 1936 252 1976 ipsum
268 1935 401 1974 exposuit.
416 1933 536 1962 Dicendo
548 1933 631 1965 enim.
644 1933 691 1961 Et
707 1943 875 1961 mammona
891 1934 1066 1971 iniquitatis,
1079 1931 1195 1960 ostendit
1215 1930 1343 1969 quoniam
1361 1931 1395 1959 de
1408 1930 1528 1970 pecuniis
1549 1937 1653 1969 oportet

79 1984 144 2013 istos
157 1983 258 2011 amicos
276 1992 437 2021 praeparare.
454 1982 572 2020 Apparet
585 1980 670 2019 igitur
688 1979 814 2018 quoniam
832 1989 884 2007 non
899 1979 956 2018 ipsa
971 1979 1049 2007 nobis
1064 1978 1184 2006 amicitia
1206 1989 1298 2006 eorum
1313 1977 1534 2016 patrocinabitur,
1546 1978 1567 2005 si
1583 1978 1652 2005 bons·

77 2040 159 2070 opera
172 2039 224 2058 non
239 2028 399 2062 habeamus,
416 2027 439 2056 si
457 2037 509 2055 non
525 2036 586 2055 cum
598 2026 702 2065 justitia
720 2025 894 2055 refundamus
909 2025 1032 2061 divitias,
1046 2034 1112 2063 quas
1125 2024 1218 2061 inique
1231 2023 1422 2061 congessimus.
1438 2023 1490 2051 Iste
1505 2022 1581 2051 vobis
1596 2034 1653 2051 ser-

78 2087 122 2106 mo
133 2075 166 2104 de
180 2074 355 2114 eleemosynis
370 2084 421 2103 non
437 2073 473 2102 ad
488 2073 587 2103 divites
603 2073 702 2108 sotum,
717 2072 763 2102 sed
777 2073 856 2101 etiam
873 2071 906 2100 ad
922 2081 1053 2111 pauperes
1066 2069 1148 2098 simul
1162 2075 1270 2109 aptatur
1287 2079 1294 2096 ε
1311 2068 1411 2097 scilicet
1424 2069 1470 2097 iiie
1484 2069 1529 2107 qui
1542 2069 1577 2097 ab
1592 2069 1653 2098 aliis

78 2131 168 2163 petens
182 2122 400 2153 sustentationem
421 2121 545 2161 accipiat,
558 2120 628 2150 etad
642 2121 730 2161 ipsum
748 2121 805 2149 haec
820 2120 905 2148 oratio
920 2118 1072 2159 pertinebit.
1089 2118 1148 2146 Non
1167 2116 1238 2146 enim
1253 2116 1280 2144 in
1301 2123 1404 2144 tantum
1418 2115 1533 2154 quisque
1549 2127 1654 2156 pauper

78 2170 193 2207 exsistit,
209 2176 239 2198 ut
250 2168 306 2198 duo
324 2168 427 2197 minuta
442 2177 494 2197 non
512 2167 617 2196 habeat.
635 2166 723 2196 Potest
735 2177 797 2206 ergo
812 2166 881 2195 etde
895 2165 986 2205 paucis
1001 2175 1085 2204 pauca
1104 2163 1264 2200 tribuere,et
1280 2162 1397 2202 plurima
1413 2162 1578 2202 possidentes
1593 2163 1649 2191 lar-

78 2218 230 2255 gientesqne
245 2216 361 2256 plurima
376 2226 510 2255 superare,
523 2215 592 2244 sicut
608 2215 654 2243 iiia
669 2214 762 2243 vidua.
778 2215 836 2243 Non
851 2213 922 2255 enini
938 2212 1086 2252 quantitate
1098 2211 1235 2247 datorum,
1255 2210 1300 2239 sed
1316 2210 1414 2238 virtute
1428 2210 1575 2250 superavit,
1589 2211 1651 2249 quia

80 2264 236 2303 magnitudo
249 2262 440 2293 misericordiae
455 2263 602 2292 voluntatis
615 2261 956 2301 magnitudinejudicatur.
969 2261 1078 2299 Ubique
1093 2260 1231 2289 voluntate
1245 2269 1312 2298 opus
1327 2265 1374 2294 est,
1381 2258 1481 2296 ubique
1495 2264 1566 2286 recto
1582 2269 1647 2297 pro—

79 2312 176 2353 posito,
197 2310 296 2349 ubique
319 2309 438 2347 caritate,
455 2321 514 2348 qnze
534 2310 604 2338 circa
620 2310 707 2338 Deum
728 2320 795 2348 pura
817 2309 973 2347 sinceraque
994 2307 1129 2336 consistat.
1147 2306 1175 2334 Si
1193 2317 1255 2345 ergo
1274 2316 1334 2334 cum
1357 2305 1405 2333 hac
1427 2311 1515 2333 sancta
1537 2305 1648 2333 caritate

79 2365 172 2389 cuncta
188 2368 322 2397 geramus,
338 2357 398 2385 licet
412 2368 494 2397 parva
511 2357 675 2397 possidentes
695 2367 777 2396 parva
792 2357 953 2392 tribuamus,
967 2356 1061 2385 facicm
1075 2366 1151 2383 suani
1166 2355 1297 2383 Dominus
1310 2363 1360 2382 non
1376 2359 1492 2386 arci-tet,
1506 2352 1551 2380 sed
1566 2352 1650 2381 susci-

80 2398 215 2448 piet'sicnt
231 2416 326 2443 magna
339 2411 364 2433 et
375 2404 533 2434 admiranda
548 2405 668 2434 donaria.
684 2405 829 2434 Enimvero
841 2405 1007 2434 voluntatem
1019 2405 1092 2433 Deus
1103 2414 1215 2443 semper,
1228 2413 1278 2431 non
1294 2413 1322 2430 ca
1339 2412 1396 2439 qna·
1407 2400 1505 2429 dantur
1518 2400 1630 2428 attendit
1645 2413 1651 2431 ;

79 2462 104 2483 rt
120 2454 141 2483 si
154 2454 228 2483 illam
246 2453 333 2482 videat
354 2463 489 2491 magnam,
506 2460 530 2481 et
545 2453 682 2482 decretum
698 2464 750 2481 suae
771 2452 888 2492 dignatis
902 2453 1022 2493 apponit,
1037 2459 1061 2481 et
1079 2459 1187 2492 propter
1202 2449 1356 2489 hujusmodi
1376 2449 1540 2478 voluntatem
1555 2447 1652 2487 dignos

81 2502 144 2531 facit
158 2501 249 2530 futura
264 2500 333 2529 bona
350 2500 486 2539 percipere
499 2511 504 2526 τ
518 2510 576 2538 qnae
593 2511 639 2529 nos
652 2500 789 2529 universos
803 2500 939 2539 contingat
954 2500 1079 2539 adipisci,
1093 2499 1176 2537 gratia
1191 2505 1214 2527 et
1231 2496 1370 2526 clementia
1384 2495 1493 2525 Domini
1510 2495 1591 2524 nostri
1607 2496 1653 2524 Je-

82 2561 112 2577 ιειι
125 2548 236 2582 Christi,
250 2559 309 2577 cum
326 2559 378 2587 qun»
391 2548 461 2577 Patri
479 2558 528 2577 una
545 2559 605 2577 cum
621 2555 710 2578 sancto
724 2548 826 2588 Spiiitu
843 2549 938 2588 gioria„
954 2549 1110 2588 imperinm.
1125 2548 1299 2577 tur-nonnum-
1314 2552 1336 2574 οι
1354 2555 1467 2583 semper,
1482 2551 1503 2572 rt
1520 2544 1544 2572 in
1560 2543 1655 2572 stent·

85 2595 249 2624 „neuton-um.
266 2596 357 2623 Amen-
