1886 2846
434 187 464 209 IN
495 187 600 209 EPIST-

632 188 675 209 AD
703 187 869 210 tttzuttffios.
899 187 976 209 cst».
1006 186 1040 209 Π.

1071 187 1188 209 nomn.
1219 188 1266 210 iv.
1605 178 1651 226 59

84 246 165 285 Ὀρᾷς
182 249 228 275 τοῦ
250 250 362 286 σταυροῦ
380 248 423 277 τὸν
439 249 540 288 καρπὸν
551 272 558 284 ,
574 249 648 285 &6043
664 249 711 284 Μὴ
735 249 851 288 poe-1303<
869 249 887 274 G
906 248 974 276 serre
984 254 1092 287 propter
1103 247 1201 288 ipsum.
1215 247 1318 277 Deinde
1329 248 1444 277 ostendit
1454 249 1527 287 quod
1536 260 1604 279 crux
1616 252 1651 280 sit

82 292 113 322 τὸ
134 297 265 333 πρᾶγμα·
290 295 444 334 σκυθρωπὸν
468 295 515 332 μὲν
537 295 589 335 γὰρ
609 290 676 324 εἷναί
700 307 742 324 σοι
766 296 851 330 δοκεῖ,

84 338 165 378 μυρία
180 339 207 369 δὲ
221 339 306 369 τίκτει
319 341 413 379 ἀγαθά.
424 341 561 370 Δείκνυσιν
577 342 607 370 ἐκ
620 340 719 370 τούτων
734 344 779 370 τοῦ
793 353 851 370 πει-

85 388 187 424 ρασμοῦ
200 386 230 415 τὸ
249 386 348 426 ὄφελος.
362 383 429 416 Εἶτά
443 399 521 426 φησιν
531 410 538 423 ,
558 387 654 420 αΟπως
673 387 763 427 χάριτι
781 388 851 416 Θεοῦ

83 431 149 470 ὗπὲρ
165 433 262 466 παντὸς
279 433 407 471 γεύσηται
427 434 550 462 θανάτου.
570 433 681 469 ‘'On-mc,
704 432 781 472 φησὶ,
797 432 851 471 χά-

84 488 135 516 ριτι
147 478 226 507 Θεοῦ.
240 480 366 512 Κάκεῖνος
383 480 430 517 μὲν
446 479 488 508 διὰ
501 478 549 514 τὴν
563 479 642 519 χάριν
663 482 707 508 τοῦ
719 481 789 508 Θεοῦ
804 478 852 513 τὴν

84 525 120 556 εἷς
133 527 205 562 ἡμᾶς
216 527 301 554 ταῦτα
321 525 447 555 πέπονθεν
461 537 466 542 ·
481 525 533 558 “Oq
550 537 579 564 γε
591 528 636 554 τοῦ
649 526 714 554 ἰδίου
729 526 794 554 Υἷοῦ
805 527 853 553 οὐκ

83 570 220 609 ἐφείσατο,
245 571 337 610 φησὶν,
360 572 418 600 ἀλλ’
435 572 501 611 ὓπὲρ
515 573 591 609 ἡμῶν
606 572 712 600 πάντων
735 571 852 609 παρέδω-

82 628 126 645 κεν
151 617 238 646 αὐτόν.
257 618 334 649 Τίνος
357 617 534 652 ἑ’νεκεν;οὐκ
555 617 651 656 ὤφειλε
675 620 750 646 τοῦτο
771 619 851 654 ἡμῖν,

84 662 152 691 ἀλλὰ
165 662 257 702 χάριτι
271 663 411 698 πεποίηκε.
436 664 488 692 Καὶ
510 664 590 692 πάλιν
609 665 635 692 ἐν
648 666 680 702 τῇ
696 663 760 702 πρὸς
781 663 852 692 Ῥω-

83 707 177 745 μαίους
196 709 323 747 ἐπισὲολῇ
346 721 427 748 φησι,
448 710 544 747 Πολλῷ
567 710 666 746 μᾶλλον
682 711 698 744 ἡ
714 708 792 748 χάρις
807 711 851 737 τοῦ

81 755 151 783 Θεοῦ
165 754 210 782 καὶ
230 757 246 788 ἡ
262 755 347 793 δωρεὰ
368 757 394 784 ἐν
409 755 500 795 χάριτι
520 757 552 794 τῇ
575 757 620 783 τοῦ
642 755 696 788 ἑνὸς
714 755 852 794 ἀνθρώπου

82 800 170 834 Ἰησοῦ
202 801 318 839 Χριστοῦ
353 802 388 833 εἷς
423 800 483 833 τοὺς
514 800 627 833 πολλοὺς
658 801 850 840 ἐπερίσσευσεν.

80 845 175 878 εὈπως
189 846 280 886 χάριτι
294 848 364 877 Θεοῦ
381 846 448 886 ὑπὲρ
460 847 558 879 παντὸς
578 846 705 885 γεύσηται
720 847 831 876 θανάτου
845 859 850 865 ·

80 891 140 931 oia-Li.
160 893 212 920 τῶν
232 895 332 922 πιστῶν
357 893 450 931 μόνον,
469 893 538 922 ἀλλὰ
558 893 603 921 καὶ
627 895 674 928 τῆς
697 892 851 931 οἰκουμένης

80 938 186 974 ἁπάσης
199 951 204 956 ·
220 939 297 973 αὐτὸς
319 940 367 978 μὲν
388 939 439 979 γὰρ
463 939 530 979 ὑπὲρ
551 939 658 968 πάντων
676 939 799 968 ἀπέθανε.
815 939 852 968 Τί

81 983 124 1020 δὲ,
139 986 162 1013 εἰ
181 985 218 1022 μὴ
235 986 331 1019 πάντες
348 986 522 1021 ἐπίστευσαν;
538 985 620 1017 Αὐτὸς
639 985 670 1013 τὸ
689 986 783 1013 ἑαυτοῦ
803 996 851 1013 πε-

79 1030 214 1070 πλήρωκε.
230 1031 282 1060 Καὶ
296 1031 392 1069 κυρίως
410 1027 495 1067 εἶπεν,
508 1029 594 1070 Ὑπὲρ
607 1031 704 1063 παντὸς
724 1030 851 1068 γεύσηται

79 1076 199 1106 θανάτου.
215 1076 268 1106 Καὶ
283 1078 330 1105 οὐκ
342 1072 429 1112 εἶπεν,
446 1077 565 1115 ἀποθάνῃ
579 1088 585 1093 ·
601 1076 691 1115 ὥσπερ
704 1076 755 1115 γὰρ
770 1077 851 1109 ὄντως

76 1122 249 1161 γευσάμενος,
265 1122 333 1151 οὕτω
347 1123 439 1162 μικρὸν
449 1123 476 1150 ἐν
489 1124 560 1161 αὐτῷ
575 1122 687 1158 ποιήσας
700 1122 846 1160 διάστημα,

78 1168 170 1202 εὐθέως
191 1169 296 1205 ἀνέστη.
313 1170 362 1208 Τῷ
379 1168 426 1207 μὲν
440 1163 484 1198 οῦν
504 1170 600 1204 εἰπεῖν,
618 1168 670 1197 Διὰ
686 1168 716 1197 τὸ
736 1168 850 1206 πάθημα

76 1217 122 1244 τοῦ
145 1215 274 1252 θανάτου,
289 1215 334 1244 τὸν
350 1215 431 1248 ὄντως
451 1215 561 1244 θάνατον
584 1214 721 1252 ἐσήμαινε·
743 1216 782 1254 τῷ
807 1214 849 1250 δὲ,

77 1260 207 1300 Ἀγγέλων
223 1262 365 1301 κρείττων,
380 1262 429 1297 τὴν
449 1261 592 1291 ἀνάστασιν
617 1261 742 1296 ἐδήλωσε.
758 1261 849 1290 Καθά-

76 1319 126 1348 περ
140 1307 192 1347 γὰρ
207 1307 294 1347 ἰατρὸς
307 1309 354 1337 οὐκ
368 1308 437 1347 ἔχων
459 1307 576 1346 ἀνάγκην
590 1309 642 1336 τῶν
661 1309 699 1347 τῷ
720 1306 848 1347 ἇῤῥώστῳ

76 1354 331 1394 παρεσκευασμένων
361 1353 451 1383 σιτίων
487 1353 699 1392 ἀπογεύσασθαι,
728 1353 771 1382 διὰ
799 1352 848 1388 τὴν

76 1399 137 1439 περὶ
153 1401 252 1429 ἐκεῖνον
269 1400 428 1438 κηδεμονίαν
447 1399 572 1439 πρότερον
586 1399 662 1432 αὐτὸς
676 1399 847 1437 ἀπογεύεται,

75 1445 119 1474 ἵνα
141 1445 221 1485 πείσῃ
243 1446 288 1475 τὸν
310 1446 446 1486 ἄρρωστον
477 1448 622 1486 θαρσοῦντα
646 1446 848 1484 κατατολμῆσαι

76 1494 124 1527 τῆς
145 1491 287 1531 βρώσεως·
308 1492 376 1522 οὕτω
393 1492 467 1520 καὶὸ
487 1491 616 1531 Χριστὸς,
638 1491 729 1527 ἐπειδὴ
753 1491 848 1524 πάντες

76 1538 209 1578 ἅνθρωποι
229 1537 274 1567 τὸν
298 1538 408 1568 θάνατον
430 1537 607 1574 ἐδεδοίκεσαν,
631 1537 728 1567 πείθων
756 1537 847 1571 αὐτοὺς

76 1585 247 1624 κατατολμᾷν
262 1587 307 1613 τοῦ
320 1584 432 1614 θανάτου
442 1607 449 1620 ,
462 1584 508 1613 καὶ
523 1584 599 1616 αὐτὸς
618 1583 784 1622 ἀπεγεύσατο
802 1586 847 1613 eti)-

75 1631 121 1658 τοῦ
131 1652 138 1666 ,
155 1632 201 1658 οὐκ
215 1630 283 1669 ἔχων
304 1630 430 1669 ἀνάγκην.
442 1630 573 1670 Ἔρχεται
587 1630 655 1670 γὰρ,
668 1630 761 1669 φησὶν,
774 1632 788 1659 ὁ
801 1632 847 1659 τοῦ

76 1676 175 1715 κόσμου
187 1676 279 1706 τούτου
300 1677 389 1716 ἄρχων
400 1700 407 1713 ‚
422 1677 467 1706 καὶ
489 1679 537 1716 οὐχ
550 1676 663 1715 εὑρίσκει
678 1678 704 1705 ἐν
726 1677 784 1715 ἐμοὶ
806 1678 847 1705 οὐ·

870 763 888 784 D

905 293 1025 322 honoret
1035 293 1120 332 gloria
1137 305 1142 321 :
1157 293 1292 332 quomodo
1304 301 1329 323 et
1342 294 1400 334 ipse
1412 304 1471 323 eam
1485 305 1590 335 semper
1604 306 1650 324 vo—

905 346 964 375 cat,
984 338 1076 368 dicens
1096 351 1102 366 :
1119 340 1204 368 Venit
1219 341 1294 368 liora
1309 347 1340 368 ut
1352 340 1535 380 glorificetur
1553 341 1650 371 Filius
1662 352 1730 373 Joan.
1742 351 1804 381 11⁴2.

905 386 1043 414 hominis.
1060 385 1090 415 Si
1101 395 1164 424 ergo
1174 385 1220 414 ille
1231 393 1308 415 vocat
1319 386 1434 425 gloriam
1444 397 1473 415 ea
1487 398 1545 426 qua:
1556 398 1649 427 passus

905 438 943 461 est
955 438 1062 471 propter
1072 442 1162 461 servos
1176 443 1182 459 ε
1196 432 1281 461 multo
1293 432 1378 471 magis
1396 439 1423 461 tu
1435 444 1463 461 ea
1479 444 1537 472 quae
1550 434 1649 474 pateris

905 485 1015 517 propter
1028 478 1184 507 Dominum.
1198 478 1283 508 Vides
1297 486 1413 517 quantus
1428 479 1463 507 sit
1473 480 1576 509 fructus
1587 491 1648 509 cru·
1659 487 1737 508 cruris
1755 487 1805 509 sru-

906 525 967 554 cis?
983 526 1050 555 Rem
1065 535 1117 554 non
1135 525 1249 556 formida
1266 538 1272 554 :
1292 526 1342 555 tibi
1356 526 1467 565 quidem
1481 525 1590 556 videtur
1607 538 1648 556 res
1658 523 1715 540 ‘¹¹¹⁵'

906 582 961 600 esse
969 571 1062 607 tristis,
1070 572 1141 612 parit
1149 579 1238 602 autem
1246 572 1315 602 bona
1327 573 1543 602 innumerabilia.
1552 573 1596 603 Ex
1605 574 1648 603 his

906 617 1022 646 ostendit
1038 618 1181 647 utilitatem
1198 618 1361 649 tentationis.
1379 619 1483 648 Deinde
1499 618 1566 648 dicit
1581 631 1587 647 :
1610 621 1648 649 Ut

905 666 1005 703 gratia
1021 665 1080 693 Dei
1092 675 1146 703 pro
1162 666 1295 694 omnibus
1310 671 1441 705 gustaret
1456 672 1586 695 mortem.
1610 668 1647 696 Ut

904 712 1002 748 gratia
1014 711 1081 745 Dei,
1095 710 1192 749 inquit.
1209 710 1244 739 Et
1257 710 1302 739 ille
1313 711 1424 750 quidem
1437 711 1493 741 haec
1504 723 1598 752 passus
1608 719 1647 741 est

907 762 1015 795 propter
1030 756 1079 784 Dei
1094 755 1120 784 in
1136 766 1182 785 nos
1195 756 1309 795 gratiam
1327 768 1332 784 :
1354 757 1412 795 Qui
1422 760 1539 797 proprio
1552 759 1644 793 Filio,
1660 768 1725 789 Rom.
1736 766 1802 790 832.

906 802 1001 840 inquit,
1014 812 1070 830 non
1079 805 1214 841 pepercit,
1223 803 1275 831 sed
1283 813 1336 842 pro
1347 804 1430 833 nobis
1442 805 1576 834 omnibus
1587 811 1648 834 tra-

905 848 980 878 didit
999 851 1102 888 ipsum.
1125 850 1249 885 Quanam
1263 848 1297 878 de
1312 850 1415 878 causa?
1429 851 1488 879 Non
1505 851 1556 880 hoc
1571 851 1648 880 nobis

905 894 1028 930 debebat,
1042 894 1087 923 sed
1100 895 1163 923 fecit
1176 895 1271 933 gratia.
1286 895 1321 924 Et
1336 906 1428 925 rursus
1439 895 1467 925 in
1481 896 1603 936 Epistola
1614 897 1649 926 ad

905 941 1039 969 Romanos
1050 940 1116 968 dicit
1128 952 1134 967 ι
1149 941 1246 969 ,Multo
1258 944 1350 980 magis
1360 944 1459 981 gratia
1472 943 1538 979 Dei,
1555 949 1582 972 et
1597 944 1648 972 do-
1661 953 1696 974 111.
1710 952 1732 975 5.
1749 952 1790 974 ι5.

906 996 974 1013 nam
989 987 1020 1013 in
1037 987 1136 1024 gratia
1153 988 1239 1014 unius
1257 987 1384 1016 hominis
1396 989 1468 1017 Jesu
1483 989 1594 1018 Christi
1617 991 1649 1018 in

902 1032 1002 1070 plures
1016 1032 1189 1060 abundavit.
1211 1033 1249 1060 [st
1263 1036 1361 1072 gratia
1376 1035 1433 1063 Dei
1444 1045 1498 1073 pro
1515 1037 1649 1064 omn1'bus

903 1084 1033 1117 gustaret
1045 1085 1165 1106 mortem
1179 1090 1189 1106 :
1202 1088 1253 1106 non
1271 1089 1321 1118 pro
1344 1079 1469 1109 fidelibus
1484 1081 1570 1110 solum
1581 1104 1589 1118 ,
1603 1081 1649 1111 sed

905 1134 954 1163 pro
964 1123 1089 1152 universo
1097 1123 1244 1153 orbctern‘e
1256 1136 1262 1152 :
1273 1135 1334 1153 nam
1345 1125 1400 1164 ipse
1407 1127 1518 1164 quidem
1525 1134 1650 1157 mortuus

904 1177 943 1198 est
957 1181 1006 1210 pro
1024 1170 1159 1199 omnibus.
1175 1170 1248 1206 Quid
1263 1178 1322 1199 tum
1338 1177 1446 1206 autem,
1460 1173 1545 1201 sinon
1558 1183 1649 1202 omnes

903 1216 1101 1245 crediderunt?
1119 1217 1180 1256 Ipse
1195 1216 1267 1256 quod
1287 1228 1367 1246 suum
1386 1225 1442 1247 erat
1463 1218 1594 1258 implevit.
1613 1220 1648 1249 Et

903 1262 1011 1302 proprie
1029 1262 1101 1291 dixit
1114 1285 1122 1299 ,
1141 1264 1201 1291 Pro
1215 1265 1349 1292 omnibus
1368 1270 1499 1303 gustaret
1514 1272 1645 1294 mortem.

903 1310 962 1338 Non
973 1308 1058 1346 dixit,
1072 1310 1226 1338 Moreretur
1239 1321 1245 1337 :
1257 1319 1318 1338 nam
1329 1317 1359 1338 ut
1372 1311 1418 1349 qui
1431 1321 1522 1339 revera
1534 1318 1649 1340 mortem

903 1362 1048 1394 gustasset,
1063 1366 1125 1384 cum
1140 1355 1166 1384 in
1186 1366 1216 1385 ea
1229 1355 1297 1385 adeo
1310 1367 1395 1396 parvo
1411 1357 1503 1386 fuisset
1519 1358 1648 1386 interval-

902 1401 938 1439 lo,
958 1402 1051 1431 statim
1068 1402 1196 1431 surrexit.
1212 1405 1300 1441 Atque
1312 1402 1426 1432 dicendo
1444 1403 1568 1442 quidem,
1587 1405 1647 1433 Per

901 1451 1067 1486 passionem
1084 1451 1196 1483 mortis,
1219 1459 1312 1478 veram
1327 1449 1492 1488 significavit
1510 1457 1623 1479 mortem
1642 1462 1647 1477 :

903 1495 1016 1524 dicendo
1029 1501 1135 1533 autem,
1153 1496 1262 1524 filelior
1282 1497 1410 1536 angelis,
1429 1496 1544 1526 ostendit
1560 1508 1648 1526 resur—

903 1541 1055 1570 rectionem.
1071 1541 1147 1571 Sicut
1165 1541 1237 1570 enim
1253 1541 1391 1577 medicus,
1406 1553 1467 1571 cum
1483 1553 1535 1572 non
1549 1543 1584 1572 sit
1602 1553 1647 1572 ne-

902 1598 973 1617 cesse
980 1595 1010 1617 ut
1018 1595 1106 1627 gustet
1116 1588 1190 1617 cibos
1200 1595 1298 1627 aegroto
1308 1595 1425 1628 paratos,
1436 1596 1547 1629 propter
1555 1600 1647 1618 curam

903 1633 977 1661 illius
997 1643 1077 1671 quam
1093 1633 1181 1671 gerit,
1198 1632 1255 1672 ipse
1275 1633 1349 1672 prior
1368 1640 1473 1672 gustat,
1489 1641 1518 1662 ut
1533 1645 1645 1674 persua-

902 1676 964 1705 deat
979 1683 1078 1715 aegroto
1091 1683 1119 1704 ut
1131 1676 1295 1706 confidenter
1306 1677 1403 1706 audeat
1420 1678 1511 1706 cibum
1524 1689 1628 1707 sumert-
1639 1690 1645 1705 :

497 1781 673 1810 MUTIANO
695 1781 953 1810 SCHOLASTICO
975 1780 1191 1811 INTERPRET
1197 1781 1229 1810 E.

75 1875 124 1904 pro
137 1864 230 1903 teipso.
245 1862 348 1892 Deinde
361 1861 476 1891 ostendit
487 1861 615 1900 quoniam
630 1862 714 1900 gloria
731 1869 757 1890 et
773 1861 859 1890 honor
872 1871 940 1890 crux
955 1868 993 1890 est
1009 1873 1014 1891 ;
1027 1860 1164 1900 sicutipse
1181 1872 1285 1900 semper
1298 1872 1356 1890 eam
1369 1869 1463 1900 vocat,
1477 1863 1585 1892 dicens:
1603 1866 1639 1893 L't

73 1911 255 1950 glorificetur
266 1910 364 1938 Filius
380 1909 525 1942 hominis;
538 1915 573 1943 et,
588 1909 781 1948 Glorificatus
792 1914 833 1937 est
847 1909 942 1936 Filius
955 1909 1090 1936 hominis.
1101 1908 1131 1936 Si
1146 1908 1190 1936 ille
1201 1919 1230 1936 ea
1244 1919 1303 1947 quae
1318 1920 1366 1948 pro
1378 1910 1463 1938 servis
1475 1920 1568 1949 passus
1586 1918 1624 1940 cst

1650 1903 1710 1924 ,Ιοση
1732 1905 1756 1925 ι]

1628 1934 1690 1957 ’31.

74 1959 188 1997 gloriam
199 1964 277 1986 vocat
289 1968 295 1984 :
308 1956 394 1985 multo
406 1956 522 1996 amplius
534 1963 573 1992 tu,
586 1966 645 1994 qum
655 1966 703 1994 pro
716 1955 832 1983 Domino
847 1955 952 1994 pateris.
966 1954 1052 1984 Vides
1066 1954 1152 1983 crucis
1169 1955 1271 1984 fructus
1287 1962 1403 1994 quantus
1413 1957 1447 1985 sit
1456 1957 1469 1984 Ρ
1485 1959 1580 1986 Ami-110
1591 1969 1638 1987 er·-

75 2014 108 2043 go
123 2003 191 2032 hanc
202 2014 276 2040 rem;
289 2002 362 2031 triste
375 2002 484 2041 quidem
497 2002 547 2031 tibi
560 2002 677 2038 videtur,
687 2001 732 2030 sed
741 2000 832 2030 decem
846 2000 932 2029 millia
945 2007 1053 2039 generat
1063 2000 1142 2029 bona.
1152 2000 1276 2030 Ostendit
1287 2002 1367 2030 etiam
1377 2012 1410 2031 ex
1423 2002 1473 2031 hoc
1485 2005 1638 2034 tentationis

76 2051 227 2087 utilitatem,
242 2051 278 2079 ita
293 2050 386 2079 dicens
399 2062 404 2078 :
424 2051 559 2089 Qualiter
570 2052 669 2090 gratia
684 2051 800 2088 Deipro
814 2050 948 2077 omnihus
959 2050 1119 2087 gustaverit
1131 2054 1261 2077 mortem.
1275 2049 1419 2087 Qualiter,
1431 2049 1528 2088 inquit,
1538 2054 1637 2090 gratia

74 2100 140 2129 Dei.
158 2098 194 2127 Et
211 2098 257 2127 ille
272 2097 381 2137 quidem
402 2105 512 2138 propter
531 2098 580 2127 Dei
599 2098 730 2135 gratiam,
748 2108 808 2136 qua:
831 2096 907 2125 nohis
923 2096 1020 2124 donata
1032 2118 1040 2133 ,
1063 2096 1120 2124 haec
1141 2106 1234 2135 passus
1249 2103 1298 2125 est.
1319 2097 1376 2135 Qui
1391 2100 1519 2136 proprio,
1537 2099 1636 2138 inquit,

74 2148 154 2176 Filio
169 2157 225 2175 non
236 2148 373 2185 pepercit,
385 2146 436 2174 sed
447 2148 506 2185 ipse
515 2157 569 2185 pro
582 2147 665 2174 nobis
677 2147 811 2174 omnibus
823 2145 945 2174 tradidit
956 2154 1032 2172 eum.
1044 2144 1128 2183 Cujus
1140 2144 1178 2172 rei
1192 2144 1277 2182 gratia
1289 2144 1302 2173 ἶ)
1314 2145 1372 2174 Non
1384 2145 1455 2174 enim
1469 2145 1636 2177 debebantur

74 2194 130 2222 liaee
140 2193 232 2231 nobis,
246 2192 292 2221 sed
307 2193 392 2231 gratia
408 2192 459 2221 hoc
469 2193 539 2222 fecit.
556 2193 589 2222 Et
604 2193 702 2222 iterum
716 2193 742 2221 in
755 2191 875 2232 Epistola
891 2190 925 2219 ad
938 2192 1072 2220 Romanos
1084 2190 1154 2219 dixit
1167 2203 1173 2218 :
1187 2192 1284 2219 Multo
1300 2194 1392 2231 magis
1403 2194 1501 2231 gratia
1516 2194 1590 2232 Dei,
1608 2202 1635 2223 et

74 2242 181 2269 donum
199 2241 285 2268 unius
301 2240 426 2269 hominis
439 2241 510 2269 Jesu
525 2241 635 2270 Christi
645 2243 676 2269 in
689 2241 796 2269 multos
807 2239 981 2267 abundavit.
997 2238 1132 2277 Qualiter
1146 2241 1243 2278 gratia
1256 2239 1311 2267 Dei
1320 2249 1374 2277 pro
1391 2241 1524 2269 omnibus
1537 2248 1635 2280 gusta-

75 2290 146 2316 verit
162 2293 282 2315 mortem
299 2299 307 2314 :
328 2297 379 2315 non
395 2298 444 2327 pro
462 2287 588 2317 fidelibus
600 2295 702 2317 tantum
714 2310 721 2323 ,
740 2287 786 2316 sed
800 2297 849 2326 pro
861 2285 962 2315 mundo
975 2286 1117 2324 universo,
1134 2293 1159 2315 et
1173 2286 1229 2326 ipse
1238 2285 1347 2325 quidem
1359 2297 1408 2325 pro
1422 2287 1547 2317 omnibus
1559 2299 1636 2317 mor-

73 2343 135 2364 tuus
149 2342 198 2365 est.
218 2333 292 2370 Quid
309 2341 410 2371 autem,
429 2335 451 2363 si
472 2346 522 2365 non
539 2346 631 2364 omnes
652 2335 765 2364 credunt
779 2335 792 2363 Ρ
807 2334 856 2363 Ille
875 2333 947 2372 quod
968 2344 1047 2362 suum
1061 2340 1116 2362 erat
1134 2334 1267 2374 implevit.
1287 2333 1322 2362 Et
1346 2334 1453 2374 proprie
1466 2334 1558 2373 dixit,
1575 2337 1635 2365 Pro

73 2383 206 2412 omnibus
218 2383 346 2421 gustavit
363 2389 493 2411 mortem.
510 2383 570 2412 Non
583 2383 667 2417 dixit,
687 2383 722 2412 Ut
735 2382 864 2412 moriatur
877 2394 882 2410 :
899 2391 992 2410 revera
1008 2381 1079 2410 enim
1094 2380 1173 2411 sicuti
1189 2381 1235 2420 qui
1252 2388 1356 2420 gustat,
1368 2381 1406 2410 sie
1417 2381 1498 2412 breve
1508 2382 1634 2412 interval-

71 2431 129 2460 lum
142 2429 168 2458 in
181 2429 227 2458 illa
241 2428 351 2465 faciens,
363 2429 502 2459 confestim
517 2431 643 2459 surrexit.
656 2429 777 2459 Dicendo
789 2440 852 2469 ergo
867 2430 1006 2467 Mortem,
1019 2435 1044 2457 et
1059 2430 1231 2458 Passionem
1245 2431 1354 2465 mortis,
1370 2429 1508 2459 manifeste
1520 2437 1634 2460 mortem

70 2476 252 2517 significavit,
263 2476 376 2506 dicendo
388 2484 476 2507 autem
488 2479 615 2517 quoniam
628 2478 678 2508 Ab
689 2478 802 2518 angelis
814 2477 925 2514 melior,
939 2477 1160 2506 resurrectionem
1170 2476 1327 2506 declaravit.
1338 2477 1415 2506 Sicut
1428 2477 1500 2506 enim
1515 2477 1636 2507 medicus

72 2536 125 2555 non
140 2525 242 2554 babens
257 2525 440 2554 necessitatem
454 2537 488 2555 ex
508 2526 575 2555 cibis
588 2526 634 2565 qui
649 2534 748 2565 :egroto
763 2531 948 2566 proponantur
964 2531 1084 2563 gustare,
1107 2524 1153 2554 sed
1168 2524 1208 2554 illi
1223 2524 1379 2560 consulens,
1399 2524 1502 2565 primus
1516 2535 1551 2554 ex
1563 2525 1636 2554 illius

73 2571 133 2600 cibo
146 2570 286 2610 degustat,
299 2577 327 2598 ut
342 2571 500 2609 persuadeat
515 2579 614 2611 a‘groto
628 2571 759 2612 promtius
775 2571 835 2601 illos
850 2571 923 2601 cibos
939 2570 1058 2610 accipere
1076 2585 1081 2600 :
1100 2572 1138 2600 sic
1155 2571 1234 2601 etiam
1247 2570 1388 2609 Dominus,
1401 2571 1530 2610 quoniam
1545 2581 1637 2601 omnes

1467 2612 1493 2640 5.
