<?xml version="1.0" encoding="UTF-8"?>
<!DOCTYPE html PUBLIC "-//W3C//DTD XHTML 1.0 Transitional//EN"
    "http://www.w3.org/TR/xhtml1/DTD/xhtml1-transitional.dtd">
<html xmlns="http://www.w3.org/1999/xhtml" xml:lang="en" lang="en">
 <head>
  <title>
</title>
<meta http-equiv="Content-Type" content="text/html;charset=utf-8" />
  <meta name='ocr-system' content='tesseract 3.04.00' />
  <meta name='ocr-capabilities' content='ocr_page ocr_carea ocr_par ocr_line ocrx_word'/>
</head>
<body>
  <div class='ocr_page' id='page_1' title='image "./operaomniaquaeex12johnuoft/operaomniaquaeex12johnuoft_0446.png"; bbox 0 0 1906 2846; ppageno 0'>
   <div class='ocr_carea' id='block_1_1' title="bbox 251 198 977 234">
    <p class='ocr_par' dir='ltr' id='par_1_1' title="bbox 251 198 977 234">
     <span class='ocr_line' id='line_1_1' title="bbox 251 198 977 234; baseline -0.007 -10"><span class='ocrx_word' id='word_1_1' title='bbox 251 200 320 234; x_wconf 61' lang='lat'>4)2</span> <span class='ocrx_word' id='word_1_2' title='bbox 574 201 601 222; x_wconf 84' lang='lat' dir='ltr'>S.</span> <span class='ocrx_word' id='word_1_3' title='bbox 631 199 769 223; x_wconf 63' lang='lat' dir='ltr'>JOANMS</span> <span class='ocrx_word' id='word_1_4' title='bbox 797 198 977 221; x_wconf 50' lang='lat'>(211115&#39;5051&#39;.</span> 
     </span>
    </p>
   </div>
   <div class='ocr_carea' id='block_1_2' title="bbox 248 259 992 1168">
    <p class='ocr_par' dir='ltr' id='par_1_2' title="bbox 249 259 991 573">
     <span class='ocr_line' id='line_1_2' title="bbox 249 259 986 296; baseline -0.007 -6"><span class='ocrx_word' id='word_1_5' title='bbox 249 269 396 290; x_wconf 67' lang='lat' dir='ltr'>tenuerunt.</span> <span class='ocrx_word' id='word_1_6' title='bbox 416 263 473 290; x_wconf 70' lang='lat' dir='ltr'>Non</span> <span class='ocrx_word' id='word_1_7' title='bbox 493 261 564 289; x_wconf 70' lang='lat' dir='ltr'>euim</span> <span class='ocrx_word' id='word_1_8' title='bbox 583 261 665 289; x_wconf 77' lang='lat' dir='ltr'>vitam</span> <span class='ocrx_word' id='word_1_9' title='bbox 681 259 855 288; x_wconf 75' lang='lat' dir='ltr'>ostendissent</span> <span class='ocrx_word' id='word_1_10' title='bbox 871 268 967 296; x_wconf 76' lang='lat' dir='ltr'>puram</span> <span class='ocrx_word' id='word_1_11' title='bbox 979 280 986 293; x_wconf 90' lang='lat'>‚</span> 
     </span>
     <span class='ocr_line' id='line_1_3' title="bbox 249 303 990 342; baseline -0.007 -7"><span class='ocrx_word' id='word_1_12' title='bbox 249 308 270 335; x_wconf 75' lang='lat' dir='ltr'>si</span> <span class='ocrx_word' id='word_1_13' title='bbox 281 307 421 335; x_wconf 81' lang='lat' dir='ltr'>defuturis</span> <span class='ocrx_word' id='word_1_14' title='bbox 431 305 607 341; x_wconf 67' lang='lat' dir='ltr'>dubitassent,</span> <span class='ocrx_word' id='word_1_15' title='bbox 620 305 641 333; x_wconf 85' lang='lat' dir='ltr'>si</span> <span class='ocrx_word' id='word_1_16' title='bbox 651 303 839 342; x_wconf 82' lang='lat' dir='ltr'>ambegissent.</span> <span class='ocrx_word' id='word_1_17' title='bbox 853 303 990 338; x_wconf 82' lang='lat' dir='ltr'>Quamob-</span> 
     </span>
     <span class='ocr_line' id='line_1_4' title="bbox 250 350 990 390; baseline -0.004 -10"><span class='ocrx_word' id='word_1_18' title='bbox 250 364 304 380; x_wconf 72' lang='grc' dir='ltr'>ιυιιι</span> <span class='ocrx_word' id='word_1_19' title='bbox 321 353 370 380; x_wconf 88' lang='lat' dir='ltr'>hoc</span> <span class='ocrx_word' id='word_1_20' title='bbox 383 353 471 390; x_wconf 84' lang='lat' dir='ltr'>ipsum</span> <span class='ocrx_word' id='word_1_21' title='bbox 490 351 533 379; x_wconf 86' lang='lat' dir='ltr'>hic</span> <span class='ocrx_word' id='word_1_22' title='bbox 549 361 655 388; x_wconf 82' lang='lat' dir='ltr'>quoque</span> <span class='ocrx_word' id='word_1_23' title='bbox 668 357 750 378; x_wconf 75' lang='lat' dir='ltr'>curat.</span> <span class='ocrx_word' id='word_1_24' title='bbox 768 350 796 379; x_wconf 84' lang='grc'>8.</span> <span class='ocrx_word' id='word_1_25' title='bbox 812 350 897 378; x_wconf 81' lang='lat' dir='ltr'>Jesus</span> <span class='ocrx_word' id='word_1_26' title='bbox 908 350 990 378; x_wconf 77' lang='lat' dir='ltr'>Chri-</span> 
     </span>
     <span class='ocr_line' id='line_1_5' title="bbox 249 396 989 434; baseline -0.001 -9"><span class='ocrx_word' id='word_1_27' title='bbox 249 405 310 425; x_wconf 77' lang='lat' dir='ltr'>stus</span> <span class='ocrx_word' id='word_1_28' title='bbox 334 398 396 424; x_wconf 73' lang='lat' dir='ltr'>lteri</span> <span class='ocrx_word' id='word_1_29' title='bbox 417 403 443 424; x_wconf 84' lang='lat' dir='ltr'>et</span> <span class='ocrx_word' id='word_1_30' title='bbox 468 397 554 424; x_wconf 81' lang='lat' dir='ltr'>hodie</span> <span class='ocrx_word' id='word_1_31' title='bbox 577 397 653 424; x_wconf 83' lang='lat' dir='ltr'>idem</span> <span class='ocrx_word' id='word_1_32' title='bbox 677 398 746 434; x_wconf 85' lang='lat' dir='ltr'>ipse,</span> <span class='ocrx_word' id='word_1_33' title='bbox 770 402 798 424; x_wconf 85' lang='lat' dir='ltr'>et</span> <span class='ocrx_word' id='word_1_34' title='bbox 818 398 849 424; x_wconf 86' lang='lat' dir='ltr'>in</span> <span class='ocrx_word' id='word_1_35' title='bbox 870 396 989 424; x_wconf 82' lang='lat' dir='ltr'>saecula.</span> 
     </span>
     <span class='ocr_line' id='line_1_6' title="bbox 249 444 990 482; baseline 0 -11"><span class='ocrx_word' id='word_1_36' title='bbox 249 448 276 472; x_wconf 64' lang='grc' dir='ltr'>ἑ).</span> <span class='ocrx_word' id='word_1_37' title='bbox 296 445 446 472; x_wconf 77' lang='lat' dir='ltr'>Doctrinis</span> <span class='ocrx_word' id='word_1_38' title='bbox 463 445 558 471; x_wconf 72' lang='lat' dir='ltr'>variis</span> <span class='ocrx_word' id='word_1_39' title='bbox 573 450 600 471; x_wconf 85' lang='lat' dir='ltr'>et</span> <span class='ocrx_word' id='word_1_40' title='bbox 615 445 775 482; x_wconf 72' lang='lat' dir='ltr'><em>peregrinis</em></span> <span class='ocrx_word' id='word_1_41' title='bbox 790 444 881 471; x_wconf 84' lang='lat' dir='ltr'>nolite</span> <span class='ocrx_word' id='word_1_42' title='bbox 893 444 990 472; x_wconf 84' lang='lat' dir='ltr'>abdu—</span> 
     </span>
     <span class='ocr_line' id='line_1_7' title="bbox 250 489 991 528; baseline 0.001 -12"><span class='ocrx_word' id='word_1_43' title='bbox 250 491 276 516; x_wconf 71' lang='lat' dir='ltr'>ci</span> <span class='ocrx_word' id='word_1_44' title='bbox 288 501 295 515; x_wconf 86' lang='lat'><em>:</em></span> <span class='ocrx_word' id='word_1_45' title='bbox 309 490 448 527; x_wconf 83' lang='lat' dir='ltr'>optimum</span> <span class='ocrx_word' id='word_1_46' title='bbox 463 495 504 517; x_wconf 76' lang='lat' dir='ltr'>est</span> <span class='ocrx_word' id='word_1_47' title='bbox 517 491 593 517; x_wconf 81' lang='lat' dir='ltr'>enim</span> <span class='ocrx_word' id='word_1_48' title='bbox 604 492 702 528; x_wconf 82' lang='lat' dir='ltr'>gratia</span> <span class='ocrx_word' id='word_1_49' title='bbox 713 489 841 518; x_wconf 79' lang='lat' dir='ltr'>stabiliri</span> <span class='ocrx_word' id='word_1_50' title='bbox 854 500 917 523; x_wconf 88' lang='lat' dir='ltr'>cor,</span> <span class='ocrx_word' id='word_1_51' title='bbox 933 499 991 517; x_wconf 86' lang='lat' dir='ltr'>non.</span> 
     </span>
     <span class='ocr_line' id='line_1_8' title="bbox 249 536 986 573; baseline 0.003 -11"><span class='ocrx_word' id='word_1_52' title='bbox 249 538 330 566; x_wconf 73' lang='lat' dir='ltr'>escis,</span> <span class='ocrx_word' id='word_1_53' title='bbox 342 545 406 573; x_wconf 81' lang='lat' dir='ltr'>quae</span> <span class='ocrx_word' id='word_1_54' title='bbox 416 545 474 562; x_wconf 85' lang='lat' dir='ltr'>non</span> <span class='ocrx_word' id='word_1_55' title='bbox 482 536 656 573; x_wconf 75' lang='lat' dir='ltr'>proficerunt</span> <span class='ocrx_word' id='word_1_56' title='bbox 666 536 887 564; x_wconf 81' lang='lat' dir='ltr'><em>ambulantibus</em></span> <span class='ocrx_word' id='word_1_57' title='bbox 896 538 927 564; x_wconf 86' lang='lat' dir='ltr'>in</span> <span class='ocrx_word' id='word_1_58' title='bbox 934 538 986 564; x_wconf 86' lang='lat' dir='ltr'>eis.</span> 
     </span>
    </p>

    <p class='ocr_par' dir='ltr' id='par_1_3' title="bbox 248 580 992 1168">
     <span class='ocr_line' id='line_1_9' title="bbox 288 580 989 620; baseline 0.003 -13"><span class='ocrx_word' id='word_1_59' title='bbox 288 581 318 610; x_wconf 59' lang='lat' dir='ltr'>Q,</span> <span class='ocrx_word' id='word_1_60' title='bbox 336 580 385 608; x_wconf 86' lang='lat' dir='ltr'>Hic</span> <span class='ocrx_word' id='word_1_61' title='bbox 400 580 478 616; x_wconf 84' lang='lat' dir='ltr'>illud,</span> <span class='ocrx_word' id='word_1_62' title='bbox 493 581 575 616; x_wconf 82' lang='lat' dir='ltr'><em>Heri,</em></span> <span class='ocrx_word' id='word_1_63' title='bbox 587 581 653 609; x_wconf 88' lang='lat' dir='ltr'>dicit</span> <span class='ocrx_word' id='word_1_64' title='bbox 664 591 742 609; x_wconf 87' lang='lat' dir='ltr'>omne</span> <span class='ocrx_word' id='word_1_65' title='bbox 751 588 857 620; x_wconf 85' lang='lat' dir='ltr'>tempus</span> <span class='ocrx_word' id='word_1_66' title='bbox 866 581 989 620; x_wconf 61' lang='lat' dir='ltr'>praeteri-</span> 
     </span>
     <span class='ocr_line' id='line_1_10' title="bbox 249 626 992 665; baseline 0.003 -13"><span class='ocrx_word' id='word_1_67' title='bbox 249 633 316 659; x_wconf 83' lang='lat' dir='ltr'>tum,</span> <span class='ocrx_word' id='word_1_68' title='bbox 331 632 365 660; x_wconf 86' lang='lat' dir='ltr'>et,</span> <span class='ocrx_word' id='word_1_69' title='bbox 378 626 483 660; x_wconf 83' lang='lat' dir='ltr'><em>Hodie,</em></span> <span class='ocrx_word' id='word_1_70' title='bbox 495 636 609 665; x_wconf 83' lang='lat' dir='ltr'>praesens</span> <span class='ocrx_word' id='word_1_71' title='bbox 621 632 742 665; x_wconf 79' lang='lat' dir='ltr'>tempus3</span> <span class='ocrx_word' id='word_1_72' title='bbox 758 627 907 662; x_wconf 82' lang='lat' dir='ltr'>saeculum,</span> <span class='ocrx_word' id='word_1_73' title='bbox 918 627 992 655; x_wconf 87' lang='lat' dir='ltr'>sutu-</span> 
     </span>
     <span class='ocr_line' id='line_1_11' title="bbox 251 670 989 710; baseline 0.003 -12"><span class='ocrx_word' id='word_1_74' title='bbox 251 681 310 698; x_wconf 84' lang='lat' dir='ltr'>rum</span> <span class='ocrx_word' id='word_1_75' title='bbox 322 677 346 698; x_wconf 87' lang='lat' dir='ltr'>et</span> <span class='ocrx_word' id='word_1_76' title='bbox 358 670 506 699; x_wconf 82' lang='lat' dir='ltr'>infinitum.</span> <span class='ocrx_word' id='word_1_77' title='bbox 514 671 596 706; x_wconf 89' lang='lat' dir='ltr'>Quod</span> <span class='ocrx_word' id='word_1_78' title='bbox 605 682 668 700; x_wconf 85' lang='lat' dir='ltr'>vero</span> <span class='ocrx_word' id='word_1_79' title='bbox 679 672 755 705; x_wconf 81' lang='lat' dir='ltr'>dicit,</span> <span class='ocrx_word' id='word_1_80' title='bbox 766 672 921 710; x_wconf 86' lang='lat' dir='ltr'>hujusmodi</span> <span class='ocrx_word' id='word_1_81' title='bbox 934 679 972 700; x_wconf 83' lang='lat' dir='ltr'>est</span> <span class='ocrx_word' id='word_1_82' title='bbox 984 684 989 699; x_wconf 89' lang='lat'>:</span> 
     </span>
     <span class='ocr_line' id='line_1_12' title="bbox 251 716 992 757; baseline 0.004 -13"><span class='ocrx_word' id='word_1_83' title='bbox 251 716 400 745; x_wconf 75' lang='lat' dir='ltr'>Audivistis</span> <span class='ocrx_word' id='word_1_84' title='bbox 415 717 578 756; x_wconf 83' lang='lat' dir='ltr'>pontificem,</span> <span class='ocrx_word' id='word_1_85' title='bbox 590 717 635 746; x_wconf 86' lang='lat' dir='ltr'>sed</span> <span class='ocrx_word' id='word_1_86' title='bbox 648 728 699 746; x_wconf 91' lang='lat' dir='ltr'>non</span> <span class='ocrx_word' id='word_1_87' title='bbox 713 719 869 757; x_wconf 86' lang='lat' dir='ltr'>pontificem</span> <span class='ocrx_word' id='word_1_88' title='bbox 888 718 934 756; x_wconf 88' lang='lat' dir='ltr'>qui</span> <span class='ocrx_word' id='word_1_89' title='bbox 946 718 992 747; x_wconf 87' lang='lat' dir='ltr'>de-</span> 
     </span>
     <span class='ocr_line' id='line_1_13' title="bbox 249 763 991 803; baseline 0.003 -12"><span class='ocrx_word' id='word_1_90' title='bbox 249 763 317 791; x_wconf 78' lang='lat' dir='ltr'>sinat</span> <span class='ocrx_word' id='word_1_91' title='bbox 331 773 387 791; x_wconf 83' lang='lat' dir='ltr'>esse</span> <span class='ocrx_word' id='word_1_92' title='bbox 407 775 412 790; x_wconf 89' lang='lat'><strong>:</strong></span> <span class='ocrx_word' id='word_1_93' title='bbox 427 774 531 803; x_wconf 85' lang='lat' dir='ltr'><strong>semper</strong></span> <span class='ocrx_word' id='word_1_94' title='bbox 544 764 615 793; x_wconf 88' lang='lat' dir='ltr'>enim</span> <span class='ocrx_word' id='word_1_95' title='bbox 636 764 707 793; x_wconf 79' lang='lat' dir='ltr'>idem</span> <span class='ocrx_word' id='word_1_96' title='bbox 726 773 772 794; x_wconf 83' lang='lat' dir='ltr'>est.</span> <span class='ocrx_word' id='word_1_97' title='bbox 789 765 912 794; x_wconf 75' lang='lat' dir='ltr'>Fortasse</span> <span class='ocrx_word' id='word_1_98' title='bbox 927 775 991 794; x_wconf 80' lang='lat' dir='ltr'>vero</span> 
     </span>
     <span class='ocr_line' id='line_1_14' title="bbox 251 808 990 848; baseline 0.004 -12"><span class='ocrx_word' id='word_1_99' title='bbox 251 808 360 847; x_wconf 75' lang='lat' dir='ltr'>perinde</span> <span class='ocrx_word' id='word_1_100' title='bbox 375 815 454 847; x_wconf 80' lang='lat' dir='ltr'>atque</span> <span class='ocrx_word' id='word_1_101' title='bbox 465 810 487 838; x_wconf 92' lang='lat' dir='ltr'>si</span> <span class='ocrx_word' id='word_1_102' title='bbox 503 817 587 838; x_wconf 82' lang='lat' dir='ltr'><strong>essent</strong></span> <span class='ocrx_word' id='word_1_103' title='bbox 599 810 645 848; x_wconf 85' lang='lat' dir='ltr'>qui</span> <span class='ocrx_word' id='word_1_104' title='bbox 659 810 777 839; x_wconf 79' lang='lat' dir='ltr'>dicerent</span> <span class='ocrx_word' id='word_1_105' title='bbox 790 820 842 839; x_wconf 91' lang='lat' dir='ltr'>non</span> <span class='ocrx_word' id='word_1_106' title='bbox 855 821 911 839; x_wconf 85' lang='lat' dir='ltr'>esse</span> <span class='ocrx_word' id='word_1_107' title='bbox 925 821 990 839; x_wconf 85' lang='lat' dir='ltr'>cru—</span> 
     </span>
     <span class='ocr_line' id='line_1_15' title="bbox 250 854 988 894; baseline 0.004 -13"><span class='ocrx_word' id='word_1_108' title='bbox 250 854 361 883; x_wconf 74' lang='lat' dir='ltr'>rifixum</span> <span class='ocrx_word' id='word_1_109' title='bbox 379 854 450 883; x_wconf 86' lang='lat' dir='ltr'>hunc</span> <span class='ocrx_word' id='word_1_110' title='bbox 463 855 510 893; x_wconf 87' lang='lat' dir='ltr'>qui</span> <span class='ocrx_word' id='word_1_111' title='bbox 526 863 697 894; x_wconf 76' lang='lat' dir='ltr'><strong>exspectatur</strong></span> <span class='ocrx_word' id='word_1_112' title='bbox 712 856 845 890; x_wconf 83' lang='lat' dir='ltr'>Christus,</span> <span class='ocrx_word' id='word_1_113' title='bbox 866 857 910 885; x_wconf 88' lang='lat' dir='ltr'>sed</span> <span class='ocrx_word' id='word_1_114' title='bbox 924 867 988 884; x_wconf 85' lang='lat' dir='ltr'>ven-</span> 
     </span>
     <span class='ocr_line' id='line_1_16' title="bbox 249 899 987 937; baseline 0.004 -11"><span class='ocrx_word' id='word_1_115' title='bbox 249 907 340 927; x_wconf 80' lang='lat' dir='ltr'>turum</span> <span class='ocrx_word' id='word_1_116' title='bbox 353 909 408 927; x_wconf 85' lang='lat' dir='ltr'>esse</span> <span class='ocrx_word' id='word_1_117' title='bbox 422 899 506 929; x_wconf 86' lang='lat' dir='ltr'>alium</span> <span class='ocrx_word' id='word_1_118' title='bbox 527 911 533 927; x_wconf 74' lang='grc' dir='ltr'>ε</span> <span class='ocrx_word' id='word_1_119' title='bbox 549 900 600 929; x_wconf 81' lang='lat' dir='ltr'>hoc</span> <span class='ocrx_word' id='word_1_120' title='bbox 613 901 690 937; x_wconf 88' lang='lat' dir='ltr'>dicit,</span> <span class='ocrx_word' id='word_1_121' title='bbox 704 902 776 929; x_wconf 83' lang='lat' dir='ltr'>Heri</span> <span class='ocrx_word' id='word_1_122' title='bbox 792 908 819 930; x_wconf 81' lang='lat' dir='ltr'>et</span> <span class='ocrx_word' id='word_1_123' title='bbox 835 902 933 937; x_wconf 78' lang='lat' dir='ltr'>hodie,</span> <span class='ocrx_word' id='word_1_124' title='bbox 950 908 987 937; x_wconf 80' lang='lat' dir='ltr'>et,</span> 
     </span>
     <span class='ocr_line' id='line_1_17' title="bbox 248 946 991 986; baseline 0.004 -14"><span class='ocrx_word' id='word_1_125' title='bbox 248 946 330 973; x_wconf 81' lang='lat' dir='ltr'>Idem</span> <span class='ocrx_word' id='word_1_126' title='bbox 348 952 389 974; x_wconf 82' lang='lat' dir='ltr'>est</span> <span class='ocrx_word' id='word_1_127' title='bbox 410 948 442 974; x_wconf 87' lang='lat' dir='ltr'>in</span> <span class='ocrx_word' id='word_1_128' title='bbox 456 947 575 975; x_wconf 69' lang='lat' dir='ltr'>scecula.</span> <span class='ocrx_word' id='word_1_129' title='bbox 593 947 644 975; x_wconf 90' lang='lat' dir='ltr'>Per</span> <span class='ocrx_word' id='word_1_130' title='bbox 665 947 715 975; x_wconf 86' lang='lat' dir='ltr'>hoc</span> <span class='ocrx_word' id='word_1_131' title='bbox 737 947 837 986; x_wconf 86' lang='lat' dir='ltr'>quippe</span> <span class='ocrx_word' id='word_1_132' title='bbox 851 946 991 975; x_wconf 83' lang='lat' dir='ltr'>manifeste</span> 
     </span>
     <span class='ocr_line' id='line_1_18' title="bbox 249 990 991 1031; baseline 0.005 -14"><span class='ocrx_word' id='word_1_133' title='bbox 249 990 285 1017; x_wconf 85' lang='lat' dir='ltr'>ait</span> <span class='ocrx_word' id='word_1_134' title='bbox 300 991 373 1028; x_wconf 87' lang='lat' dir='ltr'>quod</span> <span class='ocrx_word' id='word_1_135' title='bbox 391 991 438 1029; x_wconf 89' lang='lat' dir='ltr'>qui</span> <span class='ocrx_word' id='word_1_136' title='bbox 454 992 536 1027; x_wconf 83' lang='lat' dir='ltr'>venit,</span> <span class='ocrx_word' id='word_1_137' title='bbox 552 1003 644 1021; x_wconf 85' lang='lat' dir='ltr'>rursus</span> <span class='ocrx_word' id='word_1_138' title='bbox 658 999 788 1021; x_wconf 81' lang='lat' dir='ltr'>venturus</span> <span class='ocrx_word' id='word_1_139' title='bbox 806 994 851 1028; x_wconf 85' lang='lat' dir='ltr'>sit,</span> <span class='ocrx_word' id='word_1_140' title='bbox 866 992 991 1031; x_wconf 81' lang='lat' dir='ltr'>idemque</span> 
     </span>
     <span class='ocr_line' id='line_1_19' title="bbox 248 1036 991 1074; baseline 0.005 -12"><span class='ocrx_word' id='word_1_141' title='bbox 248 1036 304 1074; x_wconf 85' lang='lat' dir='ltr'>ipse</span> <span class='ocrx_word' id='word_1_142' title='bbox 324 1043 347 1064; x_wconf 88' lang='lat' dir='ltr'>et</span> <span class='ocrx_word' id='word_1_143' title='bbox 363 1042 424 1065; x_wconf 84' lang='lat' dir='ltr'>ante</span> <span class='ocrx_word' id='word_1_144' title='bbox 436 1043 502 1071; x_wconf 80' lang='lat' dir='ltr'>erat,</span> <span class='ocrx_word' id='word_1_145' title='bbox 525 1044 550 1066; x_wconf 87' lang='lat' dir='ltr'>et</span> <span class='ocrx_word' id='word_1_146' title='bbox 571 1044 621 1072; x_wconf 87' lang='lat' dir='ltr'>est,</span> <span class='ocrx_word' id='word_1_147' title='bbox 643 1044 669 1066; x_wconf 87' lang='lat' dir='ltr'>et</span> <span class='ocrx_word' id='word_1_148' title='bbox 682 1038 733 1067; x_wconf 89' lang='lat' dir='ltr'>erit</span> <span class='ocrx_word' id='word_1_149' title='bbox 753 1038 780 1066; x_wconf 90' lang='lat' dir='ltr'>in</span> <span class='ocrx_word' id='word_1_150' title='bbox 793 1038 899 1067; x_wconf 70' lang='lat' dir='ltr'>saecula.</span> <span class='ocrx_word' id='word_1_151' title='bbox 922 1040 991 1067; x_wconf 82' lang='lat' dir='ltr'>Nam</span> 
     </span>
     <span class='ocr_line' id='line_1_20' title="bbox 250 1082 991 1121; baseline 0.004 -12"><span class='ocrx_word' id='word_1_152' title='bbox 250 1091 320 1110; x_wconf 89' lang='lat' dir='ltr'>nunc</span> <span class='ocrx_word' id='word_1_153' title='bbox 336 1092 442 1121; x_wconf 86' lang='lat' dir='ltr'>quoque</span> <span class='ocrx_word' id='word_1_154' title='bbox 455 1082 550 1111; x_wconf 85' lang='lat' dir='ltr'>dicunt</span> <span class='ocrx_word' id='word_1_155' title='bbox 570 1084 659 1113; x_wconf 81' lang='lat' dir='ltr'>Judaei</span> <span class='ocrx_word' id='word_1_156' title='bbox 674 1084 759 1112; x_wconf 78' lang='lat' dir='ltr'>alium</span> <span class='ocrx_word' id='word_1_157' title='bbox 774 1091 942 1121; x_wconf 86' lang='lat' dir='ltr'>venturum;</span> <span class='ocrx_word' id='word_1_158' title='bbox 965 1091 991 1112; x_wconf 84' lang='lat' dir='ltr'>et</span> 
     </span>
     <span class='ocr_line' id='line_1_21' title="bbox 249 1129 989 1168; baseline 0.003 -12"><span class='ocrx_word' id='word_1_159' title='bbox 249 1138 309 1157; x_wconf 81' lang='lat' dir='ltr'>curn</span> <span class='ocrx_word' id='word_1_160' title='bbox 328 1139 359 1157; x_wconf 87' lang='lat' dir='ltr'>eo</span> <span class='ocrx_word' id='word_1_161' title='bbox 374 1129 421 1167; x_wconf 89' lang='lat' dir='ltr'>qui</span> <span class='ocrx_word' id='word_1_162' title='bbox 443 1135 481 1157; x_wconf 86' lang='lat' dir='ltr'>est</span> <span class='ocrx_word' id='word_1_163' title='bbox 501 1129 602 1168; x_wconf 88' lang='lat' dir='ltr'>seipsos</span> <span class='ocrx_word' id='word_1_164' title='bbox 619 1130 795 1168; x_wconf 83' lang='lat' dir='ltr'>privaverint,</span> <span class='ocrx_word' id='word_1_165' title='bbox 821 1129 941 1158; x_wconf 88' lang='lat' dir='ltr'>incident</span> <span class='ocrx_word' id='word_1_166' title='bbox 963 1130 989 1158; x_wconf 90' lang='lat' dir='ltr'>in</span> 
     </span>
    </p>
   </div>
   <div class='ocr_carea' id='block_1_3' title="bbox 251 1173 1459 1215">
    <p class='ocr_par' dir='ltr' id='par_1_4' title="bbox 251 1173 1459 1215">
     <span class='ocr_line' id='line_1_22' title="bbox 251 1173 1459 1215; baseline 0.003 -14.008"><span class='ocrx_word' id='word_1_167' title='bbox 251 1173 452 1202; x_wconf 74' lang='lat' dir='ltr'>Antichristum.</span> <span class='ocrx_word' id='word_1_168' title='bbox 466 1175 618 1203; x_wconf 83' lang='lat' dir='ltr'>Doctrinis</span> <span class='ocrx_word' id='word_1_169' title='bbox 628 1177 723 1203; x_wconf 70' lang='lat' dir='ltr'>‘variis</span> <span class='ocrx_word' id='word_1_170' title='bbox 733 1181 760 1203; x_wconf 84' lang='lat' dir='ltr'>et</span> <span class='ocrx_word' id='word_1_171' title='bbox 770 1177 930 1214; x_wconf 78' lang='lat' dir='ltr'><em>peregrinis</em></span> <span class='ocrx_word' id='word_1_172' title='bbox 941 1185 991 1202; x_wconf 85' lang='lat' dir='ltr'>no-</span> <span class='ocrx_word' id='word_1_173' title='bbox 1011 1188 1030 1210; x_wconf 47' lang='grc' dir='ltr'><strong>χ</strong></span> <span class='ocrx_word' id='word_1_174' title='bbox 1047 1178 1092 1207; x_wconf 76' lang='grc' dir='ltr'>καὶ</span> <span class='ocrx_word' id='word_1_175' title='bbox 1116 1177 1198 1210; x_wconf 82' lang='grc' dir='ltr'>ξέναις</span> <span class='ocrx_word' id='word_1_176' title='bbox 1214 1177 1250 1214; x_wconf 80' lang='grc' dir='ltr'>μὴ</span> <span class='ocrx_word' id='word_1_177' title='bbox 1266 1189 1371 1215; x_wconf 69' lang='grc' dir='ltr'>παραφε</span> <span class='ocrx_word' id='word_1_178' title='bbox 1361 1176 1459 1214; x_wconf 55' lang='grc' dir='ltr'>’ρεσθε</span> 
     </span>
    </p>
   </div>
   <div class='ocr_carea' id='block_1_4' title="bbox 247 1219 993 1669">
    <p class='ocr_par' dir='ltr' id='par_1_5' title="bbox 247 1219 993 1669">
     <span class='ocr_line' id='line_1_23' title="bbox 250 1219 990 1258; baseline 0.003 -12"><span class='ocrx_word' id='word_1_179' title='bbox 250 1220 300 1247; x_wconf 86' lang='lat' dir='ltr'>lite</span> <span class='ocrx_word' id='word_1_180' title='bbox 315 1220 429 1247; x_wconf 79' lang='lat' dir='ltr'>abduci.</span> <span class='ocrx_word' id='word_1_181' title='bbox 445 1220 504 1247; x_wconf 87' lang='lat' dir='ltr'>Non</span> <span class='ocrx_word' id='word_1_182' title='bbox 519 1220 605 1248; x_wconf 88' lang='lat' dir='ltr'>solum</span> <span class='ocrx_word' id='word_1_183' title='bbox 618 1219 775 1258; x_wconf 78' lang='lat' dir='ltr'>peregrinis,</span> <span class='ocrx_word' id='word_1_184' title='bbox 787 1220 833 1248; x_wconf 90' lang='lat' dir='ltr'>sed</span> <span class='ocrx_word' id='word_1_185' title='bbox 848 1230 932 1258; x_wconf 88' lang='lat' dir='ltr'>neque</span> <span class='ocrx_word' id='word_1_186' title='bbox 943 1230 990 1248; x_wconf 80' lang='lat' dir='ltr'>va-</span> 
     </span>
     <span class='ocr_line' id='line_1_24' title="bbox 249 1264 992 1303; baseline 0.003 -11"><span class='ocrx_word' id='word_1_187' title='bbox 249 1265 298 1292; x_wconf 79' lang='lat' dir='ltr'>riis</span> <span class='ocrx_word' id='word_1_188' title='bbox 317 1264 376 1293; x_wconf 86' lang='lat' dir='ltr'>vult</span> <span class='ocrx_word' id='word_1_189' title='bbox 395 1274 439 1293; x_wconf 78' lang='lat' dir='ltr'>eos</span> <span class='ocrx_word' id='word_1_190' title='bbox 460 1264 558 1293; x_wconf 78' lang='lat' dir='ltr'>abduci</span> <span class='ocrx_word' id='word_1_191' title='bbox 582 1277 587 1291; x_wconf 95' lang='lat'>:</span> <span class='ocrx_word' id='word_1_192' title='bbox 613 1272 722 1293; x_wconf 84' lang='lat' dir='ltr'>noverat</span> <span class='ocrx_word' id='word_1_193' title='bbox 741 1265 810 1293; x_wconf 89' lang='lat' dir='ltr'>enim</span> <span class='ocrx_word' id='word_1_194' title='bbox 831 1276 864 1293; x_wconf 81' lang='lat' dir='ltr'>ex</span> <span class='ocrx_word' id='word_1_195' title='bbox 879 1272 992 1303; x_wconf 88' lang='lat' dir='ltr'>utraque</span> 
     </span>
     <span class='ocr_line' id='line_1_25' title="bbox 250 1309 991 1348; baseline 0.001 -11"><span class='ocrx_word' id='word_1_196' title='bbox 250 1316 324 1347; x_wconf 84' lang='lat' dir='ltr'>parte</span> <span class='ocrx_word' id='word_1_197' title='bbox 344 1309 507 1337; x_wconf 84' lang='lat' dir='ltr'><strong>nascituram</strong></span> <span class='ocrx_word' id='word_1_198' title='bbox 526 1310 671 1348; x_wconf 77' lang='lat' dir='ltr'>perniciem</span> <span class='ocrx_word' id='word_1_199' title='bbox 697 1310 820 1338; x_wconf 69' lang='lat' dir='ltr'>seductis,</span> <span class='ocrx_word' id='word_1_200' title='bbox 847 1312 991 1348; x_wconf 83' lang='lat' dir='ltr'>Optimum</span> 
     </span>
     <span class='ocr_line' id='line_1_26' title="bbox 249 1356 993 1394; baseline 0.001 -11"><span class='ocrx_word' id='word_1_201' title='bbox 249 1361 289 1383; x_wconf 80' lang='lat' dir='ltr'>est</span> <span class='ocrx_word' id='word_1_202' title='bbox 299 1357 376 1383; x_wconf 83' lang='lat' dir='ltr'>enim</span> <span class='ocrx_word' id='word_1_203' title='bbox 385 1358 483 1394; x_wconf 80' lang='lat' dir='ltr'>gratia</span> <span class='ocrx_word' id='word_1_204' title='bbox 489 1356 617 1384; x_wconf 83' lang='lat' dir='ltr'>stabiliri</span> <span class='ocrx_word' id='word_1_205' title='bbox 627 1366 685 1392; x_wconf 79' lang='lat' dir='ltr'>cor,</span> <span class='ocrx_word' id='word_1_206' title='bbox 693 1367 751 1383; x_wconf 86' lang='lat' dir='ltr'>non</span> <span class='ocrx_word' id='word_1_207' title='bbox 760 1358 841 1391; x_wconf 75' lang='lat' dir='ltr'>escis,</span> <span class='ocrx_word' id='word_1_208' title='bbox 849 1367 913 1394; x_wconf 81' lang='lat' dir='ltr'>quoe</span> <span class='ocrx_word' id='word_1_209' title='bbox 936 1367 993 1384; x_wconf 86' lang='lat' dir='ltr'>non</span> 
     </span>
     <span class='ocr_line' id='line_1_27' title="bbox 247 1401 992 1440; baseline 0.001 -12"><span class='ocrx_word' id='word_1_210' title='bbox 247 1401 420 1439; x_wconf 82' lang='lat' dir='ltr'>profuerunt</span> <span class='ocrx_word' id='word_1_211' title='bbox 441 1401 659 1429; x_wconf 78' lang='lat' dir='ltr'><em>ambulantibus</em></span> <span class='ocrx_word' id='word_1_212' title='bbox 678 1404 708 1429; x_wconf 68' lang='lat' dir='ltr'>in</span> <span class='ocrx_word' id='word_1_213' title='bbox 730 1404 778 1430; x_wconf 82' lang='lat' dir='ltr'>eis.</span> <span class='ocrx_word' id='word_1_214' title='bbox 797 1402 847 1429; x_wconf 85' lang='lat' dir='ltr'>Hic</span> <span class='ocrx_word' id='word_1_215' title='bbox 862 1401 992 1440; x_wconf 80' lang='lat' dir='ltr'>paulatim</span> 
     </span>
     <span class='ocr_line' id='line_1_28' title="bbox 252 1446 992 1484; baseline 0.003 -11"><span class='ocrx_word' id='word_1_216' title='bbox 252 1446 408 1474; x_wconf 76' lang='lat' dir='ltr'>subindicat</span> <span class='ocrx_word' id='word_1_217' title='bbox 427 1456 471 1474; x_wconf 82' lang='lat' dir='ltr'>eos</span> <span class='ocrx_word' id='word_1_218' title='bbox 490 1447 535 1484; x_wconf 88' lang='lat' dir='ltr'>qui</span> <span class='ocrx_word' id='word_1_219' title='bbox 558 1446 762 1474; x_wconf 78' lang='lat' dir='ltr'>introducebant</span> <span class='ocrx_word' id='word_1_220' title='bbox 777 1446 992 1475; x_wconf 78' lang='lat' dir='ltr'>observationem</span> 
     </span>
     <span class='ocr_line' id='line_1_29' title="bbox 250 1491 991 1520; baseline 0.001 -1"><span class='ocrx_word' id='word_1_221' title='bbox 250 1492 373 1520; x_wconf 72' lang='lat' dir='ltr'>ciborum</span> <span class='ocrx_word' id='word_1_222' title='bbox 391 1505 396 1519; x_wconf 92' lang='lat'>:</span> <span class='ocrx_word' id='word_1_223' title='bbox 415 1491 468 1520; x_wconf 79' lang='lat' dir='ltr'>fide</span> <span class='ocrx_word' id='word_1_224' title='bbox 482 1492 553 1520; x_wconf 88' lang='lat' dir='ltr'>enim</span> <span class='ocrx_word' id='word_1_225' title='bbox 568 1491 667 1520; x_wconf 87' lang='lat' dir='ltr'>munda</span> <span class='ocrx_word' id='word_1_226' title='bbox 682 1499 744 1520; x_wconf 82' lang='lat' dir='ltr'>sunt</span> <span class='ocrx_word' id='word_1_227' title='bbox 759 1492 848 1520; x_wconf 82' lang='lat' dir='ltr'>omnia</span> <span class='ocrx_word' id='word_1_228' title='bbox 864 1504 870 1518; x_wconf 88' lang='lat'>:</span> <span class='ocrx_word' id='word_1_229' title='bbox 886 1492 939 1520; x_wconf 76' lang='lat' dir='ltr'>fide</span> <span class='ocrx_word' id='word_1_230' title='bbox 951 1503 991 1520; x_wconf 85' lang='lat' dir='ltr'>er-</span> 
     </span>
     <span class='ocr_line' id='line_1_30' title="bbox 250 1539 991 1577; baseline 0.001 -11"><span class='ocrx_word' id='word_1_231' title='bbox 250 1549 284 1574; x_wconf 70' lang='lat' dir='ltr'>go</span> <span class='ocrx_word' id='word_1_232' title='bbox 297 1548 364 1577; x_wconf 86' lang='lat' dir='ltr'>opus</span> <span class='ocrx_word' id='word_1_233' title='bbox 379 1545 426 1573; x_wconf 84' lang='lat' dir='ltr'>est,</span> <span class='ocrx_word' id='word_1_234' title='bbox 445 1549 497 1567; x_wconf 91' lang='lat' dir='ltr'>non</span> <span class='ocrx_word' id='word_1_235' title='bbox 519 1539 595 1567; x_wconf 84' lang='lat' dir='ltr'>cibis.</span> <span class='ocrx_word' id='word_1_236' title='bbox 619 1540 664 1567; x_wconf 75' lang='lat'>10.</span> <span class='ocrx_word' id='word_1_237' title='bbox 681 1540 832 1568; x_wconf 78' lang='lat' dir='ltr'><em>Habemus</em></span> <span class='ocrx_word' id='word_1_238' title='bbox 847 1541 924 1567; x_wconf 86' lang='lat' dir='ltr'>enim</span> <span class='ocrx_word' id='word_1_239' title='bbox 944 1540 991 1567; x_wconf 84' lang='lat' dir='ltr'>al-</span> 
     </span>
     <span class='ocr_line' id='line_1_31' title="bbox 253 1583 992 1622; baseline 0.004 -12"><span class='ocrx_word' id='word_1_240' title='bbox 253 1591 332 1619; x_wconf 76' lang='lat' dir='ltr'>tare,</span> <span class='ocrx_word' id='word_1_241' title='bbox 359 1583 394 1620; x_wconf 76' lang='lat' dir='ltr'>de</span> <span class='ocrx_word' id='word_1_242' title='bbox 414 1593 473 1621; x_wconf 87' lang='lat' dir='ltr'>quo</span> <span class='ocrx_word' id='word_1_243' title='bbox 498 1584 581 1611; x_wconf 82' lang='lat' dir='ltr'>edere</span> <span class='ocrx_word' id='word_1_244' title='bbox 610 1594 667 1611; x_wconf 85' lang='lat' dir='ltr'>non</span> <span class='ocrx_word' id='word_1_245' title='bbox 690 1585 797 1611; x_wconf 78' lang='lat' dir='ltr'>liabent</span> <span class='ocrx_word' id='word_1_246' title='bbox 819 1590 992 1622; x_wconf 81' lang='lat' dir='ltr'>potestatem</span> 
     </span>
     <span class='ocr_line' id='line_1_32' title="bbox 253 1630 992 1669; baseline 0.004 -13"><span class='ocrx_word' id='word_1_247' title='bbox 253 1631 302 1667; x_wconf 74' lang='lat' dir='ltr'>qui</span> <span class='ocrx_word' id='word_1_248' title='bbox 330 1630 520 1657; x_wconf 81' lang='lat' dir='ltr'>tabernaculo</span> <span class='ocrx_word' id='word_1_249' title='bbox 541 1630 717 1658; x_wconf 71' lang='lat' dir='ltr'>deserviunt.</span> <span class='ocrx_word' id='word_1_250' title='bbox 747 1630 815 1664; x_wconf 68' lang='lat' dir='ltr'>Quae</span> <span class='ocrx_word' id='word_1_251' title='bbox 837 1637 899 1658; x_wconf 85' lang='lat' dir='ltr'>sunt</span> <span class='ocrx_word' id='word_1_252' title='bbox 918 1631 992 1669; x_wconf 85' lang='lat' dir='ltr'>apud</span> 
     </span>
    </p>
   </div>
   <div class='ocr_carea' id='block_1_5' title="bbox 1007 199 1461 223">
    <p class='ocr_par' dir='ltr' id='par_1_6' title="bbox 1007 199 1461 223">
     <span class='ocr_line' id='line_1_33' title="bbox 1007 199 1461 223; baseline 0.009 -4"><span class='ocrx_word' id='word_1_253' title='bbox 1007 199 1162 221; x_wconf 54' lang='lat' dir='ltr'>micuit-21³.</span> <span class='ocrx_word' id='word_1_254' title='bbox 1191 200 1461 223; x_wconf 68' lang='lat' dir='ltr'><strong>CONSTANTINOP-</strong></span> 
     </span>
    </p>
   </div>
   <div class='ocr_carea' id='block_1_6' title="bbox 1043 257 1810 339">
    <p class='ocr_par' dir='ltr' id='par_1_7' title="bbox 1043 257 1810 339">
     <span class='ocr_line' id='line_1_34' title="bbox 1043 257 1810 302; baseline 0.007 -15"><span class='ocrx_word' id='word_1_255' title='bbox 1043 261 1071 287; x_wconf 70' lang='grc' dir='ltr'>οὖ</span> <span class='ocrx_word' id='word_1_256' title='bbox 1089 260 1240 298; x_wconf 75' lang='grc' dir='ltr'>βρώμασιν,</span> <span class='ocrx_word' id='word_1_257' title='bbox 1257 263 1282 290; x_wconf 80' lang='grc' dir='ltr'>ἐν</span> <span class='ocrx_word' id='word_1_258' title='bbox 1297 257 1333 293; x_wconf 64' lang='grc' dir='ltr'>οἷς</span> <span class='ocrx_word' id='word_1_259' title='bbox 1356 262 1402 289; x_wconf 77' lang='grc' dir='ltr'>οὐκ</span> <span class='ocrx_word' id='word_1_260' title='bbox 1423 261 1595 300; x_wconf 54' lang='grc' dir='ltr'>ὠφὸλήθησαν</span> <span class='ocrx_word' id='word_1_261' title='bbox 1620 265 1643 291; x_wconf 79' lang='grc' dir='ltr'>οἱ</span> <span class='ocrx_word' id='word_1_262' title='bbox 1666 265 1810 302; x_wconf 71' lang='grc' dir='ltr'>περιπατή-</span> 
     </span>
     <span class='ocr_line' id='line_1_35' title="bbox 1045 318 1144 339; baseline 0.01 -5"><span class='ocrx_word' id='word_1_263' title='bbox 1045 318 1144 339; x_wconf 80' lang='grc' dir='ltr'>σαντες.</span> 
     </span>
    </p>
   </div>
   <div class='ocr_carea' id='block_1_7' title="bbox 1086 584 1812 625">
    <p class='ocr_par' dir='ltr' id='par_1_8' title="bbox 1086 584 1812 625">
     <span class='ocr_line' id='line_1_36' title="bbox 1086 584 1812 625; baseline 0.001 -12"><span class='ocrx_word' id='word_1_264' title='bbox 1086 584 1216 613; x_wconf 73' lang='grc' dir='ltr'>Ἐνταῦθα</span> <span class='ocrx_word' id='word_1_265' title='bbox 1229 585 1272 617; x_wconf 75' lang='grc' dir='ltr'>τὸ,</span> <span class='ocrx_word' id='word_1_266' title='bbox 1289 584 1370 620; x_wconf 76' lang='grc' dir='ltr'>Χθὲς,</span> <span class='ocrx_word' id='word_1_267' title='bbox 1388 585 1431 614; x_wconf 54' lang='grc' dir='ltr'>τὶν</span> <span class='ocrx_word' id='word_1_268' title='bbox 1453 586 1617 624; x_wconf 70' lang='grc' dir='ltr'>παρελθόντα</span> <span class='ocrx_word' id='word_1_269' title='bbox 1640 586 1727 615; x_wconf 77' lang='grc' dir='ltr'>πάντα</span> <span class='ocrx_word' id='word_1_270' title='bbox 1742 586 1812 625; x_wconf 84' lang='grc' dir='ltr'>λέγει</span> 
     </span>
    </p>
   </div>
   <div class='ocr_carea' id='block_1_8' title="bbox 1047 631 1813 669">
    <p class='ocr_par' dir='ltr' id='par_1_9' title="bbox 1047 631 1813 669">
     <span class='ocr_line' id='line_1_37' title="bbox 1047 631 1813 669; baseline 0.003 -10"><span class='ocrx_word' id='word_1_271' title='bbox 1047 632 1139 669; x_wconf 72' lang='grc' dir='ltr'>χρόνον</span> <span class='ocrx_word' id='word_1_272' title='bbox 1154 643 1159 648; x_wconf 91' lang='grc'><em>·</em></span> <span class='ocrx_word' id='word_1_273' title='bbox 1183 631 1226 666; x_wconf 83' lang='grc' dir='ltr'>τὸ,</span> <span class='ocrx_word' id='word_1_274' title='bbox 1250 631 1387 669; x_wconf 74' lang='grc' dir='ltr'>Σήμερον,</span> <span class='ocrx_word' id='word_1_275' title='bbox 1413 632 1456 659; x_wconf 74' lang='grc' dir='ltr'>τὸν</span> <span class='ocrx_word' id='word_1_276' title='bbox 1477 633 1620 660; x_wconf 80' lang='grc' dir='ltr'>ἐνεστῶτα·</span> <span class='ocrx_word' id='word_1_277' title='bbox 1644 635 1658 660; x_wconf 82' lang='grc' dir='ltr'>ὁ</span> <span class='ocrx_word' id='word_1_278' title='bbox 1680 632 1757 667; x_wconf 77' lang='grc' dir='ltr'>αἰὼν,</span> <span class='ocrx_word' id='word_1_279' title='bbox 1783 632 1813 661; x_wconf 70' lang='grc' dir='ltr'>τὸ</span> 
     </span>
    </p>
   </div>
   <div class='ocr_carea' id='block_1_9' title="bbox 1010 676 1812 716">
    <p class='ocr_par' dir='ltr' id='par_1_10' title="bbox 1010 676 1812 716">
     <span class='ocr_line' id='line_1_38' title="bbox 1010 676 1812 716; baseline 0.002 -12"><span class='ocrx_word' id='word_1_280' title='bbox 1010 686 1028 708; x_wconf 80' lang='lat'>1)</span> <span class='ocrx_word' id='word_1_281' title='bbox 1048 677 1155 715; x_wconf 66' lang='grc' dir='ltr'>ἄπειρον</span> <span class='ocrx_word' id='word_1_282' title='bbox 1177 677 1222 705; x_wconf 83' lang='grc' dir='ltr'>καὶ</span> <span class='ocrx_word' id='word_1_283' title='bbox 1243 676 1314 711; x_wconf 67' lang='grc' dir='ltr'>λῆξιν</span> <span class='ocrx_word' id='word_1_284' title='bbox 1330 678 1376 704; x_wconf 75' lang='grc' dir='ltr'>οὐκ</span> <span class='ocrx_word' id='word_1_285' title='bbox 1390 676 1460 715; x_wconf 79' lang='grc' dir='ltr'>ἔχον.</span> <span class='ocrx_word' id='word_1_286' title='bbox 1474 676 1511 706; x_wconf 67' lang='lat'>⁰0</span> <span class='ocrx_word' id='word_1_287' title='bbox 1534 677 1561 706; x_wconf 76' lang='grc' dir='ltr'>δὲ</span> <span class='ocrx_word' id='word_1_288' title='bbox 1586 678 1674 716; x_wconf 81' lang='grc' dir='ltr'>λέγει,</span> <span class='ocrx_word' id='word_1_289' title='bbox 1696 677 1812 707; x_wconf 77' lang='grc' dir='ltr'>τοιοῦτόν</span> 
     </span>
    </p>
   </div>
   <div class='ocr_carea' id='block_1_10' title="bbox 1028 722 1817 1678">
    <p class='ocr_par' dir='ltr' id='par_1_11' title="bbox 1045 722 1817 1668">
     <span class='ocr_line' id='line_1_39' title="bbox 1047 722 1813 763; baseline 0.001 -12"><span class='ocrx_word' id='word_1_290' title='bbox 1047 724 1134 751; x_wconf 80' lang='grc' dir='ltr'>ἐστιν·</span> <span class='ocrx_word' id='word_1_291' title='bbox 1159 723 1285 761; x_wconf 76' lang='grc' dir='ltr'>ἀρχιερέα</span> <span class='ocrx_word' id='word_1_292' title='bbox 1305 722 1448 758; x_wconf 62' lang='grc' dir='ltr'>ἠκούσατε,</span> <span class='ocrx_word' id='word_1_293' title='bbox 1466 723 1523 751; x_wconf 75' lang='grc' dir='ltr'>ἀλλ’</span> <span class='ocrx_word' id='word_1_294' title='bbox 1548 725 1593 752; x_wconf 78' lang='grc' dir='ltr'>οὖν.</span> <span class='ocrx_word' id='word_1_295' title='bbox 1618 723 1742 763; x_wconf 75' lang='grc' dir='ltr'>ἀρχιερέα</span> <span class='ocrx_word' id='word_1_296' title='bbox 1764 723 1813 758; x_wconf 84' lang='grc' dir='ltr'>λή-</span> 
     </span>
     <span class='ocr_line' id='line_1_40' title="bbox 1046 768 1814 807; baseline 0.001 -11"><span class='ocrx_word' id='word_1_297' title='bbox 1046 780 1126 806; x_wconf 68' lang='grc' dir='ltr'>γοντα</span> <span class='ocrx_word' id='word_1_298' title='bbox 1140 781 1145 786; x_wconf 91' lang='grc'><em>·</em></span> <span class='ocrx_word' id='word_1_299' title='bbox 1163 768 1203 796; x_wconf 79' lang='grc' dir='ltr'>ἀεὶ</span> <span class='ocrx_word' id='word_1_300' title='bbox 1218 768 1269 807; x_wconf 79' lang='grc' dir='ltr'>γὰρ</span> <span class='ocrx_word' id='word_1_301' title='bbox 1283 770 1297 796; x_wconf 80' lang='grc' dir='ltr'>ὁ</span> <span class='ocrx_word' id='word_1_302' title='bbox 1311 768 1386 800; x_wconf 77' lang='grc' dir='ltr'>αὐτός</span> <span class='ocrx_word' id='word_1_303' title='bbox 1400 770 1464 796; x_wconf 81' lang='grc' dir='ltr'>ἐστι.</span> <span class='ocrx_word' id='word_1_304' title='bbox 1480 769 1560 807; x_wconf 70' lang='grc' dir='ltr'>Τάχα</span> <span class='ocrx_word' id='word_1_305' title='bbox 1576 768 1602 797; x_wconf 78' lang='grc' dir='ltr'>δὲ</span> <span class='ocrx_word' id='word_1_306' title='bbox 1622 771 1656 801; x_wconf 82' lang='grc' dir='ltr'>ὡς</span> <span class='ocrx_word' id='word_1_307' title='bbox 1670 769 1751 797; x_wconf 81' lang='grc' dir='ltr'>ὄντων</span> <span class='ocrx_word' id='word_1_308' title='bbox 1774 776 1814 797; x_wconf 67' lang='grc' dir='ltr'>τι·</span> 
     </span>
     <span class='ocr_line' id='line_1_41' title="bbox 1045 810 1814 852; baseline 0.001 -10"><span class='ocrx_word' id='word_1_309' title='bbox 1045 817 1095 842; x_wconf 82' lang='grc' dir='ltr'>νῶν</span> <span class='ocrx_word' id='word_1_310' title='bbox 1110 817 1160 842; x_wconf 85' lang='grc' dir='ltr'>τῶν</span> <span class='ocrx_word' id='word_1_311' title='bbox 1185 814 1327 852; x_wconf 79' lang='grc' dir='ltr'>λεγόντων,</span> <span class='ocrx_word' id='word_1_312' title='bbox 1342 813 1382 842; x_wconf 76' lang='grc' dir='ltr'>ὅτι</span> <span class='ocrx_word' id='word_1_313' title='bbox 1397 815 1443 842; x_wconf 79' lang='grc' dir='ltr'>οὖν.</span> <span class='ocrx_word' id='word_1_314' title='bbox 1457 813 1528 842; x_wconf 83' lang='grc' dir='ltr'>ἔστιν</span> <span class='ocrx_word' id='word_1_315' title='bbox 1538 817 1551 842; x_wconf 80' lang='grc' dir='ltr'>ὁ</span> <span class='ocrx_word' id='word_1_316' title='bbox 1566 815 1725 852; x_wconf 84' lang='grc' dir='ltr'>σταυρωθεὶς</span> <span class='ocrx_word' id='word_1_317' title='bbox 1740 810 1814 847; x_wconf 60' lang='grc' dir='ltr'>οὗτος</span> 
     </span>
     <span class='ocr_line' id='line_1_42' title="bbox 1047 859 1814 899; baseline 0 -11"><span class='ocrx_word' id='word_1_318' title='bbox 1047 863 1059 888; x_wconf 84' lang='grc' dir='ltr'>ὁ</span> <span class='ocrx_word' id='word_1_319' title='bbox 1074 860 1288 899; x_wconf 67' lang='grc' dir='ltr'>προσδοκώμενος</span> <span class='ocrx_word' id='word_1_320' title='bbox 1302 859 1414 898; x_wconf 74' lang='grc' dir='ltr'>Χριστὸς</span> <span class='ocrx_word' id='word_1_321' title='bbox 1424 881 1430 893; x_wconf 79' lang='lat'>,</span> <span class='ocrx_word' id='word_1_322' title='bbox 1446 860 1503 887; x_wconf 82' lang='grc' dir='ltr'>ἀλλ’</span> <span class='ocrx_word' id='word_1_323' title='bbox 1524 860 1609 898; x_wconf 81' lang='grc' dir='ltr'>ἕτερος</span> <span class='ocrx_word' id='word_1_324' title='bbox 1624 859 1696 895; x_wconf 81' lang='grc' dir='ltr'>ἥξει,</span> <span class='ocrx_word' id='word_1_325' title='bbox 1711 860 1741 888; x_wconf 86' lang='grc' dir='ltr'>τὸ</span> <span class='ocrx_word' id='word_1_326' title='bbox 1751 859 1814 899; x_wconf 77' lang='grc' dir='ltr'>χθὲς</span> 
     </span>
     <span class='ocr_line' id='line_1_43' title="bbox 1047 903 1813 943; baseline 0 -10"><span class='ocrx_word' id='word_1_327' title='bbox 1047 906 1091 933; x_wconf 77' lang='grc' dir='ltr'>καὶ</span> <span class='ocrx_word' id='word_1_328' title='bbox 1106 905 1219 943; x_wconf 74' lang='grc' dir='ltr'>σήμερον</span> <span class='ocrx_word' id='word_1_329' title='bbox 1229 927 1236 940; x_wconf 85' lang='grc'>,</span> <span class='ocrx_word' id='word_1_330' title='bbox 1251 905 1334 943; x_wconf 80' lang='grc' dir='ltr'>λέγει,</span> <span class='ocrx_word' id='word_1_331' title='bbox 1354 905 1412 938; x_wconf 77' lang='grc' dir='ltr'>καὶ,</span> <span class='ocrx_word' id='word_1_332' title='bbox 1427 903 1461 933; x_wconf 87' lang='lat'>‘0</span> <span class='ocrx_word' id='word_1_333' title='bbox 1476 905 1552 937; x_wconf 75' lang='grc' dir='ltr'>αὐτὸς</span> <span class='ocrx_word' id='word_1_334' title='bbox 1571 907 1607 938; x_wconf 87' lang='grc' dir='ltr'>εἷς</span> <span class='ocrx_word' id='word_1_335' title='bbox 1619 904 1679 937; x_wconf 63' lang='grc' dir='ltr'>τοὺς</span> <span class='ocrx_word' id='word_1_336' title='bbox 1699 906 1795 937; x_wconf 83' lang='grc' dir='ltr'>αἰῶνας</span> <span class='ocrx_word' id='word_1_337' title='bbox 1805 917 1813 923; x_wconf 87' lang='grc'>·</span> 
     </span>
     <span class='ocr_line' id='line_1_44' title="bbox 1047 949 1814 986; baseline -0.003 -7"><span class='ocrx_word' id='word_1_338' title='bbox 1047 952 1132 986; x_wconf 77' lang='grc' dir='ltr'>δηλῶν</span> <span class='ocrx_word' id='word_1_339' title='bbox 1149 950 1191 978; x_wconf 75' lang='grc' dir='ltr'>διὰ</span> <span class='ocrx_word' id='word_1_340' title='bbox 1205 950 1308 985; x_wconf 81' lang='grc' dir='ltr'>τούτου,</span> <span class='ocrx_word' id='word_1_341' title='bbox 1324 951 1364 978; x_wconf 80' lang='grc' dir='ltr'>ὅτι</span> <span class='ocrx_word' id='word_1_342' title='bbox 1382 952 1394 978; x_wconf 85' lang='grc' dir='ltr'>ὁ</span> <span class='ocrx_word' id='word_1_343' title='bbox 1414 950 1494 979; x_wconf 75' lang='grc' dir='ltr'>ἐλθὼν</span> <span class='ocrx_word' id='word_1_344' title='bbox 1509 950 1590 979; x_wconf 79' lang='grc' dir='ltr'>πάλιν</span> <span class='ocrx_word' id='word_1_345' title='bbox 1606 949 1682 986; x_wconf 79' lang='grc' dir='ltr'>ἥξει,</span> <span class='ocrx_word' id='word_1_346' title='bbox 1698 950 1743 978; x_wconf 75' lang='grc' dir='ltr'>καὶ</span> <span class='ocrx_word' id='word_1_347' title='bbox 1767 950 1814 977; x_wconf 82' lang='grc' dir='ltr'>αὖ·</span> 
     </span>
     <span class='ocr_line' id='line_1_45' title="bbox 1045 993 1815 1036; baseline -0.003 -11"><span class='ocrx_word' id='word_1_348' title='bbox 1045 997 1087 1029; x_wconf 69' lang='grc' dir='ltr'>τὀς</span> <span class='ocrx_word' id='word_1_349' title='bbox 1108 993 1180 1029; x_wconf 58' lang='grc' dir='ltr'>οὗτος</span> <span class='ocrx_word' id='word_1_350' title='bbox 1205 997 1250 1025; x_wconf 83' lang='grc' dir='ltr'>καὶ</span> <span class='ocrx_word' id='word_1_351' title='bbox 1272 998 1370 1036; x_wconf 75' lang='grc' dir='ltr'>προῆν,</span> <span class='ocrx_word' id='word_1_352' title='bbox 1392 996 1436 1024; x_wconf 77' lang='grc' dir='ltr'>καὶ</span> <span class='ocrx_word' id='word_1_353' title='bbox 1461 996 1529 1031; x_wconf 79' lang='grc' dir='ltr'>ἔστι,</span> <span class='ocrx_word' id='word_1_354' title='bbox 1548 995 1592 1024; x_wconf 82' lang='grc' dir='ltr'>καὶ</span> <span class='ocrx_word' id='word_1_355' title='bbox 1616 996 1690 1024; x_wconf 79' lang='grc' dir='ltr'>ἔσται</span> <span class='ocrx_word' id='word_1_356' title='bbox 1704 996 1740 1027; x_wconf 84' lang='grc' dir='ltr'>εἷς</span> <span class='ocrx_word' id='word_1_357' title='bbox 1755 993 1815 1027; x_wconf 76' lang='grc' dir='ltr'>τοὺς</span> 
     </span>
     <span class='ocr_line' id='line_1_46' title="bbox 1046 1040 1815 1080; baseline -0.001 -10"><span class='ocrx_word' id='word_1_358' title='bbox 1046 1044 1151 1075; x_wconf 77' lang='grc' dir='ltr'>αἰῶνας.</span> <span class='ocrx_word' id='word_1_359' title='bbox 1165 1043 1241 1071; x_wconf 84' lang='grc' dir='ltr'>Ἐπεὶ</span> <span class='ocrx_word' id='word_1_360' title='bbox 1258 1042 1304 1070; x_wconf 79' lang='grc' dir='ltr'>καὶ</span> <span class='ocrx_word' id='word_1_361' title='bbox 1319 1046 1364 1071; x_wconf 79' lang='grc' dir='ltr'>ν’ῦν</span> <span class='ocrx_word' id='word_1_362' title='bbox 1379 1041 1500 1070; x_wconf 71' lang='grc' dir='ltr'>Ἰουδαῖοι</span> <span class='ocrx_word' id='word_1_363' title='bbox 1516 1041 1648 1080; x_wconf 83' lang='grc' dir='ltr'>λέγουσιν,</span> <span class='ocrx_word' id='word_1_364' title='bbox 1663 1040 1705 1070; x_wconf 78' lang='grc' dir='ltr'>ὅτι</span> <span class='ocrx_word' id='word_1_365' title='bbox 1726 1040 1815 1079; x_wconf 83' lang='grc' dir='ltr'>ἕτερος</span> 
     </span>
     <span class='ocr_line' id='line_1_47' title="bbox 1046 1086 1815 1126; baseline -0.003 -9"><span class='ocrx_word' id='word_1_366' title='bbox 1046 1089 1120 1123; x_wconf 49' lang='lat' dir='ltr'>rget·</span> <span class='ocrx_word' id='word_1_367' title='bbox 1135 1089 1160 1117; x_wconf 81' lang='grc' dir='ltr'>οἳ</span> <span class='ocrx_word' id='word_1_368' title='bbox 1175 1100 1220 1117; x_wconf 78' lang='grc' dir='ltr'>και</span> <span class='ocrx_word' id='word_1_369' title='bbox 1236 1091 1280 1117; x_wconf 74' lang='grc' dir='ltr'>τοῦ</span> <span class='ocrx_word' id='word_1_370' title='bbox 1301 1089 1373 1120; x_wconf 80' lang='grc' dir='ltr'>ὄντος</span> <span class='ocrx_word' id='word_1_371' title='bbox 1392 1087 1618 1126; x_wconf 75' lang='grc' dir='ltr'>αποστερῆσαντες</span> <span class='ocrx_word' id='word_1_372' title='bbox 1637 1086 1759 1123; x_wconf 83' lang='grc' dir='ltr'>εαυτους,</span> <span class='ocrx_word' id='word_1_373' title='bbox 1774 1088 1815 1125; x_wconf 77' lang='grc' dir='ltr'>τῷ</span> 
     </span>
     <span class='ocr_line' id='line_1_48' title="bbox 1028 1131 1814 1171; baseline -0.004 -10.926"><span class='ocrx_word' id='word_1_374' title='bbox 1028 1132 1208 1171; x_wconf 72' lang='grc' dir='ltr'>ἀντιχρίστῳ</span> <span class='ocrx_word' id='word_1_375' title='bbox 1221 1142 1432 1171; x_wconf 80' lang='grc' dir='ltr'>περιπεσουνται.</span> <span class='ocrx_word' id='word_1_376' title='bbox 1444 1132 1558 1169; x_wconf 74' lang='grc' dir='ltr'>Διδαχαῖ</span> <span class='ocrx_word' id='word_1_377' title='bbox 1561 1143 1572 1163; x_wconf 82' lang='grc' dir='ltr'>ς</span> <span class='ocrx_word' id='word_1_378' title='bbox 1587 1131 1728 1166; x_wconf 81' lang='grc' dir='ltr'>ποικίλαις,</span> <span class='ocrx_word' id='word_1_379' title='bbox 1739 1141 1814 1170; x_wconf 76' lang='grc' dir='ltr'>φησι,</span> 
     </span>
     <span class='ocr_line' id='line_1_49' title="bbox 1482 1176 1812 1214; baseline -0.003 -9"><span class='ocrx_word' id='word_1_380' title='bbox 1482 1178 1522 1205; x_wconf 82' lang='grc' dir='ltr'>Οὐ</span> <span class='ocrx_word' id='word_1_381' title='bbox 1538 1177 1615 1214; x_wconf 86' lang='grc' dir='ltr'>μόνον</span> <span class='ocrx_word' id='word_1_382' title='bbox 1635 1176 1734 1211; x_wconf 81' lang='grc' dir='ltr'>ξέναις,</span> <span class='ocrx_word' id='word_1_383' title='bbox 1753 1177 1812 1204; x_wconf 79' lang='grc' dir='ltr'>ἀλλ’</span> 
     </span>
     <span class='ocr_line' id='line_1_50' title="bbox 1047 1220 1814 1260; baseline -0.004 -8"><span class='ocrx_word' id='word_1_384' title='bbox 1047 1222 1104 1252; x_wconf 80' lang='grc' dir='ltr'>οὐδὲ</span> <span class='ocrx_word' id='word_1_385' title='bbox 1119 1223 1279 1254; x_wconf 84' lang='grc' dir='ltr'>ποικίλαις</span> <span class='ocrx_word' id='word_1_386' title='bbox 1265 1223 1384 1260; x_wconf 74' lang='grc' dir='ltr'>οιδαχαῖς</span> <span class='ocrx_word' id='word_1_387' title='bbox 1407 1222 1480 1259; x_wconf 66' lang='grc' dir='ltr'>βούλε</span> <span class='ocrx_word' id='word_1_388' title='bbox 1471 1233 1526 1250; x_wconf 76' lang='grc' dir='ltr'>εται</span> <span class='ocrx_word' id='word_1_389' title='bbox 1549 1221 1640 1254; x_wconf 73' lang='grc' dir='ltr'>αὐτους</span> <span class='ocrx_word' id='word_1_390' title='bbox 1661 1220 1814 1260; x_wconf 77' lang='grc' dir='ltr'>ταραφέρε-</span> 
     </span>
     <span class='ocr_line' id='line_1_51' title="bbox 1048 1264 1814 1306; baseline -0.004 -9"><span class='ocrx_word' id='word_1_391' title='bbox 1048 1271 1126 1298; x_wconf 80' lang='grc' dir='ltr'>σθαι·</span> <span class='ocrx_word' id='word_1_392' title='bbox 1143 1264 1195 1297; x_wconf 66' lang='grc' dir='ltr'>οἶδε</span> <span class='ocrx_word' id='word_1_393' title='bbox 1219 1269 1268 1306; x_wconf 80' lang='grc' dir='ltr'>γὰρ</span> <span class='ocrx_word' id='word_1_394' title='bbox 1283 1267 1310 1300; x_wconf 76' lang='grc' dir='ltr'>ἐξ</span> <span class='ocrx_word' id='word_1_395' title='bbox 1333 1266 1488 1305; x_wconf 62' lang='grc' dir='ltr'>ἀμφοτέρων</span> <span class='ocrx_word' id='word_1_396' title='bbox 1510 1271 1563 1299; x_wconf 83' lang='grc' dir='ltr'>τοῖς</span> <span class='ocrx_word' id='word_1_397' title='bbox 1589 1266 1814 1306; x_wconf 64' lang='grc' dir='ltr'>παραφερομένας</span> 
     </span>
     <span class='ocr_line' id='line_1_52' title="bbox 1047 1311 1814 1352; baseline -0.004 -10"><span class='ocrx_word' id='word_1_398' title='bbox 1047 1315 1150 1352; x_wconf 78' lang='grc' dir='ltr'>ὄλεθρον</span> <span class='ocrx_word' id='word_1_399' title='bbox 1176 1314 1319 1342; x_wconf 76' lang='grc' dir='ltr'>τίκτεσθαι.</span> <span class='ocrx_word' id='word_1_400' title='bbox 1346 1312 1433 1341; x_wconf 72' lang='grc' dir='ltr'>Καλὸν</span> <span class='ocrx_word' id='word_1_401' title='bbox 1455 1312 1506 1350; x_wconf 74' lang='grc' dir='ltr'>γὰρ</span> <span class='ocrx_word' id='word_1_402' title='bbox 1529 1311 1620 1350; x_wconf 72' lang='grc' dir='ltr'>χάριτι</span> <span class='ocrx_word' id='word_1_403' title='bbox 1645 1311 1814 1350; x_wconf 51' lang='lat' dir='ltr'>§semuncem</span> 
     </span>
     <span class='ocr_line' id='line_1_53' title="bbox 1048 1353 1817 1396; baseline 0 -10"><span class='ocrx_word' id='word_1_404' title='bbox 1048 1358 1096 1392; x_wconf 74' lang='grc' dir='ltr'>τὴν</span> <span class='ocrx_word' id='word_1_405' title='bbox 1111 1358 1235 1396; x_wconf 73' lang='grc' dir='ltr'>καρδίαν,</span> <span class='ocrx_word' id='word_1_406' title='bbox 1253 1359 1281 1386; x_wconf 69' lang='grc' dir='ltr'>οὗ</span> <span class='ocrx_word' id='word_1_407' title='bbox 1298 1358 1452 1395; x_wconf 76' lang='grc' dir='ltr'>βρώμασιν,</span> <span class='ocrx_word' id='word_1_408' title='bbox 1467 1358 1493 1384; x_wconf 77' lang='grc' dir='ltr'>ἐν</span> <span class='ocrx_word' id='word_1_409' title='bbox 1513 1353 1550 1388; x_wconf 69' lang='grc' dir='ltr'>οἷς</span> <span class='ocrx_word' id='word_1_410' title='bbox 1570 1358 1617 1384; x_wconf 79' lang='grc' dir='ltr'>οὐκ</span> <span class='ocrx_word' id='word_1_411' title='bbox 1639 1356 1817 1396; x_wconf 62' lang='grc' dir='ltr'>ὠφελήθησαν</span> 
     </span>
     <span class='ocr_line' id='line_1_54' title="bbox 1048 1402 1814 1442; baseline -0.001 -10"><span class='ocrx_word' id='word_1_412' title='bbox 1048 1406 1070 1432; x_wconf 80' lang='grc' dir='ltr'>οἱ</span> <span class='ocrx_word' id='word_1_413' title='bbox 1092 1404 1327 1442; x_wconf 79' lang='grc' dir='ltr'>περιπατήσαντες.</span> <span class='ocrx_word' id='word_1_414' title='bbox 1343 1403 1473 1431; x_wconf 71' lang='grc' dir='ltr'>Ἐνταῦθα</span> <span class='ocrx_word' id='word_1_415' title='bbox 1488 1402 1575 1440; x_wconf 75' lang='grc' dir='ltr'>ἠρέμα</span> <span class='ocrx_word' id='word_1_416' title='bbox 1593 1402 1734 1431; x_wconf 82' lang='grc' dir='ltr'>αἰνίττεται</span> <span class='ocrx_word' id='word_1_417' title='bbox 1755 1402 1814 1436; x_wconf 78' lang='grc' dir='ltr'>τοὺς</span> 
     </span>
     <span class='ocr_line' id='line_1_55' title="bbox 1047 1447 1815 1488; baseline 0 -12"><span class='ocrx_word' id='word_1_418' title='bbox 1047 1449 1094 1483; x_wconf 72' lang='grc' dir='ltr'>τὴν</span> <span class='ocrx_word' id='word_1_419' title='bbox 1109 1449 1292 1488; x_wconf 74' lang='grc' dir='ltr'>παρατήρησιν</span> <span class='ocrx_word' id='word_1_420' title='bbox 1307 1450 1360 1476; x_wconf 75' lang='grc' dir='ltr'>τῶν</span> <span class='ocrx_word' id='word_1_421' title='bbox 1377 1447 1524 1486; x_wconf 75' lang='grc' dir='ltr'>βρωμάτων</span> <span class='ocrx_word' id='word_1_422' title='bbox 1539 1447 1704 1485; x_wconf 80' lang='grc' dir='ltr'>εἰσάγοντας·</span> <span class='ocrx_word' id='word_1_423' title='bbox 1719 1450 1751 1485; x_wconf 79' lang='grc' dir='ltr'>τῇ</span> <span class='ocrx_word' id='word_1_424' title='bbox 1765 1448 1815 1486; x_wconf 85' lang='grc' dir='ltr'>γὰρ</span> 
     </span>
     <span class='ocr_line' id='line_1_56' title="bbox 1047 1489 1814 1533; baseline 0 -11"><span class='ocrx_word' id='word_1_425' title='bbox 1047 1494 1133 1523; x_wconf 80' lang='grc' dir='ltr'>πίστει</span> <span class='ocrx_word' id='word_1_426' title='bbox 1146 1495 1234 1524; x_wconf 73' lang='grc' dir='ltr'>πάντα</span> <span class='ocrx_word' id='word_1_427' title='bbox 1245 1493 1348 1533; x_wconf 72' lang='grc' dir='ltr'>καθαροί</span> <span class='ocrx_word' id='word_1_428' title='bbox 1360 1505 1365 1510; x_wconf 91' lang='grc'><em>·</em></span> <span class='ocrx_word' id='word_1_429' title='bbox 1381 1494 1494 1526; x_wconf 77' lang='grc' dir='ltr'>πίστεως</span> <span class='ocrx_word' id='word_1_430' title='bbox 1510 1489 1553 1521; x_wconf 60' lang='grc' dir='ltr'>οὖν</span> <span class='ocrx_word' id='word_1_431' title='bbox 1576 1496 1628 1529; x_wconf 74' lang='grc' dir='ltr'>δεῖ,</span> <span class='ocrx_word' id='word_1_432' title='bbox 1652 1495 1681 1522; x_wconf 80' lang='grc' dir='ltr'>οὗ</span> <span class='ocrx_word' id='word_1_433' title='bbox 1705 1495 1814 1532; x_wconf 78' lang='grc' dir='ltr'>βρωμά-</span> 
     </span>
     <span class='ocr_line' id='line_1_57' title="bbox 1047 1535 1814 1579; baseline 0 -11"><span class='ocrx_word' id='word_1_434' title='bbox 1047 1552 1109 1568; x_wconf 88' lang='grc' dir='ltr'>των.</span> <span class='ocrx_word' id='word_1_435' title='bbox 1124 1540 1242 1579; x_wconf 73' lang='grc' dir='ltr'>Ἔχομεν</span> <span class='ocrx_word' id='word_1_436' title='bbox 1261 1540 1312 1578; x_wconf 82' lang='grc' dir='ltr'>γὰρ</span> <span class='ocrx_word' id='word_1_437' title='bbox 1331 1539 1514 1578; x_wconf 65' lang='grc' dir='ltr'>θυσιαστήριον</span> <span class='ocrx_word' id='word_1_438' title='bbox 1524 1562 1531 1575; x_wconf 90' lang='grc'>,</span> <span class='ocrx_word' id='word_1_439' title='bbox 1546 1538 1572 1572; x_wconf 78' lang='grc' dir='ltr'>ἐξ</span> <span class='ocrx_word' id='word_1_440' title='bbox 1587 1535 1615 1567; x_wconf 65' lang='grc' dir='ltr'>οὗ</span> <span class='ocrx_word' id='word_1_441' title='bbox 1630 1544 1721 1578; x_wconf 74' lang='grc' dir='ltr'>φαγεῖν</span> <span class='ocrx_word' id='word_1_442' title='bbox 1742 1540 1814 1573; x_wconf 78' lang='grc' dir='ltr'>ἐξου-</span> 
     </span>
     <span class='ocr_line' id='line_1_58' title="bbox 1048 1582 1814 1625; baseline 0 -11"><span class='ocrx_word' id='word_1_443' title='bbox 1048 1586 1107 1615; x_wconf 84' lang='grc' dir='ltr'>σίαν</span> <span class='ocrx_word' id='word_1_444' title='bbox 1128 1588 1174 1614; x_wconf 78' lang='grc' dir='ltr'>οὐκ</span> <span class='ocrx_word' id='word_1_445' title='bbox 1195 1587 1296 1625; x_wconf 76' lang='grc' dir='ltr'>ἔχουσιν</span> <span class='ocrx_word' id='word_1_446' title='bbox 1316 1588 1339 1614; x_wconf 87' lang='grc' dir='ltr'>οἱ</span> <span class='ocrx_word' id='word_1_447' title='bbox 1354 1588 1386 1624; x_wconf 71' lang='grc' dir='ltr'>τῇ</span> <span class='ocrx_word' id='word_1_448' title='bbox 1399 1587 1482 1623; x_wconf 75' lang='grc' dir='ltr'>σκηνῇ</span> <span class='ocrx_word' id='word_1_449' title='bbox 1496 1585 1674 1624; x_wconf 78' lang='grc' dir='ltr'>λατρεύοντες.</span> <span class='ocrx_word' id='word_1_450' title='bbox 1690 1588 1751 1625; x_wconf 72' lang='grc' dir='ltr'>Οὐχ</span> <span class='ocrx_word' id='word_1_451' title='bbox 1772 1582 1814 1615; x_wconf 74' lang='grc' dir='ltr'>οἷα</span> 
     </span>
     <span class='ocr_line' id='line_1_59' title="bbox 1047 1631 1814 1678; baseline 0 -18"><span class='ocrx_word' id='word_1_452' title='bbox 1047 1632 1080 1660; x_wconf 79' lang='grc' dir='ltr'>τὰ</span> <span class='ocrx_word' id='word_1_453' title='bbox 1094 1632 1238 1664; x_wconf 73' lang='grc' dir='ltr'>Ἰουδαϊκὰ,</span> <span class='ocrx_word' id='word_1_454' title='bbox 1252 1631 1330 1678; x_wconf 59' lang='grc' dir='ltr'>τρισὶ,</span> <span class='ocrx_word' id='word_1_455' title='bbox 1346 1642 1455 1659; x_wconf 79' lang='grc' dir='ltr'>τοιαυτα</span> <span class='ocrx_word' id='word_1_456' title='bbox 1473 1643 1507 1659; x_wconf 86' lang='grc' dir='ltr'>τα</span> <span class='ocrx_word' id='word_1_457' title='bbox 1521 1633 1584 1668; x_wconf 82' lang='grc' dir='ltr'>παρ’</span> <span class='ocrx_word' id='word_1_458' title='bbox 1604 1634 1683 1669; x_wconf 78' lang='grc' dir='ltr'>ἡμῖν,</span> <span class='ocrx_word' id='word_1_459' title='bbox 1697 1634 1732 1664; x_wconf 82' lang='grc' dir='ltr'>ὡς</span> <span class='ocrx_word' id='word_1_460' title='bbox 1747 1631 1814 1669; x_wconf 75' lang='grc' dir='ltr'>μηδὲ</span> 
     </span>
    </p>
   </div>
   <div class='ocr_carea' id='block_1_11' title="bbox 253 1672 1813 1716">
    <p class='ocr_par' dir='ltr' id='par_1_12' title="bbox 253 1672 1813 1716">
     <span class='ocr_line' id='line_1_60' title="bbox 253 1672 1813 1716; baseline 0.002 -14"><span class='ocrx_word' id='word_1_461' title='bbox 253 1686 311 1712; x_wconf 77' lang='lat' dir='ltr'>uos,</span> <span class='ocrx_word' id='word_1_462' title='bbox 335 1675 433 1712; x_wconf 87' lang='lat' dir='ltr'>inquit,</span> <span class='ocrx_word' id='word_1_463' title='bbox 460 1685 511 1703; x_wconf 90' lang='lat' dir='ltr'>non</span> <span class='ocrx_word' id='word_1_464' title='bbox 530 1682 592 1702; x_wconf 88' lang='lat' dir='ltr'>sunt</span> <span class='ocrx_word' id='word_1_465' title='bbox 613 1675 703 1713; x_wconf 82' lang='lat' dir='ltr'>qualia</span> <span class='ocrx_word' id='word_1_466' title='bbox 723 1675 855 1713; x_wconf 82' lang='lat' dir='ltr'>Judaica,</span> <span class='ocrx_word' id='word_1_467' title='bbox 877 1676 943 1705; x_wconf 87' lang='lat' dir='ltr'>adeo</span> <span class='ocrx_word' id='word_1_468' title='bbox 964 1683 993 1705; x_wconf 87' lang='lat' dir='ltr'>ut</span> <span class='ocrx_word' id='word_1_469' title='bbox 1012 1692 1029 1713; x_wconf 75' lang='lat'>13</span> <span class='ocrx_word' id='word_1_470' title='bbox 1049 1679 1166 1716; x_wconf 65' lang='grc' dir='ltr'>ἀρχιερεῖ</span> <span class='ocrx_word' id='word_1_471' title='bbox 1181 1677 1210 1705; x_wconf 73' lang='grc' dir='ltr'>Οέ</span> <span class='ocrx_word' id='word_1_472' title='bbox 1211 1689 1254 1714; x_wconf 69' lang='grc' dir='ltr'>μις</span> <span class='ocrx_word' id='word_1_473' title='bbox 1278 1672 1343 1705; x_wconf 72' lang='grc' dir='ltr'>εἶναι</span> <span class='ocrx_word' id='word_1_474' title='bbox 1365 1676 1483 1715; x_wconf 75' lang='grc' dir='ltr'>μετέγειν</span> <span class='ocrx_word' id='word_1_475' title='bbox 1507 1677 1601 1704; x_wconf 81' lang='grc' dir='ltr'>αὐτων.</span> <span class='ocrx_word' id='word_1_476' title='bbox 1615 1675 1699 1705; x_wconf 70' lang='grc' dir='ltr'>ζΏστε</span> <span class='ocrx_word' id='word_1_477' title='bbox 1723 1677 1813 1712; x_wconf 77' lang='grc' dir='ltr'>ἐπειδὴ</span> 
     </span>
    </p>
   </div>
   <div class='ocr_carea' id='block_1_12' title="bbox 254 1720 1813 1761">
    <p class='ocr_par' dir='ltr' id='par_1_13' title="bbox 254 1720 1813 1761">
     <span class='ocr_line' id='line_1_61' title="bbox 254 1720 1813 1761; baseline 0.002 -13"><span class='ocrx_word' id='word_1_478' title='bbox 254 1730 301 1748; x_wconf 86' lang='lat' dir='ltr'>uec</span> <span class='ocrx_word' id='word_1_479' title='bbox 323 1721 444 1759; x_wconf 80' lang='lat' dir='ltr'>pontifici</span> <span class='ocrx_word' id='word_1_480' title='bbox 465 1720 574 1758; x_wconf 85' lang='lat' dir='ltr'>quidem</span> <span class='ocrx_word' id='word_1_481' title='bbox 593 1721 671 1750; x_wconf 90' lang='lat' dir='ltr'>liceat</span> <span class='ocrx_word' id='word_1_482' title='bbox 692 1732 784 1750; x_wconf 84' lang='lat' dir='ltr'>eorum</span> <span class='ocrx_word' id='word_1_483' title='bbox 806 1732 861 1750; x_wconf 88' lang='lat' dir='ltr'>esse</span> <span class='ocrx_word' id='word_1_484' title='bbox 880 1722 993 1761; x_wconf 82' lang='lat' dir='ltr'>partici-</span> <span class='ocrx_word' id='word_1_485' title='bbox 1049 1726 1123 1757; x_wconf 81' lang='grc' dir='ltr'>εἰπε,</span> <span class='ocrx_word' id='word_1_486' title='bbox 1151 1722 1187 1759; x_wconf 81' lang='grc' dir='ltr'>μὴ</span> <span class='ocrx_word' id='word_1_487' title='bbox 1210 1726 1404 1760; x_wconf 70' lang='grc' dir='ltr'>παρατηρεῖτε,</span> <span class='ocrx_word' id='word_1_488' title='bbox 1430 1722 1513 1750; x_wconf 71' lang='grc' dir='ltr'>ἐδόκει</span> <span class='ocrx_word' id='word_1_489' title='bbox 1532 1721 1558 1750; x_wconf 77' lang='grc' dir='ltr'>δὲ</span> <span class='ocrx_word' id='word_1_490' title='bbox 1581 1725 1657 1750; x_wconf 81' lang='grc' dir='ltr'>τοῦτο</span> <span class='ocrx_word' id='word_1_491' title='bbox 1678 1722 1813 1751; x_wconf 66' lang='grc' dir='ltr'>καταθάλ-</span> 
     </span>
    </p>
   </div>
   <div class='ocr_carea' id='block_1_13' title="bbox 681 1826 1393 1858">
    <p class='ocr_par' dir='ltr' id='par_1_14' title="bbox 681 1826 1393 1858">
     <span class='ocr_line' id='line_1_62' title="bbox 681 1826 1393 1858; baseline 0 -3"><span class='ocrx_word' id='word_1_492' title='bbox 681 1827 848 1857; x_wconf 75' lang='lat' dir='ltr'><strong>MUTIANO</strong></span> <span class='ocrx_word' id='word_1_493' title='bbox 868 1828 1120 1858; x_wconf 85' lang='lat' dir='ltr'>SCHOLASTICO</span> <span class='ocrx_word' id='word_1_494' title='bbox 1142 1826 1393 1857; x_wconf 84' lang='lat' dir='ltr'>INTERPRETE.</span> 
     </span>
    </p>
   </div>
   <div class='ocr_carea' id='block_1_14' title="bbox 257 1926 1818 2620">
    <p class='ocr_par' dir='ltr' id='par_1_15' title="bbox 257 1926 1816 2105">
     <span class='ocr_line' id='line_1_63' title="bbox 258 1926 1815 1963; baseline 0.001 -9"><span class='ocrx_word' id='word_1_495' title='bbox 258 1933 310 1954; x_wconf 88' lang='lat' dir='ltr'>tem</span> <span class='ocrx_word' id='word_1_496' title='bbox 321 1926 398 1955; x_wconf 86' lang='lat' dir='ltr'>dicit.</span> <span class='ocrx_word' id='word_1_497' title='bbox 412 1927 554 1961; x_wconf 90' lang='lat' dir='ltr'>Quomodo</span> <span class='ocrx_word' id='word_1_498' title='bbox 567 1928 580 1955; x_wconf 70' lang='grc' dir='ltr'>Ρ</span> <span class='ocrx_word' id='word_1_499' title='bbox 597 1928 732 1963; x_wconf 81' lang='lat' dir='ltr'>Quoniam</span> <span class='ocrx_word' id='word_1_500' title='bbox 745 1929 857 1957; x_wconf 87' lang='lat' dir='ltr'>credunt</span> <span class='ocrx_word' id='word_1_501' title='bbox 873 1929 907 1958; x_wconf 91' lang='lat' dir='ltr'>de</span> <span class='ocrx_word' id='word_1_502' title='bbox 921 1930 1019 1958; x_wconf 84' lang='lat' dir='ltr'>futuris</span> <span class='ocrx_word' id='word_1_503' title='bbox 1029 1942 1036 1958; x_wconf 89' lang='lat'><strong>:</strong></span> <span class='ocrx_word' id='word_1_504' title='bbox 1048 1939 1101 1958; x_wconf 92' lang='lat' dir='ltr'>non</span> <span class='ocrx_word' id='word_1_505' title='bbox 1114 1928 1184 1957; x_wconf 89' lang='lat' dir='ltr'>enim</span> <span class='ocrx_word' id='word_1_506' title='bbox 1199 1927 1366 1956; x_wconf 80' lang='lat' dir='ltr'>ostenderent</span> <span class='ocrx_word' id='word_1_507' title='bbox 1380 1927 1464 1955; x_wconf 76' lang='lat' dir='ltr'>vitam</span> <span class='ocrx_word' id='word_1_508' title='bbox 1480 1926 1619 1962; x_wconf 88' lang='lat' dir='ltr'>mundam,</span> <span class='ocrx_word' id='word_1_509' title='bbox 1629 1926 1652 1955; x_wconf 88' lang='lat' dir='ltr'>si</span> <span class='ocrx_word' id='word_1_510' title='bbox 1664 1926 1815 1956; x_wconf 81' lang='lat' dir='ltr'>haesitarent</span> 
     </span>
     <span class='ocr_line' id='line_1_64' title="bbox 257 1971 1815 2012; baseline 0.001 -12"><span class='ocrx_word' id='word_1_511' title='bbox 257 1971 290 2000; x_wconf 87' lang='lat' dir='ltr'>de</span> <span class='ocrx_word' id='word_1_512' title='bbox 300 1972 410 2008; x_wconf 78' lang='lat' dir='ltr'>suturis,</span> <span class='ocrx_word' id='word_1_513' title='bbox 422 1972 445 2000; x_wconf 87' lang='lat' dir='ltr'>si</span> <span class='ocrx_word' id='word_1_514' title='bbox 457 1972 610 2002; x_wconf 83' lang='lat' dir='ltr'>dubitarent</span> <span class='ocrx_word' id='word_1_515' title='bbox 622 1973 711 2002; x_wconf 89' lang='lat' dir='ltr'>modo.</span> <span class='ocrx_word' id='word_1_516' title='bbox 724 1974 840 2003; x_wconf 85' lang='lat' dir='ltr'>Proinde</span> <span class='ocrx_word' id='word_1_517' title='bbox 850 1975 931 2003; x_wconf 87' lang='lat' dir='ltr'>etiam</span> <span class='ocrx_word' id='word_1_518' title='bbox 943 1975 987 2004; x_wconf 88' lang='lat' dir='ltr'>hic</span> <span class='ocrx_word' id='word_1_519' title='bbox 1000 1981 1116 2004; x_wconf 79' lang='lat' dir='ltr'>accurat.</span> <span class='ocrx_word' id='word_1_520' title='bbox 1127 1975 1212 2003; x_wconf 84' lang='lat' dir='ltr'>Jesus</span> <span class='ocrx_word' id='word_1_521' title='bbox 1222 1974 1356 2003; x_wconf 75' lang='lat' dir='ltr'>Christus</span> <span class='ocrx_word' id='word_1_522' title='bbox 1367 1974 1430 2001; x_wconf 81' lang='lat' dir='ltr'>heri</span> <span class='ocrx_word' id='word_1_523' title='bbox 1439 1979 1467 2001; x_wconf 84' lang='lat' dir='ltr'>et</span> <span class='ocrx_word' id='word_1_524' title='bbox 1479 1973 1573 2009; x_wconf 79' lang='lat' dir='ltr'>hodie,</span> <span class='ocrx_word' id='word_1_525' title='bbox 1585 1973 1660 2001; x_wconf 87' lang='lat' dir='ltr'>idem</span> <span class='ocrx_word' id='word_1_526' title='bbox 1671 1975 1732 2012; x_wconf 83' lang='lat' dir='ltr'>ipse</span> <span class='ocrx_word' id='word_1_527' title='bbox 1741 1979 1770 2002; x_wconf 79' lang='lat' dir='ltr'>et</span> <span class='ocrx_word' id='word_1_528' title='bbox 1783 1975 1815 2002; x_wconf 78' lang='lat' dir='ltr'>in</span> 
     </span>
     <span class='ocr_line' id='line_1_65' title="bbox 258 2018 1816 2059; baseline 0.002 -13"><span class='ocrx_word' id='word_1_529' title='bbox 258 2018 377 2048; x_wconf 81' lang='lat' dir='ltr'>saecula.</span> <span class='ocrx_word' id='word_1_530' title='bbox 391 2019 541 2048; x_wconf 80' lang='lat' dir='ltr'>Doctrinis</span> <span class='ocrx_word' id='word_1_531' title='bbox 557 2022 651 2048; x_wconf 81' lang='lat' dir='ltr'>variis</span> <span class='ocrx_word' id='word_1_532' title='bbox 664 2027 690 2049; x_wconf 82' lang='lat' dir='ltr'>et</span> <span class='ocrx_word' id='word_1_533' title='bbox 703 2023 862 2059; x_wconf 81' lang='lat' dir='ltr'>peregrinis</span> <span class='ocrx_word' id='word_1_534' title='bbox 873 2023 963 2050; x_wconf 84' lang='lat' dir='ltr'>nolite</span> <span class='ocrx_word' id='word_1_535' title='bbox 973 2023 1081 2050; x_wconf 85' lang='lat' dir='ltr'>abduci</span> <span class='ocrx_word' id='word_1_536' title='bbox 1096 2033 1104 2048; x_wconf 88' lang='grc'>.-</span> <span class='ocrx_word' id='word_1_537' title='bbox 1117 2023 1257 2059; x_wconf 82' lang='lat' dir='ltr'>optimum</span> <span class='ocrx_word' id='word_1_538' title='bbox 1272 2021 1349 2048; x_wconf 86' lang='lat' dir='ltr'>enim</span> <span class='ocrx_word' id='word_1_539' title='bbox 1369 2026 1411 2048; x_wconf 82' lang='lat' dir='ltr'>est</span> <span class='ocrx_word' id='word_1_540' title='bbox 1424 2021 1521 2058; x_wconf 79' lang='lat' dir='ltr'>gralia</span> <span class='ocrx_word' id='word_1_541' title='bbox 1535 2020 1662 2048; x_wconf 78' lang='lat' dir='ltr'>stabiliri</span> <span class='ocrx_word' id='word_1_542' title='bbox 1674 2030 1737 2057; x_wconf 85' lang='lat' dir='ltr'>cor,</span> <span class='ocrx_word' id='word_1_543' title='bbox 1756 2031 1816 2049; x_wconf 85' lang='lat' dir='ltr'>non</span> 
     </span>
     <span class='ocr_line' id='line_1_66' title="bbox 260 2066 1017 2105; baseline 0.007 -13"><span class='ocrx_word' id='word_1_544' title='bbox 260 2067 341 2099; x_wconf 84' lang='lat' dir='ltr'>escis,</span> <span class='ocrx_word' id='word_1_545' title='bbox 356 2075 420 2102; x_wconf 85' lang='lat' dir='ltr'>quoe</span> <span class='ocrx_word' id='word_1_546' title='bbox 433 2076 492 2093; x_wconf 87' lang='lat' dir='ltr'>non</span> <span class='ocrx_word' id='word_1_547' title='bbox 501 2066 675 2105; x_wconf 71' lang='lat' dir='ltr'>profuerunt</span> <span class='ocrx_word' id='word_1_548' title='bbox 689 2068 910 2097; x_wconf 82' lang='lat' dir='ltr'>ambulantibus</span> <span class='ocrx_word' id='word_1_549' title='bbox 925 2071 957 2097; x_wconf 90' lang='lat' dir='ltr'>in</span> <span class='ocrx_word' id='word_1_550' title='bbox 967 2071 1017 2099; x_wconf 82' lang='lat' dir='ltr'>eis.</span> 
     </span>
    </p>

    <p class='ocr_par' dir='ltr' id='par_1_16' title="bbox 257 2112 1818 2620">
     <span class='ocr_line' id='line_1_67' title="bbox 299 2112 1813 2153; baseline 0 -13"><span class='ocrx_word' id='word_1_551' title='bbox 299 2112 385 2140; x_wconf 85' lang='lat' dir='ltr'>Jesus</span> <span class='ocrx_word' id='word_1_552' title='bbox 400 2112 533 2140; x_wconf 79' lang='lat' dir='ltr'>Christus</span> <span class='ocrx_word' id='word_1_553' title='bbox 548 2113 611 2141; x_wconf 79' lang='lat' dir='ltr'>heri</span> <span class='ocrx_word' id='word_1_554' title='bbox 622 2119 650 2141; x_wconf 75' lang='lat' dir='ltr'>et</span> <span class='ocrx_word' id='word_1_555' title='bbox 664 2114 758 2149; x_wconf 81' lang='lat' dir='ltr'>hodie,</span> <span class='ocrx_word' id='word_1_556' title='bbox 773 2115 850 2142; x_wconf 86' lang='lat' dir='ltr'>idem</span> <span class='ocrx_word' id='word_1_557' title='bbox 864 2117 924 2153; x_wconf 82' lang='lat' dir='ltr'>ipse</span> <span class='ocrx_word' id='word_1_558' title='bbox 935 2122 963 2143; x_wconf 77' lang='lat' dir='ltr'>et</span> <span class='ocrx_word' id='word_1_559' title='bbox 975 2117 1007 2143; x_wconf 85' lang='lat' dir='ltr'>in</span> <span class='ocrx_word' id='word_1_560' title='bbox 1021 2114 1168 2143; x_wconf 79' lang='lat' dir='ltr'>soeculum.</span> <span class='ocrx_word' id='word_1_561' title='bbox 1186 2115 1260 2142; x_wconf 85' lang='lat' dir='ltr'>Heri</span> <span class='ocrx_word' id='word_1_562' title='bbox 1273 2123 1351 2141; x_wconf 88' lang='lat' dir='ltr'>omne</span> <span class='ocrx_word' id='word_1_563' title='bbox 1365 2112 1531 2151; x_wconf 73' lang='lat' dir='ltr'>praeteritum</span> <span class='ocrx_word' id='word_1_564' title='bbox 1546 2112 1682 2151; x_wconf 80' lang='lat' dir='ltr'>significat</span> <span class='ocrx_word' id='word_1_565' title='bbox 1696 2119 1813 2151; x_wconf 88' lang='lat' dir='ltr'>tempus,</span> 
     </span>
     <span class='ocr_line' id='line_1_68' title="bbox 262 2159 1816 2199; baseline 0 -12"><span class='ocrx_word' id='word_1_566' title='bbox 262 2159 357 2193; x_wconf 85' lang='lat' dir='ltr'>hodie,</span> <span class='ocrx_word' id='word_1_567' title='bbox 373 2169 501 2198; x_wconf 80' lang='lat' dir='ltr'>praesenS,</span> <span class='ocrx_word' id='word_1_568' title='bbox 516 2160 654 2188; x_wconf 80' lang='lat' dir='ltr'>soeculum</span> <span class='ocrx_word' id='word_1_569' title='bbox 676 2171 738 2189; x_wconf 84' lang='lat' dir='ltr'>vero</span> <span class='ocrx_word' id='word_1_570' title='bbox 751 2161 873 2190; x_wconf 81' lang='lat' dir='ltr'>futurum</span> <span class='ocrx_word' id='word_1_571' title='bbox 895 2162 952 2190; x_wconf 88' lang='lat' dir='ltr'>sine</span> <span class='ocrx_word' id='word_1_572' title='bbox 973 2162 1086 2190; x_wconf 83' lang='lat' dir='ltr'>termino</span> <span class='ocrx_word' id='word_1_573' title='bbox 1103 2173 1108 2189; x_wconf 97' lang='lat'>:</span> <span class='ocrx_word' id='word_1_574' title='bbox 1124 2168 1262 2199; x_wconf 80' lang='lat' dir='ltr'>tamquam</span> <span class='ocrx_word' id='word_1_575' title='bbox 1283 2160 1306 2188; x_wconf 84' lang='lat' dir='ltr'>si</span> <span class='ocrx_word' id='word_1_576' title='bbox 1327 2159 1434 2195; x_wconf 81' lang='lat' dir='ltr'>diceret,</span> <span class='ocrx_word' id='word_1_577' title='bbox 1450 2159 1573 2188; x_wconf 87' lang='lat' dir='ltr'>Audistis</span> <span class='ocrx_word' id='word_1_578' title='bbox 1588 2159 1752 2198; x_wconf 83' lang='lat' dir='ltr'>pontificem,</span> <span class='ocrx_word' id='word_1_579' title='bbox 1769 2159 1816 2188; x_wconf 87' lang='lat' dir='ltr'>sed</span> 
     </span>
     <span class='ocr_line' id='line_1_69' title="bbox 263 2205 1814 2248; baseline -0.001 -13"><span class='ocrx_word' id='word_1_580' title='bbox 263 2217 314 2235; x_wconf 89' lang='lat' dir='ltr'>non</span> <span class='ocrx_word' id='word_1_581' title='bbox 332 2205 496 2245; x_wconf 84' lang='lat' dir='ltr'>pontificem,</span> <span class='ocrx_word' id='word_1_582' title='bbox 512 2206 559 2244; x_wconf 88' lang='lat' dir='ltr'>qui</span> <span class='ocrx_word' id='word_1_583' title='bbox 573 2206 676 2235; x_wconf 85' lang='lat' dir='ltr'>desinat</span> <span class='ocrx_word' id='word_1_584' title='bbox 690 2217 761 2244; x_wconf 85' lang='lat' dir='ltr'>esse;</span> <span class='ocrx_word' id='word_1_585' title='bbox 776 2218 880 2248; x_wconf 85' lang='lat' dir='ltr'>semper</span> <span class='ocrx_word' id='word_1_586' title='bbox 895 2208 966 2237; x_wconf 89' lang='lat' dir='ltr'>idem</span> <span class='ocrx_word' id='word_1_587' title='bbox 981 2209 1037 2248; x_wconf 88' lang='lat' dir='ltr'>ipse</span> <span class='ocrx_word' id='word_1_588' title='bbox 1055 2215 1103 2238; x_wconf 83' lang='lat' dir='ltr'>est.</span> <span class='ocrx_word' id='word_1_589' title='bbox 1121 2208 1213 2238; x_wconf 82' lang='lat' dir='ltr'>Veluti</span> <span class='ocrx_word' id='word_1_590' title='bbox 1224 2208 1245 2236; x_wconf 93' lang='lat' dir='ltr'>si</span> <span class='ocrx_word' id='word_1_591' title='bbox 1260 2213 1345 2236; x_wconf 87' lang='lat' dir='ltr'>essent</span> <span class='ocrx_word' id='word_1_592' title='bbox 1359 2206 1480 2245; x_wconf 86' lang='lat' dir='ltr'>quidam,</span> <span class='ocrx_word' id='word_1_593' title='bbox 1494 2205 1541 2244; x_wconf 89' lang='lat' dir='ltr'>qui</span> <span class='ocrx_word' id='word_1_594' title='bbox 1554 2205 1674 2235; x_wconf 82' lang='lat' dir='ltr'>dicerent</span> <span class='ocrx_word' id='word_1_595' title='bbox 1687 2206 1814 2245; x_wconf 88' lang='lat' dir='ltr'>quoniam</span> 
     </span>
     <span class='ocr_line' id='line_1_70' title="bbox 263 2251 1815 2294; baseline 0 -13"><span class='ocrx_word' id='word_1_596' title='bbox 263 2262 315 2281; x_wconf 92' lang='lat' dir='ltr'>non</span> <span class='ocrx_word' id='word_1_597' title='bbox 328 2259 377 2289; x_wconf 86' lang='lat' dir='ltr'>est,</span> <span class='ocrx_word' id='word_1_598' title='bbox 391 2251 437 2280; x_wconf 89' lang='lat' dir='ltr'>sed</span> <span class='ocrx_word' id='word_1_599' title='bbox 451 2252 518 2280; x_wconf 86' lang='lat' dir='ltr'>alter</span> <span class='ocrx_word' id='word_1_600' title='bbox 531 2259 660 2281; x_wconf 81' lang='lat' dir='ltr'>venturus</span> <span class='ocrx_word' id='word_1_601' title='bbox 673 2260 711 2281; x_wconf 88' lang='lat' dir='ltr'>est</span> <span class='ocrx_word' id='word_1_602' title='bbox 724 2265 729 2281; x_wconf 77' lang='lat' dir='ltr'><strong><em>z</em></strong></span> <span class='ocrx_word' id='word_1_603' title='bbox 743 2254 779 2283; x_wconf 86' lang='lat' dir='ltr'>ad</span> <span class='ocrx_word' id='word_1_604' title='bbox 790 2254 841 2283; x_wconf 89' lang='lat' dir='ltr'>hoc</span> <span class='ocrx_word' id='word_1_605' title='bbox 852 2254 993 2294; x_wconf 81' lang='lat' dir='ltr'>respondet</span> <span class='ocrx_word' id='word_1_606' title='bbox 1004 2255 1131 2293; x_wconf 86' lang='lat' dir='ltr'>quoniam</span> <span class='ocrx_word' id='word_1_607' title='bbox 1143 2254 1190 2293; x_wconf 86' lang='lat' dir='ltr'>qui</span> <span class='ocrx_word' id='word_1_608' title='bbox 1202 2253 1254 2282; x_wconf 82' lang='lat' dir='ltr'>fuit</span> <span class='ocrx_word' id='word_1_609' title='bbox 1265 2253 1322 2282; x_wconf 89' lang='lat' dir='ltr'>heri</span> <span class='ocrx_word' id='word_1_610' title='bbox 1336 2253 1393 2292; x_wconf 88' lang='lat' dir='ltr'>ipse</span> <span class='ocrx_word' id='word_1_611' title='bbox 1407 2252 1487 2281; x_wconf 87' lang='lat' dir='ltr'>etiam</span> <span class='ocrx_word' id='word_1_612' title='bbox 1497 2252 1587 2290; x_wconf 78' lang='lat' dir='ltr'>hodie,</span> <span class='ocrx_word' id='word_1_613' title='bbox 1599 2258 1625 2280; x_wconf 89' lang='lat' dir='ltr'>et</span> <span class='ocrx_word' id='word_1_614' title='bbox 1636 2252 1664 2281; x_wconf 92' lang='lat' dir='ltr'>in</span> <span class='ocrx_word' id='word_1_615' title='bbox 1678 2253 1815 2282; x_wconf 84' lang='lat' dir='ltr'>saeculum.</span> 
     </span>
     <span class='ocr_line' id='line_1_71' title="bbox 262 2297 1818 2340; baseline 0.001 -12"><span class='ocrx_word' id='word_1_616' title='bbox 262 2300 333 2328; x_wconf 80' lang='lat' dir='ltr'>Nam</span> <span class='ocrx_word' id='word_1_617' title='bbox 347 2298 479 2336; x_wconf 84' lang='lat' dir='ltr'>hodieque</span> <span class='ocrx_word' id='word_1_618' title='bbox 493 2297 581 2328; x_wconf 82' lang='lat' dir='ltr'>Judaei</span> <span class='ocrx_word' id='word_1_619' title='bbox 594 2298 687 2327; x_wconf 89' lang='lat' dir='ltr'>dicunt</span> <span class='ocrx_word' id='word_1_620' title='bbox 702 2299 785 2328; x_wconf 87' lang='lat' dir='ltr'>alium</span> <span class='ocrx_word' id='word_1_621' title='bbox 802 2310 858 2329; x_wconf 88' lang='lat' dir='ltr'>esse</span> <span class='ocrx_word' id='word_1_622' title='bbox 871 2308 1015 2329; x_wconf 82' lang='lat' dir='ltr'>venturum</span> <span class='ocrx_word' id='word_1_623' title='bbox 1033 2313 1040 2328; x_wconf 73' lang='grc' dir='ltr'><em>τ</em></span> <span class='ocrx_word' id='word_1_624' title='bbox 1055 2308 1175 2340; x_wconf 74' lang='lat' dir='ltr'>expertes</span> <span class='ocrx_word' id='word_1_625' title='bbox 1189 2299 1343 2338; x_wconf 82' lang='lat' dir='ltr'>semetipsos</span> <span class='ocrx_word' id='word_1_626' title='bbox 1362 2299 1396 2327; x_wconf 85' lang='lat' dir='ltr'>ab</span> <span class='ocrx_word' id='word_1_627' title='bbox 1414 2309 1445 2327; x_wconf 87' lang='lat' dir='ltr'>eo</span> <span class='ocrx_word' id='word_1_628' title='bbox 1459 2298 1608 2334; x_wconf 79' lang='lat' dir='ltr'>reddentes,</span> <span class='ocrx_word' id='word_1_629' title='bbox 1623 2299 1671 2337; x_wconf 87' lang='lat' dir='ltr'>qui</span> <span class='ocrx_word' id='word_1_630' title='bbox 1684 2309 1765 2328; x_wconf 87' lang='lat' dir='ltr'>verus</span> <span class='ocrx_word' id='word_1_631' title='bbox 1777 2307 1818 2329; x_wconf 84' lang='lat' dir='ltr'>est</span> 
     </span>
     <span class='ocr_line' id='line_1_72' title="bbox 262 2345 1817 2387; baseline 0.001 -13"><span class='ocrx_word' id='word_1_632' title='bbox 262 2345 394 2384; x_wconf 76' lang='lat' dir='ltr'>pontifex,</span> <span class='ocrx_word' id='word_1_633' title='bbox 410 2345 611 2375; x_wconf 86' lang='lat' dir='ltr'>declinaverunt</span> <span class='ocrx_word' id='word_1_634' title='bbox 622 2345 650 2373; x_wconf 90' lang='lat' dir='ltr'>in</span> <span class='ocrx_word' id='word_1_635' title='bbox 666 2356 793 2383; x_wconf 84' lang='lat' dir='ltr'>errorem,</span> <span class='ocrx_word' id='word_1_636' title='bbox 809 2354 837 2375; x_wconf 89' lang='lat' dir='ltr'>ut</span> <span class='ocrx_word' id='word_1_637' title='bbox 850 2347 1046 2377; x_wconf 84' lang='lat' dir='ltr'>Antichristum</span> <span class='ocrx_word' id='word_1_638' title='bbox 1058 2354 1183 2387; x_wconf 84' lang='lat' dir='ltr'>putarent</span> <span class='ocrx_word' id='word_1_639' title='bbox 1195 2357 1250 2375; x_wconf 88' lang='lat' dir='ltr'>esse</span> <span class='ocrx_word' id='word_1_640' title='bbox 1262 2353 1415 2377; x_wconf 82' lang='lat' dir='ltr'>venturum.</span> <span class='ocrx_word' id='word_1_641' title='bbox 1430 2347 1592 2381; x_wconf 80' lang='lat' dir='ltr'>Doctrinis,</span> <span class='ocrx_word' id='word_1_642' title='bbox 1610 2345 1708 2383; x_wconf 89' lang='lat' dir='ltr'>inquit,</span> <span class='ocrx_word' id='word_1_643' title='bbox 1723 2348 1817 2376; x_wconf 82' lang='lat' dir='ltr'>variis</span> 
     </span>
     <span class='ocr_line' id='line_1_73' title="bbox 266 2392 1816 2431; baseline -0.001 -10"><span class='ocrx_word' id='word_1_644' title='bbox 266 2399 294 2421; x_wconf 86' lang='lat' dir='ltr'>et</span> <span class='ocrx_word' id='word_1_645' title='bbox 311 2395 393 2421; x_wconf 77' lang='lat' dir='ltr'>novis</span> <span class='ocrx_word' id='word_1_646' title='bbox 413 2402 471 2420; x_wconf 89' lang='lat' dir='ltr'>non</span> <span class='ocrx_word' id='word_1_647' title='bbox 485 2392 743 2431; x_wconf 81' lang='lat' dir='ltr'>circumferamini.</span> <span class='ocrx_word' id='word_1_648' title='bbox 759 2393 817 2421; x_wconf 90' lang='lat' dir='ltr'>Non</span> <span class='ocrx_word' id='word_1_649' title='bbox 832 2393 920 2422; x_wconf 87' lang='lat' dir='ltr'>solum</span> <span class='ocrx_word' id='word_1_650' title='bbox 933 2394 1022 2431; x_wconf 88' lang='lat' dir='ltr'>novis,</span> <span class='ocrx_word' id='word_1_651' title='bbox 1036 2394 1082 2423; x_wconf 89' lang='lat' dir='ltr'>sed</span> <span class='ocrx_word' id='word_1_652' title='bbox 1096 2393 1177 2422; x_wconf 89' lang='lat' dir='ltr'>etiam</span> <span class='ocrx_word' id='word_1_653' title='bbox 1191 2393 1284 2422; x_wconf 79' lang='lat' dir='ltr'>variis.</span> <span class='ocrx_word' id='word_1_654' title='bbox 1301 2394 1417 2421; x_wconf 85' lang='lat' dir='ltr'>Bonum</span> <span class='ocrx_word' id='word_1_655' title='bbox 1433 2402 1559 2431; x_wconf 85' lang='lat' dir='ltr'>namque</span> <span class='ocrx_word' id='word_1_656' title='bbox 1571 2398 1613 2420; x_wconf 86' lang='lat' dir='ltr'>est</span> <span class='ocrx_word' id='word_1_657' title='bbox 1624 2394 1724 2431; x_wconf 80' lang='lat' dir='ltr'>gratia</span> <span class='ocrx_word' id='word_1_658' title='bbox 1743 2403 1816 2421; x_wconf 85' lang='lat' dir='ltr'>con-</span> 
     </span>
     <span class='ocr_line' id='line_1_74' title="bbox 257 2437 1817 2479; baseline 0.001 -13"><span class='ocrx_word' id='word_1_659' title='bbox 257 2438 378 2475; x_wconf 83' lang='lat' dir='ltr'>firmari</span> <span class='ocrx_word' id='word_1_660' title='bbox 391 2449 451 2474; x_wconf 84' lang='lat' dir='ltr'>cor,</span> <span class='ocrx_word' id='word_1_661' title='bbox 467 2448 524 2466; x_wconf 90' lang='lat' dir='ltr'>non</span> <span class='ocrx_word' id='word_1_662' title='bbox 538 2441 622 2473; x_wconf 83' lang='lat' dir='ltr'>escis,</span> <span class='ocrx_word' id='word_1_663' title='bbox 635 2440 666 2466; x_wconf 86' lang='lat' dir='ltr'>in</span> <span class='ocrx_word' id='word_1_664' title='bbox 680 2439 783 2477; x_wconf 81' lang='lat' dir='ltr'>quibus</span> <span class='ocrx_word' id='word_1_665' title='bbox 795 2441 845 2477; x_wconf 86' lang='lat' dir='ltr'>qui</span> <span class='ocrx_word' id='word_1_666' title='bbox 859 2440 1015 2469; x_wconf 78' lang='lat' dir='ltr'>ambulant</span> <span class='ocrx_word' id='word_1_667' title='bbox 1030 2440 1106 2468; x_wconf 83' lang='lat' dir='ltr'>nihil</span> <span class='ocrx_word' id='word_1_668' title='bbox 1112 2440 1240 2479; x_wconf 84' lang='lat' dir='ltr'>prodest.</span> <span class='ocrx_word' id='word_1_669' title='bbox 1254 2439 1304 2467; x_wconf 90' lang='lat' dir='ltr'>Hic</span> <span class='ocrx_word' id='word_1_670' title='bbox 1314 2437 1471 2478; x_wconf 85' lang='lat' dir='ltr'>pedetentim</span> <span class='ocrx_word' id='word_1_671' title='bbox 1481 2447 1524 2466; x_wconf 83' lang='lat' dir='ltr'>eos</span> <span class='ocrx_word' id='word_1_672' title='bbox 1534 2437 1678 2476; x_wconf 77' lang='lat' dir='ltr'>significat,</span> <span class='ocrx_word' id='word_1_673' title='bbox 1688 2438 1734 2476; x_wconf 84' lang='lat' dir='ltr'>qui</span> <span class='ocrx_word' id='word_1_674' title='bbox 1744 2449 1817 2468; x_wconf 82' lang='lat' dir='ltr'>esca-</span> 
     </span>
     <span class='ocr_line' id='line_1_75' title="bbox 265 2484 1817 2525; baseline 0.001 -12"><span class='ocrx_word' id='word_1_675' title='bbox 265 2495 324 2513; x_wconf 88' lang='lat' dir='ltr'>rum</span> <span class='ocrx_word' id='word_1_676' title='bbox 338 2485 512 2514; x_wconf 73' lang='lat' dir='ltr'>introducunt</span> <span class='ocrx_word' id='word_1_677' title='bbox 527 2485 724 2514; x_wconf 77' lang='lat' dir='ltr'>observationes</span> <span class='ocrx_word' id='word_1_678' title='bbox 738 2498 745 2514; x_wconf 91' lang='lat'>:</span> <span class='ocrx_word' id='word_1_679' title='bbox 761 2485 826 2515; x_wconf 89' lang='lat' dir='ltr'>fidei</span> <span class='ocrx_word' id='word_1_680' title='bbox 840 2486 940 2525; x_wconf 86' lang='lat' dir='ltr'>quippe</span> <span class='ocrx_word' id='word_1_681' title='bbox 954 2487 1078 2516; x_wconf 79' lang='lat' dir='ltr'>universa</span> <span class='ocrx_word' id='word_1_682' title='bbox 1094 2487 1194 2515; x_wconf 85' lang='lat' dir='ltr'>munda</span> <span class='ocrx_word' id='word_1_683' title='bbox 1206 2493 1267 2515; x_wconf 89' lang='lat' dir='ltr'>sunt</span> <span class='ocrx_word' id='word_1_684' title='bbox 1285 2498 1292 2513; x_wconf 88' lang='grc'>.-</span> <span class='ocrx_word' id='word_1_685' title='bbox 1307 2485 1362 2514; x_wconf 83' lang='lat' dir='ltr'>fide</span> <span class='ocrx_word' id='word_1_686' title='bbox 1375 2495 1438 2524; x_wconf 84' lang='lat' dir='ltr'>ergo</span> <span class='ocrx_word' id='word_1_687' title='bbox 1452 2496 1519 2524; x_wconf 83' lang='lat' dir='ltr'>opus</span> <span class='ocrx_word' id='word_1_688' title='bbox 1529 2491 1577 2521; x_wconf 84' lang='lat' dir='ltr'>est,</span> <span class='ocrx_word' id='word_1_689' title='bbox 1592 2495 1644 2513; x_wconf 90' lang='lat' dir='ltr'>non</span> <span class='ocrx_word' id='word_1_690' title='bbox 1657 2484 1732 2514; x_wconf 85' lang='lat' dir='ltr'>escis.</span> <span class='ocrx_word' id='word_1_691' title='bbox 1750 2487 1817 2515; x_wconf 85' lang='lat' dir='ltr'>Ha-</span> 
     </span>
     <span class='ocr_line' id='line_1_76' title="bbox 266 2532 1813 2571; baseline -0.001 -10"><span class='ocrx_word' id='word_1_692' title='bbox 266 2534 362 2562; x_wconf 83' lang='lat' dir='ltr'>bemus</span> <span class='ocrx_word' id='word_1_693' title='bbox 374 2535 462 2570; x_wconf 83' lang='lat' dir='ltr'>enim,</span> <span class='ocrx_word' id='word_1_694' title='bbox 477 2533 573 2571; x_wconf 88' lang='lat' dir='ltr'>inquit,</span> <span class='ocrx_word' id='word_1_695' title='bbox 590 2533 695 2567; x_wconf 79' lang='lat' dir='ltr'>altare,</span> <span class='ocrx_word' id='word_1_696' title='bbox 710 2544 745 2562; x_wconf 72' lang='lat' dir='ltr'>ez·</span> <span class='ocrx_word' id='word_1_697' title='bbox 760 2544 818 2571; x_wconf 84' lang='lat' dir='ltr'>quo</span> <span class='ocrx_word' id='word_1_698' title='bbox 832 2539 1004 2571; x_wconf 86' lang='lat' dir='ltr'>potestatem</span> <span class='ocrx_word' id='word_1_699' title='bbox 1018 2545 1076 2562; x_wconf 85' lang='lat' dir='ltr'>non</span> <span class='ocrx_word' id='word_1_700' title='bbox 1092 2536 1200 2563; x_wconf 79' lang='lat' dir='ltr'>hahent</span> <span class='ocrx_word' id='word_1_701' title='bbox 1212 2533 1381 2563; x_wconf 83' lang='lat' dir='ltr'>comedendi</span> <span class='ocrx_word' id='word_1_702' title='bbox 1396 2534 1447 2571; x_wconf 82' lang='lat' dir='ltr'>qui</span> <span class='ocrx_word' id='word_1_703' title='bbox 1461 2532 1651 2560; x_wconf 82' lang='lat' dir='ltr'>tabernaculo</span> <span class='ocrx_word' id='word_1_704' title='bbox 1669 2533 1813 2560; x_wconf 85' lang='lat' dir='ltr'>serviunt.</span> 
     </span>
     <span class='ocr_line' id='line_1_77' title="bbox 268 2578 1813 2620; baseline -0.001 -10"><span class='ocrx_word' id='word_1_705' title='bbox 268 2582 325 2610; x_wconf 80' lang='lat' dir='ltr'>Non</span> <span class='ocrx_word' id='word_1_706' title='bbox 338 2580 409 2609; x_wconf 80' lang='lat' dir='ltr'>enim</span> <span class='ocrx_word' id='word_1_707' title='bbox 426 2581 514 2617; x_wconf 81' lang='lat' dir='ltr'>qualia</span> <span class='ocrx_word' id='word_1_708' title='bbox 527 2587 588 2609; x_wconf 88' lang='lat' dir='ltr'>sunt</span> <span class='ocrx_word' id='word_1_709' title='bbox 600 2580 673 2619; x_wconf 73' lang='lat' dir='ltr'>apud</span> <span class='ocrx_word' id='word_1_710' title='bbox 688 2581 807 2619; x_wconf 75' lang='lat' dir='ltr'>Judaeos,</span> <span class='ocrx_word' id='word_1_711' title='bbox 819 2581 882 2610; x_wconf 85' lang='lat' dir='ltr'>talia</span> <span class='ocrx_word' id='word_1_712' title='bbox 897 2581 976 2610; x_wconf 80' lang='lat' dir='ltr'>etiam</span> <span class='ocrx_word' id='word_1_713' title='bbox 991 2588 1078 2610; x_wconf 86' lang='lat' dir='ltr'>nostra</span> <span class='ocrx_word' id='word_1_714' title='bbox 1092 2588 1163 2620; x_wconf 81' lang='lat' dir='ltr'>sunt,</span> <span class='ocrx_word' id='word_1_715' title='bbox 1186 2582 1222 2610; x_wconf 79' lang='lat' dir='ltr'>ita</span> <span class='ocrx_word' id='word_1_716' title='bbox 1236 2588 1263 2610; x_wconf 88' lang='lat' dir='ltr'>ut</span> <span class='ocrx_word' id='word_1_717' title='bbox 1279 2591 1325 2610; x_wconf 82' lang='lat' dir='ltr'>nec</span> <span class='ocrx_word' id='word_1_718' title='bbox 1339 2580 1461 2618; x_wconf 82' lang='lat' dir='ltr'>pontifici</span> <span class='ocrx_word' id='word_1_719' title='bbox 1475 2579 1552 2608; x_wconf 75' lang='lat' dir='ltr'>liccat</span> <span class='ocrx_word' id='word_1_720' title='bbox 1565 2589 1599 2608; x_wconf 69' lang='lat' dir='ltr'>ex</span> <span class='ocrx_word' id='word_1_721' title='bbox 1610 2579 1643 2607; x_wconf 89' lang='lat' dir='ltr'>iis</span> <span class='ocrx_word' id='word_1_722' title='bbox 1657 2578 1813 2618; x_wconf 76' lang='lat' dir='ltr'>participem</span> 
     </span>
    </p>
   </div>
  </div>
 </body>
</html>
