<?xml version="1.0" encoding="UTF-8"?>
<!DOCTYPE html PUBLIC "-//W3C//DTD XHTML 1.0 Transitional//EN"
    "http://www.w3.org/TR/xhtml1/DTD/xhtml1-transitional.dtd">
<html xmlns="http://www.w3.org/1999/xhtml" xml:lang="en" lang="en">
 <head>
  <title>
</title>
<meta http-equiv="Content-Type" content="text/html;charset=utf-8" />
  <meta name='ocr-system' content='tesseract 3.04.00' />
  <meta name='ocr-capabilities' content='ocr_page ocr_carea ocr_par ocr_line ocrx_word'/>
</head>
<body>
  <div class='ocr_page' id='page_1' title='image "./operaomniaquaeex12johnuoft/operaomniaquaeex12johnuoft_0467.png"; bbox 0 0 1906 2846; ppageno 0'>
   <div class='ocr_carea' id='block_1_1' title="bbox 310 191 1655 232">
    <p class='ocr_par' dir='ltr' id='par_1_1' title="bbox 310 191 1655 232">
     <span class='ocr_line' id='line_1_1' title="bbox 310 191 1655 232; baseline 0.004 -14"><span class='ocrx_word' id='word_1_1' title='bbox 310 196 340 218; x_wconf 80' lang='lat' dir='ltr'><strong>tN</strong></span> <span class='ocrx_word' id='word_1_2' title='bbox 369 196 452 219; x_wconf 83' lang='lat' dir='ltr'><strong>xis.</strong></span> <span class='ocrx_word' id='word_1_3' title='bbox 483 197 580 219; x_wconf 14' lang='lat' dir='ltr'><strong>Joiix.</strong></span> <span class='ocrx_word' id='word_1_4' title='bbox 609 197 727 220; x_wconf 75' lang='lat' dir='ltr'><strong>cuuYs.</strong></span> <span class='ocrx_word' id='word_1_5' title='bbox 758 198 894 221; x_wconf 57' lang='lat' dir='ltr'><strong>nostum</strong></span> <span class='ocrx_word' id='word_1_6' title='bbox 926 200 944 221; x_wconf 71' lang='grc' dir='ltr'><strong>ιι</strong></span> <span class='ocrx_word' id='word_1_7' title='bbox 971 199 1089 222; x_wconf 65' lang='lat' dir='ltr'><strong>conica</strong></span> <span class='ocrx_word' id='word_1_8' title='bbox 1119 200 1197 222; x_wconf 54' lang='grc' dir='ltr'><strong>ΜΤ.</strong></span> <span class='ocrx_word' id='word_1_9' title='bbox 1229 201 1359 223; x_wconf 63' lang='lat' dir='ltr'><strong>nosris.</strong></span> <span class='ocrx_word' id='word_1_10' title='bbox 1587 191 1655 232; x_wconf 55' lang='lat'><strong>4¹33</strong></span> 
     </span>
    </p>
   </div>
   <div class='ocr_carea' id='block_1_2' title="bbox 111 294 1648 311">
    <p class='ocr_par' dir='ltr' id='par_1_2' title="bbox 111 294 1648 311">
     <span class='ocr_line' id='line_1_2' title="bbox 111 294 1648 311; baseline 0 2535"><span class='ocrx_word' id='word_1_11' title='bbox 111 294 1648 311; x_wconf 95' lang='lat' dir='ltr'><strong> </strong></span> 
     </span>
    </p>
   </div>
   <div class='ocr_carea' id='block_1_3' title="bbox 677 398 1086 462">
    <p class='ocr_par' dir='ltr' id='par_1_3' title="bbox 677 398 1086 462">
     <span class='ocr_line' id='line_1_3' title="bbox 677 398 1086 462; baseline 0.005 -3"><span class='ocrx_word' id='word_1_12' title='bbox 677 398 1086 462; x_wconf 83' lang='lat' dir='ltr'>MONITUM</span> 
     </span>
    </p>
   </div>
   <div class='ocr_carea' id='block_1_4' title="bbox 298 547 1474 589">
    <p class='ocr_par' dir='ltr' id='par_1_4' title="bbox 298 547 1474 589">
     <span class='ocr_line' id='line_1_4' title="bbox 298 547 1474 589; baseline 0.005 -6"><span class='ocrx_word' id='word_1_13' title='bbox 298 547 346 583; x_wconf 88' lang='lat' dir='ltr'><strong>IN</strong></span> <span class='ocrx_word' id='word_1_14' title='bbox 373 548 587 584; x_wconf 81' lang='lat' dir='ltr'><strong>UNDECIM</strong></span> <span class='ocrx_word' id='word_1_15' title='bbox 615 549 651 584; x_wconf 89' lang='lat' dir='ltr'><strong>S.</strong></span> <span class='ocrx_word' id='word_1_16' title='bbox 679 548 874 585; x_wconf 78' lang='lat' dir='ltr'><strong>JOANNtS</strong></span> <span class='ocrx_word' id='word_1_17' title='bbox 900 551 1226 588; x_wconf 77' lang='lat' dir='ltr'><strong>CIIRYSOSTOMI</strong></span> <span class='ocrx_word' id='word_1_18' title='bbox 1255 553 1474 589; x_wconf 85' lang='lat' dir='ltr'><strong>HOMtLtAS</strong></span> 
     </span>
    </p>
   </div>
   <div class='ocr_carea' id='block_1_5' title="bbox 525 675 1228 708">
    <p class='ocr_par' dir='ltr' id='par_1_5' title="bbox 525 675 1228 708">
     <span class='ocr_line' id='line_1_5' title="bbox 525 675 1228 708; baseline 0.004 -5"><span class='ocrx_word' id='word_1_19' title='bbox 525 675 626 704; x_wconf 83' lang='lat' dir='ltr'><strong>NUNC</strong></span> <span class='ocrx_word' id='word_1_20' title='bbox 646 675 797 704; x_wconf 83' lang='lat' dir='ltr'>PRIMUM</span> <span class='ocrx_word' id='word_1_21' title='bbox 819 675 842 703; x_wconf 91' lang='lat' dir='ltr'>E</span> <span class='ocrx_word' id='word_1_22' title='bbox 865 675 1048 707; x_wconf 84' lang='lat' dir='ltr'>TENEBRIS</span> <span class='ocrx_word' id='word_1_23' title='bbox 1071 677 1228 708; x_wconf 69' lang='lat' dir='ltr'>ERCTAS.</span> 
     </span>
    </p>
   </div>
   <div class='ocr_carea' id='block_1_6' title="bbox 86 804 1661 2559">
    <p class='ocr_par' dir='ltr' id='par_1_6' title="bbox 93 804 1661 1362">
     <span class='ocr_line' id='line_1_6' title="bbox 133 804 1658 850; baseline 0.005 -16"><span class='ocrx_word' id='word_1_24' title='bbox 133 805 175 834; x_wconf 76' lang='lat' dir='ltr'><strong>En</strong></span> <span class='ocrx_word' id='word_1_25' title='bbox 188 804 252 842; x_wconf 86' lang='lat' dir='ltr'><strong>tibi,</strong></span> <span class='ocrx_word' id='word_1_26' title='bbox 269 805 350 834; x_wconf 84' lang='lat' dir='ltr'><strong>lector</strong></span> <span class='ocrx_word' id='word_1_27' title='bbox 365 804 488 840; x_wconf 87' lang='lat' dir='ltr'><strong>erudite,</strong></span> <span class='ocrx_word' id='word_1_28' title='bbox 505 815 603 833; x_wconf 77' lang='lat' dir='ltr'><strong>novam</strong></span> <span class='ocrx_word' id='word_1_29' title='bbox 615 826 623 839; x_wconf 86' lang='lat'>,</span> <span class='ocrx_word' id='word_1_30' title='bbox 648 804 783 844; x_wconf 83' lang='lat' dir='ltr'><strong>amplam,</strong></span> <span class='ocrx_word' id='word_1_31' title='bbox 809 805 972 845; x_wconf 87' lang='lat' dir='ltr'><strong>omninoque</strong></span> <span class='ocrx_word' id='word_1_32' title='bbox 993 807 1157 845; x_wconf 72' lang='lat' dir='ltr'>singularem</span> <span class='ocrx_word' id='word_1_33' title='bbox 1180 807 1353 838; x_wconf 80' lang='lat' dir='ltr'>homiliarum</span> <span class='ocrx_word' id='word_1_34' title='bbox 1369 810 1554 850; x_wconf 83' lang='lat' dir='ltr'><strong>Clu-ysostomi</strong></span> <span class='ocrx_word' id='word_1_35' title='bbox 1570 823 1658 842; x_wconf 81' lang='lat' dir='ltr'><strong>acces-</strong></span> 
     </span>
     <span class='ocr_line' id='line_1_7' title="bbox 93 852 1659 895; baseline 0.004 -13"><span class='ocrx_word' id='word_1_36' title='bbox 93 853 194 883; x_wconf 82' lang='lat' dir='ltr'>sionem</span> <span class='ocrx_word' id='word_1_37' title='bbox 210 853 371 892; x_wconf 85' lang='lat' dir='ltr'><strong>prcscrimus</strong></span> <span class='ocrx_word' id='word_1_38' title='bbox 382 876 389 889; x_wconf 87' lang='lat'><em>,</em></span> <span class='ocrx_word' id='word_1_39' title='bbox 407 863 466 890; x_wconf 75' lang='lat' dir='ltr'><strong>quae</strong></span> <span class='ocrx_word' id='word_1_40' title='bbox 485 852 557 880; x_wconf 85' lang='lat' dir='ltr'><strong>haud</strong></span> <span class='ocrx_word' id='word_1_41' title='bbox 573 853 609 881; x_wconf 88' lang='lat' dir='ltr'><strong>ita</strong></span> <span class='ocrx_word' id='word_1_42' title='bbox 627 852 731 892; x_wconf 88' lang='lat' dir='ltr'><strong>pridem</strong></span> <span class='ocrx_word' id='word_1_43' title='bbox 743 863 775 881; x_wconf 85' lang='lat' dir='ltr'><strong>ex</strong></span> <span class='ocrx_word' id='word_1_44' title='bbox 792 860 881 882; x_wconf 84' lang='lat' dir='ltr'><strong>monte</strong></span> <span class='ocrx_word' id='word_1_45' title='bbox 900 854 984 890; x_wconf 80' lang='lat' dir='ltr'><strong>Atlio,</strong></span> <span class='ocrx_word' id='word_1_46' title='bbox 1001 861 1029 882; x_wconf 94' lang='lat' dir='ltr'><strong>ut</strong></span> <span class='ocrx_word' id='word_1_47' title='bbox 1043 855 1170 892; x_wconf 78' lang='lat' dir='ltr'><strong>quidam,</strong></span> <span class='ocrx_word' id='word_1_48' title='bbox 1188 857 1230 885; x_wconf 76' lang='lat' dir='ltr'><strong>vel</strong></span> <span class='ocrx_word' id='word_1_49' title='bbox 1245 868 1278 885; x_wconf 83' lang='lat' dir='ltr'><strong>ex</strong></span> <span class='ocrx_word' id='word_1_50' title='bbox 1301 857 1387 886; x_wconf 85' lang='lat' dir='ltr'><strong>insula</strong></span> <span class='ocrx_word' id='word_1_51' title='bbox 1404 858 1516 888; x_wconf 80' lang='lat' dir='ltr'><strong>Patlimo</strong></span> <span class='ocrx_word' id='word_1_52' title='bbox 1527 882 1534 895; x_wconf 88' lang='lat'>,</span> <span class='ocrx_word' id='word_1_53' title='bbox 1560 867 1589 888; x_wconf 88' lang='lat' dir='ltr'><strong>ut</strong></span> <span class='ocrx_word' id='word_1_54' title='bbox 1611 861 1659 889; x_wconf 83' lang='lat' dir='ltr'><strong>alii</strong></span> 
     </span>
     <span class='ocr_line' id='line_1_8' title="bbox 93 900 1658 944; baseline 0.004 -14"><span class='ocrx_word' id='word_1_55' title='bbox 93 900 200 937; x_wconf 85' lang='lat' dir='ltr'><strong>dicunt,</strong></span> <span class='ocrx_word' id='word_1_56' title='bbox 214 900 242 929; x_wconf 89' lang='lat' dir='ltr'><strong>in</strong></span> <span class='ocrx_word' id='word_1_57' title='bbox 257 900 455 929; x_wconf 85' lang='lat' dir='ltr'><strong>Bibliothecam</strong></span> <span class='ocrx_word' id='word_1_58' title='bbox 468 900 625 930; x_wconf 74' lang='lat' dir='ltr'><strong>Vaticanaiu</strong></span> <span class='ocrx_word' id='word_1_59' title='bbox 637 900 734 936; x_wconf 64' lang='lat' dir='ltr'><strong>allata‘,</strong></span> <span class='ocrx_word' id='word_1_60' title='bbox 747 911 761 928; x_wconf 80' lang='lat' dir='ltr'><strong>a</strong></span> <span class='ocrx_word' id='word_1_61' title='bbox 776 900 914 929; x_wconf 71' lang='lat' dir='ltr'>sodalibus</span> <span class='ocrx_word' id='word_1_62' title='bbox 930 902 1035 937; x_wconf 84' lang='lat' dir='ltr'><strong>nostris,</strong></span> <span class='ocrx_word' id='word_1_63' title='bbox 1051 902 1097 940; x_wconf 78' lang='lat' dir='ltr'><strong>qui</strong></span> <span class='ocrx_word' id='word_1_64' title='bbox 1114 910 1171 931; x_wconf 89' lang='lat' dir='ltr'><strong>tum</strong></span> <span class='ocrx_word' id='word_1_65' title='bbox 1185 905 1275 932; x_wconf 68' lang='lat' dir='ltr'><strong>Ptomse</strong></span> <span class='ocrx_word' id='word_1_66' title='bbox 1289 905 1508 944; x_wconf 81' lang='lat' dir='ltr'><strong>Congregationis</strong></span> <span class='ocrx_word' id='word_1_67' title='bbox 1526 908 1553 936; x_wconf 80' lang='lat' dir='ltr'><strong>S.</strong></span> <span class='ocrx_word' id='word_1_68' title='bbox 1568 908 1658 936; x_wconf 83' lang='lat' dir='ltr'><strong>Mauri</strong></span> 
     </span>
     <span class='ocr_line' id='line_1_9' title="bbox 94 947 1659 988; baseline 0.005 -11"><span class='ocrx_word' id='word_1_69' title='bbox 94 948 209 987; x_wconf 83' lang='lat' dir='ltr'><strong>negotiis</strong></span> <span class='ocrx_word' id='word_1_70' title='bbox 228 947 430 987; x_wconf 76' lang='lat' dir='ltr'>advigilabant,</span> <span class='ocrx_word' id='word_1_71' title='bbox 445 958 460 976; x_wconf 83' lang='lat' dir='ltr'><strong>a</strong></span> <span class='ocrx_word' id='word_1_72' title='bbox 487 948 581 977; x_wconf 77' lang='lat' dir='ltr'><strong>Graeco</strong></span> <span class='ocrx_word' id='word_1_73' title='bbox 606 948 760 976; x_wconf 78' lang='lat' dir='ltr'>amanuensi</span> <span class='ocrx_word' id='word_1_74' title='bbox 787 949 940 987; x_wconf 67' lang='lat' dir='ltr'><strong>exscripur,</strong></span> <span class='ocrx_word' id='word_1_75' title='bbox 967 950 1128 978; x_wconf 70' lang='lat' dir='ltr'><strong>transmissae</strong></span> <span class='ocrx_word' id='word_1_76' title='bbox 1155 951 1221 979; x_wconf 81' lang='lat' dir='ltr'><strong>mihi</strong></span> <span class='ocrx_word' id='word_1_77' title='bbox 1248 952 1334 988; x_wconf 77' lang='lat' dir='ltr'><strong>suere3</strong></span> <span class='ocrx_word' id='word_1_78' title='bbox 1353 953 1482 982; x_wconf 86' lang='lat' dir='ltr'><strong>nimirum</strong></span> <span class='ocrx_word' id='word_1_79' title='bbox 1497 966 1510 983; x_wconf 87' lang='lat' dir='ltr'><strong>a</strong></span> <span class='ocrx_word' id='word_1_80' title='bbox 1526 956 1561 984; x_wconf 90' lang='lat' dir='ltr'><strong>D.</strong></span> <span class='ocrx_word' id='word_1_81' title='bbox 1579 957 1659 985; x_wconf 89' lang='lat' dir='ltr'><strong>Petro</strong></span> 
     </span>
     <span class='ocr_line' id='line_1_10' title="bbox 94 994 1661 1034; baseline 0.003 -9"><span class='ocrx_word' id='word_1_82' title='bbox 94 996 210 1031; x_wconf 85' lang='lat' dir='ltr'><strong>Maloet,</strong></span> <span class='ocrx_word' id='word_1_83' title='bbox 231 995 276 1034; x_wconf 88' lang='lat' dir='ltr'><strong>qui</strong></span> <span class='ocrx_word' id='word_1_84' title='bbox 294 1002 356 1023; x_wconf 90' lang='lat' dir='ltr'><strong>tunc</strong></span> <span class='ocrx_word' id='word_1_85' title='bbox 368 994 550 1034; x_wconf 80' lang='lat' dir='ltr'>procuratoris</span> <span class='ocrx_word' id='word_1_86' title='bbox 571 994 700 1033; x_wconf 82' lang='lat' dir='ltr'><strong>generalis</strong></span> <span class='ocrx_word' id='word_1_87' title='bbox 713 994 801 1022; x_wconf 81' lang='lat' dir='ltr'><strong>officio</strong></span> <span class='ocrx_word' id='word_1_88' title='bbox 822 995 997 1033; x_wconf 81' lang='lat' dir='ltr'><strong>fungebatur,</strong></span> <span class='ocrx_word' id='word_1_89' title='bbox 1014 997 1107 1034; x_wconf 80' lang='lat' dir='ltr'><strong>etjam</strong></span> <span class='ocrx_word' id='word_1_90' title='bbox 1122 997 1147 1025; x_wconf 91' lang='lat' dir='ltr'><strong>in</strong></span> <span class='ocrx_word' id='word_1_91' title='bbox 1166 999 1323 1027; x_wconf 77' lang='lat' dir='ltr'><strong>monasterio</strong></span> <span class='ocrx_word' id='word_1_92' title='bbox 1344 1001 1373 1028; x_wconf 87' lang='lat' dir='ltr'><strong>S.</strong></span> <span class='ocrx_word' id='word_1_93' title='bbox 1395 1001 1523 1030; x_wconf 76' lang='lat' dir='ltr'>Germani</span> <span class='ocrx_word' id='word_1_94' title='bbox 1541 1013 1555 1031; x_wconf 89' lang='lat' dir='ltr'><strong>a</strong></span> <span class='ocrx_word' id='word_1_95' title='bbox 1571 1003 1661 1032; x_wconf 82' lang='lat' dir='ltr'><strong>Piatis</strong></span> 
     </span>
     <span class='ocr_line' id='line_1_11' title="bbox 94 1040 1653 1089; baseline 0.005 -19"><span class='ocrx_word' id='word_1_96' title='bbox 94 1042 173 1071; x_wconf 85' lang='lat' dir='ltr'><strong>Prior</strong></span> <span class='ocrx_word' id='word_1_97' title='bbox 186 1048 237 1078; x_wconf 81' lang='lat' dir='ltr'><strong>est;</strong></span> <span class='ocrx_word' id='word_1_98' title='bbox 253 1048 279 1069; x_wconf 89' lang='lat' dir='ltr'><strong>et</strong></span> <span class='ocrx_word' id='word_1_99' title='bbox 292 1052 307 1069; x_wconf 83' lang='lat' dir='ltr'><strong>a</strong></span> <span class='ocrx_word' id='word_1_100' title='bbox 320 1042 354 1069; x_wconf 82' lang='lat' dir='ltr'><strong>D.</strong></span> <span class='ocrx_word' id='word_1_101' title='bbox 371 1040 487 1079; x_wconf 84' lang='lat' dir='ltr'><strong>Joscpho</strong></span> <span class='ocrx_word' id='word_1_102' title='bbox 501 1040 579 1069; x_wconf 77' lang='lat' dir='ltr'><strong>Avril</strong></span> <span class='ocrx_word' id='word_1_103' title='bbox 591 1063 600 1077; x_wconf 79' lang='lat'><em>,</em></span> <span class='ocrx_word' id='word_1_104' title='bbox 619 1041 676 1079; x_wconf 78' lang='lat' dir='ltr'><strong>ejus</strong></span> <span class='ocrx_word' id='word_1_105' title='bbox 691 1040 838 1078; x_wconf 83' lang='lat' dir='ltr'><strong>socio‚jam</strong></span> <span class='ocrx_word' id='word_1_106' title='bbox 854 1041 880 1069; x_wconf 89' lang='lat' dir='ltr'><strong>in</strong></span> <span class='ocrx_word' id='word_1_107' title='bbox 896 1042 1056 1070; x_wconf 88' lang='lat' dir='ltr'><strong>monasterio</strong></span> <span class='ocrx_word' id='word_1_108' title='bbox 1070 1043 1222 1071; x_wconf 78' lang='lat' dir='ltr'><strong>Coi-beiensi</strong></span> <span class='ocrx_word' id='word_1_109' title='bbox 1239 1044 1330 1073; x_wconf 84' lang='lat' dir='ltr'><strong>Priore</strong></span> <span class='ocrx_word' id='word_1_110' title='bbox 1341 1068 1348 1081; x_wconf 94' lang='lat'>,</span> <span class='ocrx_word' id='word_1_111' title='bbox 1371 1047 1417 1084; x_wconf 87' lang='lat' dir='ltr'><strong>qui</strong></span> <span class='ocrx_word' id='word_1_112' title='bbox 1443 1048 1523 1077; x_wconf 79' lang='lat' dir='ltr'><strong>ambo</strong></span> <span class='ocrx_word' id='word_1_113' title='bbox 1538 1059 1653 1089; x_wconf 79' lang='lat' dir='ltr'><strong>semper,</strong></span> 
     </span>
     <span class='ocr_line' id='line_1_12' title="bbox 93 1086 1661 1132; baseline 0.004 -15"><span class='ocrx_word' id='word_1_114' title='bbox 93 1087 158 1117; x_wconf 88' lang='lat' dir='ltr'><strong>dum</strong></span> <span class='ocrx_word' id='word_1_115' title='bbox 172 1089 263 1117; x_wconf 81' lang='lat' dir='ltr'><strong>Romae</strong></span> <span class='ocrx_word' id='word_1_116' title='bbox 275 1095 369 1122; x_wconf 86' lang='lat' dir='ltr'><strong>essent,</strong></span> <span class='ocrx_word' id='word_1_117' title='bbox 386 1086 520 1115; x_wconf 80' lang='lat' dir='ltr'><strong>assiduam</strong></span> <span class='ocrx_word' id='word_1_118' title='bbox 533 1086 599 1115; x_wconf 83' lang='lat' dir='ltr'><strong>milii</strong></span> <span class='ocrx_word' id='word_1_119' title='bbox 618 1087 766 1126; x_wconf 80' lang='lat' dir='ltr'><strong>praestitere</strong></span> <span class='ocrx_word' id='word_1_120' title='bbox 781 1098 899 1126; x_wconf 83' lang='lat' dir='ltr'><strong>operam.</strong></span> <span class='ocrx_word' id='word_1_121' title='bbox 915 1088 999 1125; x_wconf 90' lang='lat' dir='ltr'><strong>[Quin</strong></span> <span class='ocrx_word' id='word_1_122' title='bbox 1014 1089 1135 1127; x_wconf 79' lang='lat' dir='ltr'><strong>genuiuae</strong></span> <span class='ocrx_word' id='word_1_123' title='bbox 1147 1090 1200 1118; x_wconf 82' lang='lat' dir='ltr'><strong>sint</strong></span> <span class='ocrx_word' id='word_1_124' title='bbox 1215 1102 1316 1127; x_wconf 76' lang='lat' dir='ltr'><strong>omnes,</strong></span> <span class='ocrx_word' id='word_1_125' title='bbox 1335 1093 1433 1121; x_wconf 84' lang='lat' dir='ltr'><strong>nemini</strong></span> <span class='ocrx_word' id='word_1_126' title='bbox 1447 1101 1600 1132; x_wconf 77' lang='lat' dir='ltr'><strong>potestesse</strong></span> <span class='ocrx_word' id='word_1_127' title='bbox 1610 1095 1661 1123; x_wconf 87' lang='lat' dir='ltr'><strong>du-</strong></span> 
     </span>
     <span class='ocr_line' id='line_1_13' title="bbox 95 1133 1661 1177; baseline 0.003 -13"><span class='ocrx_word' id='word_1_128' title='bbox 95 1135 172 1164; x_wconf 84' lang='lat' dir='ltr'><strong>bium</strong></span> <span class='ocrx_word' id='word_1_129' title='bbox 186 1135 233 1174; x_wconf 90' lang='lat' dir='ltr'><strong>qui</strong></span> <span class='ocrx_word' id='word_1_130' title='bbox 246 1135 288 1164; x_wconf 76' lang='lat' dir='ltr'><strong>vel</strong></span> <span class='ocrx_word' id='word_1_131' title='bbox 303 1134 399 1163; x_wconf 85' lang='lat' dir='ltr'><strong>leviter</strong></span> <span class='ocrx_word' id='word_1_132' title='bbox 413 1134 638 1173; x_wconf 78' lang='lat' dir='ltr'><strong>Chrysostomum</strong></span> <span class='ocrx_word' id='word_1_133' title='bbox 651 1133 835 1173; x_wconf 69' lang='lat' dir='ltr'>degustaverit</span> <span class='ocrx_word' id='word_1_134' title='bbox 852 1146 857 1161; x_wconf 90' lang='lat'>:</span> <span class='ocrx_word' id='word_1_135' title='bbox 873 1141 927 1163; x_wconf 85' lang='lat' dir='ltr'><strong>tani</strong></span> <span class='ocrx_word' id='word_1_136' title='bbox 942 1135 1095 1163; x_wconf 79' lang='lat' dir='ltr'><strong>manifestas</strong></span> <span class='ocrx_word' id='word_1_137' title='bbox 1112 1135 1211 1175; x_wconf 78' lang='lat' dir='ltr'><strong>ingenii</strong></span> <span class='ocrx_word' id='word_1_138' title='bbox 1226 1144 1249 1165; x_wconf 86' lang='lat' dir='ltr'><strong>et</strong></span> <span class='ocrx_word' id='word_1_139' title='bbox 1262 1137 1395 1166; x_wconf 79' lang='lat' dir='ltr'><strong>sacundiae</strong></span> <span class='ocrx_word' id='word_1_140' title='bbox 1412 1140 1469 1177; x_wconf 85' lang='lat' dir='ltr'><strong>ejus</strong></span> <span class='ocrx_word' id='word_1_141' title='bbox 1483 1139 1524 1167; x_wconf 74' lang='lat' dir='ltr'><strong>lun</strong></span> <span class='ocrx_word' id='word_1_142' title='bbox 1543 1140 1661 1169; x_wconf 58' lang='lat' dir='ltr'><strong>homiliae</strong></span> 
     </span>
     <span class='ocr_line' id='line_1_14' title="bbox 94 1180 1660 1222; baseline 0.003 -12"><span class='ocrx_word' id='word_1_143' title='bbox 94 1193 150 1221; x_wconf 81' lang='lat' dir='ltr'><strong>prae</strong></span> <span class='ocrx_word' id='word_1_144' title='bbox 164 1193 191 1211; x_wconf 87' lang='lat' dir='ltr'><strong>se</strong></span> <span class='ocrx_word' id='word_1_145' title='bbox 209 1182 297 1210; x_wconf 80' lang='lat' dir='ltr'><strong>ferunt</strong></span> <span class='ocrx_word' id='word_1_146' title='bbox 315 1187 400 1210; x_wconf 83' lang='lat' dir='ltr'><strong>notas.</strong></span> <span class='ocrx_word' id='word_1_147' title='bbox 425 1182 517 1219; x_wconf 73' lang='lat' dir='ltr'><strong>Neque</strong></span> <span class='ocrx_word' id='word_1_148' title='bbox 533 1180 606 1209; x_wconf 82' lang='lat' dir='ltr'><strong>deest</strong></span> <span class='ocrx_word' id='word_1_149' title='bbox 620 1192 650 1210; x_wconf 88' lang='lat' dir='ltr'><strong>ea</strong></span> <span class='ocrx_word' id='word_1_150' title='bbox 665 1181 698 1209; x_wconf 88' lang='lat' dir='ltr'><strong>de</strong></span> <span class='ocrx_word' id='word_1_151' title='bbox 713 1192 741 1209; x_wconf 88' lang='lat' dir='ltr'><strong>ie</strong></span> <span class='ocrx_word' id='word_1_152' title='bbox 756 1191 834 1210; x_wconf 92' lang='lat' dir='ltr'><strong>omne</strong></span> <span class='ocrx_word' id='word_1_153' title='bbox 847 1181 920 1210; x_wconf 86' lang='lat' dir='ltr'><strong>aliud</strong></span> <span class='ocrx_word' id='word_1_154' title='bbox 935 1182 1132 1219; x_wconf 82' lang='lat' dir='ltr'><strong>testimonium,</strong></span> <span class='ocrx_word' id='word_1_155' title='bbox 1147 1190 1177 1211; x_wconf 90' lang='lat' dir='ltr'><strong>ut</strong></span> <span class='ocrx_word' id='word_1_156' title='bbox 1191 1183 1315 1222; x_wconf 79' lang='lat' dir='ltr'><strong>opinatus</strong></span> <span class='ocrx_word' id='word_1_157' title='bbox 1330 1192 1385 1213; x_wconf 85' lang='lat' dir='ltr'><strong>erat</strong></span> <span class='ocrx_word' id='word_1_158' title='bbox 1399 1186 1621 1215; x_wconf 81' lang='lat' dir='ltr'><strong>Montefalconius</strong></span> <span class='ocrx_word' id='word_1_159' title='bbox 1632 1187 1660 1215; x_wconf 85' lang='lat' dir='ltr'><strong>iu</strong></span> 
     </span>
     <span class='ocr_line' id='line_1_15' title="bbox 96 1227 1661 1270; baseline 0.003 -13"><span class='ocrx_word' id='word_1_160' title='bbox 96 1228 254 1257; x_wconf 80' lang='lat' dir='ltr'><strong>Praefatione</strong></span> <span class='ocrx_word' id='word_1_161' title='bbox 279 1228 314 1257; x_wconf 79' lang='lat' dir='ltr'><strong>ad</strong></span> <span class='ocrx_word' id='word_1_162' title='bbox 329 1228 540 1257; x_wconf 72' lang='lat' dir='ltr'><strong>Commentarios</strong></span> <span class='ocrx_word' id='word_1_163' title='bbox 554 1228 581 1256; x_wconf 90' lang='lat' dir='ltr'><strong>in</strong></span> <span class='ocrx_word' id='word_1_164' title='bbox 596 1227 702 1267; x_wconf 75' lang='lat' dir='ltr'><strong>Evang.</strong></span> <span class='ocrx_word' id='word_1_165' title='bbox 723 1229 843 1258; x_wconf 85' lang='lat' dir='ltr'><strong>Joannis.</strong></span> <span class='ocrx_word' id='word_1_166' title='bbox 859 1228 999 1258; x_wconf 78' lang='lat' dir='ltr'>Laudatur</span> <span class='ocrx_word' id='word_1_167' title='bbox 1016 1229 1086 1258; x_wconf 83' lang='lat' dir='ltr'><strong>enim</strong></span> <span class='ocrx_word' id='word_1_168' title='bbox 1111 1230 1185 1258; x_wconf 81' lang='lat' dir='ltr'><strong>locus</strong></span> <span class='ocrx_word' id='word_1_169' title='bbox 1200 1229 1313 1269; x_wconf 79' lang='lat' dir='ltr'><strong>insignis</strong></span> <span class='ocrx_word' id='word_1_170' title='bbox 1334 1241 1367 1259; x_wconf 77' lang='lat' dir='ltr'><strong>ex</strong></span> <span class='ocrx_word' id='word_1_171' title='bbox 1387 1231 1500 1270; x_wconf 83' lang='lat' dir='ltr'><strong>septima</strong></span> <span class='ocrx_word' id='word_1_172' title='bbox 1523 1233 1642 1261; x_wconf 81' lang='lat' dir='ltr'><strong>oratiore</strong></span> <span class='ocrx_word' id='word_1_173' title='bbox 1653 1257 1661 1268; x_wconf 86' lang='lat'>‚</span> 
     </span>
     <span class='ocr_line' id='line_1_16' title="bbox 97 1275 1661 1315; baseline 0.003 -11"><span class='ocrx_word' id='word_1_174' title='bbox 97 1275 282 1315; x_wconf 76' lang='lat' dir='ltr'><strong>Chrysostomi</strong></span> <span class='ocrx_word' id='word_1_175' title='bbox 295 1275 412 1311; x_wconf 90' lang='lat' dir='ltr'><strong>nomine,</strong></span> <span class='ocrx_word' id='word_1_176' title='bbox 429 1275 456 1304; x_wconf 90' lang='lat' dir='ltr'><strong>in</strong></span> <span class='ocrx_word' id='word_1_177' title='bbox 470 1275 586 1304; x_wconf 84' lang='lat' dir='ltr'><strong>Scholiis</strong></span> <span class='ocrx_word' id='word_1_178' title='bbox 601 1275 764 1304; x_wconf 74' lang='lat' dir='ltr'><strong>OEcumenii</strong></span> <span class='ocrx_word' id='word_1_179' title='bbox 780 1282 800 1304; x_wconf 92' lang='lat' dir='ltr'><strong>t.</strong></span> <span class='ocrx_word' id='word_1_180' title='bbox 815 1277 844 1311; x_wconf 64' lang='grc' dir='ltr'><strong>ἱ),</strong></span> <span class='ocrx_word' id='word_1_181' title='bbox 864 1287 890 1315; x_wconf 88' lang='lat' dir='ltr'><strong>p.</strong></span> <span class='ocrx_word' id='word_1_182' title='bbox 906 1275 954 1312; x_wconf 79' lang='lat'><strong>68,</strong></span> <span class='ocrx_word' id='word_1_183' title='bbox 969 1276 1001 1312; x_wconf 87' lang='lat' dir='ltr'><strong>B,</strong></span> <span class='ocrx_word' id='word_1_184' title='bbox 1015 1282 1040 1304; x_wconf 81' lang='lat' dir='ltr'><strong>et</strong></span> <span class='ocrx_word' id='word_1_185' title='bbox 1060 1286 1093 1304; x_wconf 74' lang='lat' dir='ltr'><strong>ex</strong></span> <span class='ocrx_word' id='word_1_186' title='bbox 1113 1283 1207 1305; x_wconf 74' lang='lat' dir='ltr'><strong>octava</strong></span> <span class='ocrx_word' id='word_1_187' title='bbox 1221 1277 1343 1315; x_wconf 64' lang='lat' dir='ltr'><strong>quaedam</strong></span> <span class='ocrx_word' id='word_1_188' title='bbox 1359 1285 1505 1307; x_wconf 90' lang='lat' dir='ltr'><strong>occurrunt</strong></span> <span class='ocrx_word' id='word_1_189' title='bbox 1520 1279 1547 1307; x_wconf 87' lang='lat' dir='ltr'><strong>in</strong></span> <span class='ocrx_word' id='word_1_190' title='bbox 1562 1279 1661 1308; x_wconf 80' lang='lat' dir='ltr'><strong>Cateua</strong></span> 
     </span>
     <span class='ocr_line' id='line_1_17' title="bbox 94 1322 1326 1362; baseline 0.002 -12"><span class='ocrx_word' id='word_1_191' title='bbox 94 1322 193 1351; x_wconf 83' lang='lat' dir='ltr'><strong>Nicetae</strong></span> <span class='ocrx_word' id='word_1_192' title='bbox 206 1322 240 1350; x_wconf 89' lang='lat' dir='ltr'><strong>ad</strong></span> <span class='ocrx_word' id='word_1_193' title='bbox 255 1322 415 1351; x_wconf 80' lang='lat' dir='ltr'><strong>Matthaeum</strong></span> <span class='ocrx_word' id='word_1_194' title='bbox 428 1333 454 1361; x_wconf 88' lang='lat' dir='ltr'><strong>p.</strong></span> <span class='ocrx_word' id='word_1_195' title='bbox 468 1323 516 1357; x_wconf 83' lang='lat'><strong>55,</strong></span> <span class='ocrx_word' id='word_1_196' title='bbox 529 1329 587 1350; x_wconf 90' lang='lat' dir='ltr'><strong>tum</strong></span> <span class='ocrx_word' id='word_1_197' title='bbox 603 1323 630 1350; x_wconf 88' lang='lat' dir='ltr'><strong>in</strong></span> <span class='ocrx_word' id='word_1_198' title='bbox 643 1322 805 1351; x_wconf 88' lang='lat' dir='ltr'><strong>Collectionc</strong></span> <span class='ocrx_word' id='word_1_199' title='bbox 820 1333 890 1351; x_wconf 72' lang='lat' dir='ltr'><strong>nova</strong></span> <span class='ocrx_word' id='word_1_200' title='bbox 900 1323 1011 1350; x_wconf 83' lang='lat' dir='ltr'><strong>Patrum</strong></span> <span class='ocrx_word' id='word_1_201' title='bbox 1022 1323 1133 1352; x_wconf 80' lang='lat' dir='ltr'><strong>Montes.</strong></span> <span class='ocrx_word' id='word_1_202' title='bbox 1144 1329 1162 1351; x_wconf 92' lang='lat' dir='ltr'><strong>t.</strong></span> <span class='ocrx_word' id='word_1_203' title='bbox 1180 1325 1208 1359; x_wconf 67' lang='lat'><strong>9,</strong></span> <span class='ocrx_word' id='word_1_204' title='bbox 1219 1334 1244 1362; x_wconf 78' lang='lat' dir='ltr'><strong>p.</strong></span> <span class='ocrx_word' id='word_1_205' title='bbox 1262 1325 1326 1361; x_wconf 33' lang='lat'><strong>95⁴]</strong></span> 
     </span>
    </p>

    <p class='ocr_par' dir='ltr' id='par_1_7' title="bbox 86 1370 1660 2559">
     <span class='ocr_line' id='line_1_18' title="bbox 133 1370 1660 1414; baseline 0.003 -15"><span class='ocrx_word' id='word_1_206' title='bbox 133 1370 268 1409; x_wconf 80' lang='lat' dir='ltr'><strong>Quodque</strong></span> <span class='ocrx_word' id='word_1_207' title='bbox 278 1381 388 1410; x_wconf 87' lang='lat' dir='ltr'><strong>prorsus</strong></span> <span class='ocrx_word' id='word_1_208' title='bbox 402 1381 500 1399; x_wconf 76' lang='lat' dir='ltr'><strong>novum</strong></span> <span class='ocrx_word' id='word_1_209' title='bbox 513 1371 705 1409; x_wconf 86' lang='lat' dir='ltr'><strong>insolitumque</strong></span> <span class='ocrx_word' id='word_1_210' title='bbox 719 1378 766 1407; x_wconf 85' lang='lat' dir='ltr'><strong>est,</strong></span> <span class='ocrx_word' id='word_1_211' title='bbox 777 1377 856 1410; x_wconf 84' lang='lat' dir='ltr'><strong>atque</strong></span> <span class='ocrx_word' id='word_1_212' title='bbox 868 1371 991 1400; x_wconf 78' lang='lat' dir='ltr'>utilitatis</span> <span class='ocrx_word' id='word_1_213' title='bbox 1006 1371 1122 1400; x_wconf 87' lang='lat' dir='ltr'><strong>multum</strong></span> <span class='ocrx_word' id='word_1_214' title='bbox 1133 1372 1226 1409; x_wconf 81' lang='lat' dir='ltr'><strong>affert,</strong></span> <span class='ocrx_word' id='word_1_215' title='bbox 1240 1372 1281 1401; x_wconf 81' lang='lat' dir='ltr'><strong>hae</strong></span> <span class='ocrx_word' id='word_1_216' title='bbox 1301 1372 1418 1401; x_wconf 63' lang='lat' dir='ltr'><strong>homiliae</strong></span> <span class='ocrx_word' id='word_1_217' title='bbox 1433 1372 1573 1414; x_wconf 71' lang='lat' dir='ltr'><strong>descripta:</strong></span> <span class='ocrx_word' id='word_1_218' title='bbox 1586 1375 1660 1404; x_wconf 80' lang='lat' dir='ltr'><strong>fuere</strong></span> 
     </span>
     <span class='ocr_line' id='line_1_19' title="bbox 93 1419 1657 1459; baseline 0.003 -10"><span class='ocrx_word' id='word_1_219' title='bbox 93 1431 108 1449; x_wconf 83' lang='lat' dir='ltr'><strong>a</strong></span> <span class='ocrx_word' id='word_1_220' title='bbox 127 1420 245 1459; x_wconf 83' lang='lat' dir='ltr'><strong>quodam</strong></span> <span class='ocrx_word' id='word_1_221' title='bbox 257 1443 266 1457; x_wconf 87' lang='lat'><em>‚</em></span> <span class='ocrx_word' id='word_1_222' title='bbox 283 1421 329 1459; x_wconf 86' lang='lat' dir='ltr'><strong>qui</strong></span> <span class='ocrx_word' id='word_1_223' title='bbox 347 1421 376 1449; x_wconf 88' lang='lat' dir='ltr'><strong>S.</strong></span> <span class='ocrx_word' id='word_1_224' title='bbox 394 1419 512 1449; x_wconf 85' lang='lat' dir='ltr'><strong>doctoris</strong></span> <span class='ocrx_word' id='word_1_225' title='bbox 527 1419 603 1448; x_wconf 86' lang='lat' dir='ltr'><strong>lateri</strong></span> <span class='ocrx_word' id='word_1_226' title='bbox 619 1419 727 1448; x_wconf 77' lang='lat' dir='ltr'><strong>haesisse</strong></span> <span class='ocrx_word' id='word_1_227' title='bbox 742 1419 968 1459; x_wconf 82' lang='lat' dir='ltr'><strong>videtur‚quique</strong></span> <span class='ocrx_word' id='word_1_228' title='bbox 980 1421 1006 1449; x_wconf 86' lang='lat' dir='ltr'><strong>in</strong></span> <span class='ocrx_word' id='word_1_229' title='bbox 1022 1421 1196 1450; x_wconf 79' lang='lat' dir='ltr'>homiliarum</span> <span class='ocrx_word' id='word_1_230' title='bbox 1210 1422 1295 1451; x_wconf 87' lang='lat' dir='ltr'><strong>titulis</strong></span> <span class='ocrx_word' id='word_1_231' title='bbox 1309 1423 1367 1452; x_wconf 83' lang='lat' dir='ltr'><strong>loca</strong></span> <span class='ocrx_word' id='word_1_232' title='bbox 1383 1424 1459 1453; x_wconf 82' lang='lat' dir='ltr'><strong>refert</strong></span> <span class='ocrx_word' id='word_1_233' title='bbox 1476 1425 1523 1453; x_wconf 86' lang='lat' dir='ltr'><strong>ubi</strong></span> <span class='ocrx_word' id='word_1_234' title='bbox 1538 1425 1657 1454; x_wconf 63' lang='lat' dir='ltr'><strong>homiliae</strong></span> 
     </span>
     <span class='ocr_line' id='line_1_20' title="bbox 93 1467 1658 1511; baseline 0.003 -14"><span class='ocrx_word' id='word_1_235' title='bbox 93 1468 192 1497; x_wconf 76' lang='lat' dir='ltr'><strong>habitae</strong></span> <span class='ocrx_word' id='word_1_236' title='bbox 207 1475 285 1503; x_wconf 86' lang='lat' dir='ltr'><strong>sunt,</strong></span> <span class='ocrx_word' id='word_1_237' title='bbox 301 1475 326 1496; x_wconf 83' lang='lat' dir='ltr'><strong>et</strong></span> <span class='ocrx_word' id='word_1_238' title='bbox 343 1478 412 1506; x_wconf 62' lang='lat' dir='ltr'><strong>saepe</strong></span> <span class='ocrx_word' id='word_1_239' title='bbox 424 1478 531 1496; x_wconf 83' lang='lat' dir='ltr'><strong>causam</strong></span> <span class='ocrx_word' id='word_1_240' title='bbox 542 1479 590 1496; x_wconf 91' lang='lat' dir='ltr'><strong>cur</strong></span> <span class='ocrx_word' id='word_1_241' title='bbox 603 1467 775 1496; x_wconf 84' lang='lat' dir='ltr'><strong>concionatus</strong></span> <span class='ocrx_word' id='word_1_242' title='bbox 799 1469 833 1497; x_wconf 88' lang='lat' dir='ltr'><strong>sit</strong></span> <span class='ocrx_word' id='word_1_243' title='bbox 857 1468 976 1505; x_wconf 85' lang='lat' dir='ltr'><strong>indicat,</strong></span> <span class='ocrx_word' id='word_1_244' title='bbox 994 1480 1025 1498; x_wconf 87' lang='lat' dir='ltr'><strong>ac</strong></span> <span class='ocrx_word' id='word_1_245' title='bbox 1048 1480 1100 1498; x_wconf 88' lang='lat' dir='ltr'><strong>non</strong></span> <span class='ocrx_word' id='word_1_246' title='bbox 1116 1480 1199 1509; x_wconf 82' lang='lat' dir='ltr'><strong>pauca</strong></span> <span class='ocrx_word' id='word_1_247' title='bbox 1217 1470 1249 1498; x_wconf 92' lang='lat' dir='ltr'><strong>ad</strong></span> <span class='ocrx_word' id='word_1_248' title='bbox 1266 1470 1406 1500; x_wconf 78' lang='lat' dir='ltr'><strong>historiam</strong></span> <span class='ocrx_word' id='word_1_249' title='bbox 1428 1473 1588 1511; x_wconf 78' lang='lat' dir='ltr'><strong>pertinentia</strong></span> <span class='ocrx_word' id='word_1_250' title='bbox 1608 1473 1658 1501; x_wconf 71' lang='lat' dir='ltr'><strong>ad-</strong></span> 
     </span>
     <span class='ocr_line' id='line_1_21' title="bbox 93 1515 1660 1558; baseline 0.003 -13"><span class='ocrx_word' id='word_1_251' title='bbox 93 1516 194 1545; x_wconf 87' lang='lat' dir='ltr'>miscet.</span> <span class='ocrx_word' id='word_1_252' title='bbox 208 1517 220 1553; x_wconf 94' lang='lat'>[</span> <span class='ocrx_word' id='word_1_253' title='bbox 232 1516 324 1545; x_wconf 85' lang='lat' dir='ltr'><strong>Minus</strong></span> <span class='ocrx_word' id='word_1_254' title='bbox 340 1516 456 1554; x_wconf 80' lang='lat' dir='ltr'><strong>benigne</strong></span> <span class='ocrx_word' id='word_1_255' title='bbox 469 1515 503 1544; x_wconf 91' lang='lat' dir='ltr'><strong>de</strong></span> <span class='ocrx_word' id='word_1_256' title='bbox 525 1515 575 1545; x_wconf 89' lang='lat' dir='ltr'><strong>hoc</strong></span> <span class='ocrx_word' id='word_1_257' title='bbox 598 1516 684 1544; x_wconf 84' lang='lat' dir='ltr'><strong>scriba</strong></span> <span class='ocrx_word' id='word_1_258' title='bbox 697 1515 806 1555; x_wconf 88' lang='lat' dir='ltr'><strong>judicat</strong></span> <span class='ocrx_word' id='word_1_259' title='bbox 825 1516 992 1554; x_wconf 78' lang='lat' dir='ltr'><strong>Matihaeius‚</strong></span> <span class='ocrx_word' id='word_1_260' title='bbox 1007 1528 1085 1555; x_wconf 87' lang='lat' dir='ltr'><strong>quem</strong></span> <span class='ocrx_word' id='word_1_261' title='bbox 1101 1518 1162 1546; x_wconf 73' lang='lat' dir='ltr'><strong>vide</strong></span> <span class='ocrx_word' id='word_1_262' title='bbox 1176 1517 1208 1546; x_wconf 89' lang='lat' dir='ltr'><strong>ad</strong></span> <span class='ocrx_word' id='word_1_263' title='bbox 1235 1518 1343 1547; x_wconf 89' lang='lat' dir='ltr'><strong>initium</strong></span> <span class='ocrx_word' id='word_1_264' title='bbox 1358 1519 1431 1548; x_wconf 87' lang='lat' dir='ltr'><strong>hom.</strong></span> <span class='ocrx_word' id='word_1_265' title='bbox 1446 1519 1513 1558; x_wconf 61' lang='lat' dir='ltr'><strong>IX]</strong></span> <span class='ocrx_word' id='word_1_266' title='bbox 1531 1520 1660 1549; x_wconf 83' lang='lat' dir='ltr'><strong>Certissi-</strong></span> 
     </span>
     <span class='ocr_line' id='line_1_22' title="bbox 92 1564 1658 1604; baseline 0.003 -12"><span class='ocrx_word' id='word_1_267' title='bbox 92 1574 220 1603; x_wconf 88' lang='lat' dir='ltr'><strong>mumque</strong></span> <span class='ocrx_word' id='word_1_268' title='bbox 229 1571 268 1593; x_wconf 86' lang='lat' dir='ltr'><strong>est</strong></span> <span class='ocrx_word' id='word_1_269' title='bbox 282 1564 342 1592; x_wconf 81' lang='lat' dir='ltr'><strong>illas</strong></span> <span class='ocrx_word' id='word_1_270' title='bbox 357 1564 587 1604; x_wconf 77' lang='lat' dir='ltr'><strong>Constantinopoli</strong></span> <span class='ocrx_word' id='word_1_271' title='bbox 600 1564 705 1593; x_wconf 83' lang='lat' dir='ltr'><strong>habitas</strong></span> <span class='ocrx_word' id='word_1_272' title='bbox 719 1565 801 1594; x_wconf 80' lang='lat' dir='ltr'><strong>fuisse</strong></span> <span class='ocrx_word' id='word_1_273' title='bbox 815 1575 959 1603; x_wconf 89' lang='lat' dir='ltr'><strong>omnesque</strong></span> <span class='ocrx_word' id='word_1_274' title='bbox 969 1565 1047 1594; x_wconf 90' lang='lat' dir='ltr'><strong>annis</strong></span> <span class='ocrx_word' id='word_1_275' title='bbox 1060 1566 1119 1595; x_wconf 78' lang='lat'><strong>598</strong></span> <span class='ocrx_word' id='word_1_276' title='bbox 1133 1573 1157 1594; x_wconf 87' lang='lat' dir='ltr'><strong>et</strong></span> <span class='ocrx_word' id='word_1_277' title='bbox 1169 1567 1239 1595; x_wconf 79' lang='lat'>599.</span> <span class='ocrx_word' id='word_1_278' title='bbox 1261 1569 1303 1595; x_wconf 90' lang='lat' dir='ltr'><strong>An</strong></span> <span class='ocrx_word' id='word_1_279' title='bbox 1316 1578 1380 1596; x_wconf 75' lang='lat' dir='ltr'><strong>vero</strong></span> <span class='ocrx_word' id='word_1_280' title='bbox 1395 1568 1560 1597; x_wconf 83' lang='lat' dir='ltr'><strong>continenter</strong></span> <span class='ocrx_word' id='word_1_281' title='bbox 1574 1576 1599 1597; x_wconf 90' lang='lat' dir='ltr'><strong>et</strong></span> <span class='ocrx_word' id='word_1_282' title='bbox 1610 1570 1658 1598; x_wconf 89' lang='lat' dir='ltr'><strong>illo</strong></span> 
     </span>
     <span class='ocr_line' id='line_1_23' title="bbox 92 1610 1653 1653; baseline 0.003 -14"><span class='ocrx_word' id='word_1_283' title='bbox 92 1622 146 1651; x_wconf 91' lang='lat' dir='ltr'><strong>quo</strong></span> <span class='ocrx_word' id='word_1_284' title='bbox 159 1611 258 1640; x_wconf 62' lang='lat' dir='ltr'><strong>habitae</strong></span> <span class='ocrx_word' id='word_1_285' title='bbox 276 1612 348 1639; x_wconf 85' lang='lat' dir='ltr'><strong>fuere</strong></span> <span class='ocrx_word' id='word_1_286' title='bbox 361 1610 456 1639; x_wconf 78' lang='lat' dir='ltr'><strong>ordine</strong></span> <span class='ocrx_word' id='word_1_287' title='bbox 470 1611 515 1640; x_wconf 87' lang='lat' dir='ltr'><strong>hic</strong></span> <span class='ocrx_word' id='word_1_288' title='bbox 529 1612 694 1649; x_wconf 86' lang='lat' dir='ltr'><strong>reserantur,</strong></span> <span class='ocrx_word' id='word_1_289' title='bbox 708 1611 742 1640; x_wconf 85' lang='lat' dir='ltr'><strong>de</strong></span> <span class='ocrx_word' id='word_1_290' title='bbox 756 1612 850 1640; x_wconf 90' lang='lat' dir='ltr'><strong>multis</strong></span> <span class='ocrx_word' id='word_1_291' title='bbox 860 1611 995 1650; x_wconf 88' lang='lat' dir='ltr'><strong>liquidum</strong></span> <span class='ocrx_word' id='word_1_292' title='bbox 1009 1619 1062 1647; x_wconf 86' lang='lat' dir='ltr'><strong>est,</strong></span> <span class='ocrx_word' id='word_1_293' title='bbox 1080 1612 1114 1641; x_wconf 87' lang='lat' dir='ltr'><strong>de</strong></span> <span class='ocrx_word' id='word_1_294' title='bbox 1126 1613 1252 1642; x_wconf 87' lang='lat' dir='ltr'><strong>omnibus</strong></span> <span class='ocrx_word' id='word_1_295' title='bbox 1267 1613 1404 1643; x_wconf 83' lang='lat' dir='ltr'><strong>affirmare</strong></span> <span class='ocrx_word' id='word_1_296' title='bbox 1419 1625 1471 1643; x_wconf 87' lang='lat' dir='ltr'><strong>non</strong></span> <span class='ocrx_word' id='word_1_297' title='bbox 1489 1615 1591 1653; x_wconf 86' lang='lat' dir='ltr'><strong>ausim;</strong></span> <span class='ocrx_word' id='word_1_298' title='bbox 1608 1623 1653 1644; x_wconf 82' lang='lat' dir='ltr'><strong>ta-</strong></span> 
     </span>
     <span class='ocr_line' id='line_1_24' title="bbox 92 1658 1657 1702; baseline 0.002 -14"><span class='ocrx_word' id='word_1_299' title='bbox 92 1669 204 1698; x_wconf 88' lang='lat' dir='ltr'><strong>menque</strong></span> <span class='ocrx_word' id='word_1_300' title='bbox 219 1658 365 1688; x_wconf 82' lang='lat' dir='ltr'><strong>verisimile</strong></span> <span class='ocrx_word' id='word_1_301' title='bbox 380 1665 418 1687; x_wconf 87' lang='lat' dir='ltr'><strong>cst</strong></span> <span class='ocrx_word' id='word_1_302' title='bbox 430 1669 520 1687; x_wconf 88' lang='lat' dir='ltr'><strong>omnes</strong></span> <span class='ocrx_word' id='word_1_303' title='bbox 531 1658 587 1695; x_wconf 87' lang='lat' dir='ltr'><strong>illo,</strong></span> <span class='ocrx_word' id='word_1_304' title='bbox 600 1669 655 1697; x_wconf 91' lang='lat' dir='ltr'><strong>quo</strong></span> <span class='ocrx_word' id='word_1_305' title='bbox 666 1658 710 1687; x_wconf 89' lang='lat' dir='ltr'><strong>hic</strong></span> <span class='ocrx_word' id='word_1_306' title='bbox 724 1665 874 1698; x_wconf 89' lang='lat' dir='ltr'><strong>ponuntur,</strong></span> <span class='ocrx_word' id='word_1_307' title='bbox 885 1659 979 1688; x_wconf 81' lang='lat' dir='ltr'><strong>ordine</strong></span> <span class='ocrx_word' id='word_1_308' title='bbox 996 1659 1082 1688; x_wconf 89' lang='lat' dir='ltr'><strong>dictas</strong></span> <span class='ocrx_word' id='word_1_309' title='bbox 1095 1660 1185 1690; x_wconf 80' lang='lat' dir='ltr'><strong>fuisse.</strong></span> <span class='ocrx_word' id='word_1_310' title='bbox 1199 1660 1277 1698; x_wconf 86' lang='lat' dir='ltr'><strong>[Hac</strong></span> <span class='ocrx_word' id='word_1_311' title='bbox 1299 1660 1333 1690; x_wconf 89' lang='lat' dir='ltr'><strong>de</strong></span> <span class='ocrx_word' id='word_1_312' title='bbox 1353 1672 1381 1690; x_wconf 90' lang='lat' dir='ltr'><strong>re</strong></span> <span class='ocrx_word' id='word_1_313' title='bbox 1405 1661 1503 1690; x_wconf 89' lang='lat' dir='ltr'><strong>iterum</strong></span> <span class='ocrx_word' id='word_1_314' title='bbox 1516 1661 1657 1702; x_wconf 85' lang='lat' dir='ltr'><strong>disputans</strong></span> 
     </span>
     <span class='ocr_line' id='line_1_25' title="bbox 91 1707 1657 1750; baseline 0.003 -15"><span class='ocrx_word' id='word_1_315' title='bbox 91 1707 315 1736; x_wconf 80' lang='lat' dir='ltr'><strong>Montesalconius</strong></span> <span class='ocrx_word' id='word_1_316' title='bbox 329 1713 345 1735; x_wconf 88' lang='lat' dir='ltr'><strong>t.</strong></span> <span class='ocrx_word' id='word_1_317' title='bbox 365 1708 402 1735; x_wconf 84' lang='grc'><strong>15</strong></span> <span class='ocrx_word' id='word_1_318' title='bbox 415 1729 424 1744; x_wconf 84' lang='grc'>,</span> <span class='ocrx_word' id='word_1_319' title='bbox 440 1718 468 1746; x_wconf 90' lang='lat' dir='ltr'><strong>p.</strong></span> <span class='ocrx_word' id='word_1_320' title='bbox 484 1708 559 1742; x_wconf 56' lang='lat'><strong>152,</strong></span> <span class='ocrx_word' id='word_1_321' title='bbox 581 1707 632 1736; x_wconf 86' lang='lat' dir='ltr'><strong>col.</strong></span> <span class='ocrx_word' id='word_1_322' title='bbox 648 1709 658 1735; x_wconf 95' lang='grc'>1</span> <span class='ocrx_word' id='word_1_323' title='bbox 677 1729 686 1745; x_wconf 84' lang='lat'><em>‚</em></span> <span class='ocrx_word' id='word_1_324' title='bbox 702 1714 729 1736; x_wconf 84' lang='lat' dir='ltr'><strong>et</strong></span> <span class='ocrx_word' id='word_1_325' title='bbox 743 1719 769 1747; x_wconf 85' lang='lat' dir='ltr'><strong>p.</strong></span> <span class='ocrx_word' id='word_1_326' title='bbox 783 1708 851 1744; x_wconf 70' lang='lat'><strong>455,</strong></span> <span class='ocrx_word' id='word_1_327' title='bbox 866 1707 919 1736; x_wconf 89' lang='lat' dir='ltr'><strong>col.</strong></span> <span class='ocrx_word' id='word_1_328' title='bbox 935 1708 962 1744; x_wconf 89' lang='lat' dir='ltr'><strong>b,</strong></span> <span class='ocrx_word' id='word_1_329' title='bbox 976 1708 1124 1737; x_wconf 72' lang='lat' dir='ltr'><strong>verisimile</strong></span> <span class='ocrx_word' id='word_1_330' title='bbox 1144 1719 1200 1738; x_wconf 86' lang='lat' dir='ltr'><strong>esse</strong></span> <span class='ocrx_word' id='word_1_331' title='bbox 1213 1709 1251 1738; x_wconf 90' lang='lat' dir='ltr'><strong>ait</strong></span> <span class='ocrx_word' id='word_1_332' title='bbox 1265 1709 1332 1738; x_wconf 85' lang='lat' dir='ltr'><strong>alios</strong></span> <span class='ocrx_word' id='word_1_333' title='bbox 1347 1709 1421 1738; x_wconf 79' lang='lat' dir='ltr'><strong>haud</strong></span> <span class='ocrx_word' id='word_1_334' title='bbox 1434 1720 1533 1750; x_wconf 88' lang='lat' dir='ltr'><strong>paucos</strong></span> <span class='ocrx_word' id='word_1_335' title='bbox 1554 1721 1657 1739; x_wconf 80' lang='lat' dir='ltr'><strong>sermo-</strong></span> 
     </span>
     <span class='ocr_line' id='line_1_26' title="bbox 91 1755 1655 1797; baseline 0.003 -14"><span class='ocrx_word' id='word_1_336' title='bbox 91 1765 137 1783; x_wconf 84' lang='lat' dir='ltr'><strong>nes</strong></span> <span class='ocrx_word' id='word_1_337' title='bbox 156 1755 202 1794; x_wconf 91' lang='lat' dir='ltr'><strong>qui</strong></span> <span class='ocrx_word' id='word_1_338' title='bbox 214 1756 272 1794; x_wconf 88' lang='lat' dir='ltr'><strong>jam</strong></span> <span class='ocrx_word' id='word_1_339' title='bbox 288 1765 339 1783; x_wconf 92' lang='lat' dir='ltr'><strong>non</strong></span> <span class='ocrx_word' id='word_1_340' title='bbox 356 1762 472 1790; x_wconf 77' lang='lat' dir='ltr'><strong>exstent,</strong></span> <span class='ocrx_word' id='word_1_341' title='bbox 485 1755 528 1784; x_wconf 79' lang='lat' dir='ltr'><strong>vel</strong></span> <span class='ocrx_word' id='word_1_342' title='bbox 541 1755 610 1784; x_wconf 84' lang='lat' dir='ltr'><strong>inter</strong></span> <span class='ocrx_word' id='word_1_343' title='bbox 624 1755 710 1784; x_wconf 91' lang='lat' dir='ltr'><strong>editos</strong></span> <span class='ocrx_word' id='word_1_344' title='bbox 724 1755 803 1795; x_wconf 90' lang='lat' dir='ltr'><strong>positi</strong></span> <span class='ocrx_word' id='word_1_345' title='bbox 822 1756 885 1784; x_wconf 84' lang='lat' dir='ltr'><strong>anni</strong></span> <span class='ocrx_word' id='word_1_346' title='bbox 897 1763 985 1785; x_wconf 89' lang='lat' dir='ltr'><strong>notam</strong></span> <span class='ocrx_word' id='word_1_347' title='bbox 999 1756 1101 1785; x_wconf 88' lang='lat' dir='ltr'><strong>nullam</strong></span> <span class='ocrx_word' id='word_1_348' title='bbox 1120 1767 1175 1796; x_wconf 85' lang='lat' dir='ltr'><strong>prae</strong></span> <span class='ocrx_word' id='word_1_349' title='bbox 1190 1767 1217 1785; x_wconf 85' lang='lat' dir='ltr'><strong>sc</strong></span> <span class='ocrx_word' id='word_1_350' title='bbox 1230 1757 1327 1795; x_wconf 83' lang='lat' dir='ltr'><strong>serant,</strong></span> <span class='ocrx_word' id='word_1_351' title='bbox 1341 1757 1385 1786; x_wconf 84' lang='lat' dir='ltr'><strong>his</strong></span> <span class='ocrx_word' id='word_1_352' title='bbox 1400 1758 1480 1786; x_wconf 85' lang='lat' dir='ltr'><strong>fuisse</strong></span> <span class='ocrx_word' id='word_1_353' title='bbox 1495 1757 1655 1797; x_wconf 60' lang='lat' dir='ltr'><strong>interjectis.</strong></span> 
     </span>
     <span class='ocr_line' id='line_1_27' title="bbox 91 1801 1656 1845; baseline 0.003 -15"><span class='ocrx_word' id='word_1_354' title='bbox 91 1801 131 1830; x_wconf 87' lang='lat' dir='ltr'><strong>lta</strong></span> <span class='ocrx_word' id='word_1_355' title='bbox 145 1802 244 1831; x_wconf 63' lang='lat' dir='ltr'><strong>factum</strong></span> <span class='ocrx_word' id='word_1_356' title='bbox 255 1813 320 1838; x_wconf 83' lang='lat' dir='ltr'><strong>esse,</strong></span> <span class='ocrx_word' id='word_1_357' title='bbox 336 1809 407 1831; x_wconf 84' lang='lat' dir='ltr'><strong>certo</strong></span> <span class='ocrx_word' id='word_1_358' title='bbox 422 1809 507 1842; x_wconf 91' lang='lat' dir='ltr'><strong>potest</strong></span> <span class='ocrx_word' id='word_1_359' title='bbox 520 1803 660 1838; x_wconf 76' lang='lat' dir='ltr'><strong>affirmari,</strong></span> <span class='ocrx_word' id='word_1_360' title='bbox 673 1803 694 1832; x_wconf 91' lang='lat' dir='ltr'><strong>si</strong></span> <span class='ocrx_word' id='word_1_361' title='bbox 704 1803 814 1842; x_wconf 86' lang='lat' dir='ltr'><strong>quidem</strong></span> <span class='ocrx_word' id='word_1_362' title='bbox 826 1803 950 1832; x_wconf 86' lang='lat' dir='ltr'><strong>undecim</strong></span> <span class='ocrx_word' id='word_1_363' title='bbox 964 1803 1005 1832; x_wconf 84' lang='lat' dir='ltr'><strong>hae</strong></span> <span class='ocrx_word' id='word_1_364' title='bbox 1019 1804 1139 1833; x_wconf 63' lang='lat' dir='ltr'><strong>homilia}</strong></span> <span class='ocrx_word' id='word_1_365' title='bbox 1151 1804 1179 1832; x_wconf 92' lang='lat' dir='ltr'><strong>in</strong></span> <span class='ocrx_word' id='word_1_366' title='bbox 1194 1804 1297 1833; x_wconf 89' lang='lat' dir='ltr'><strong>biennii</strong></span> <span class='ocrx_word' id='word_1_367' title='bbox 1312 1806 1429 1844; x_wconf 80' lang='lat' dir='ltr'><strong>spatium</strong></span> <span class='ocrx_word' id='word_1_368' title='bbox 1441 1805 1552 1840; x_wconf 88' lang='lat' dir='ltr'><strong>cadunt,</strong></span> <span class='ocrx_word' id='word_1_369' title='bbox 1565 1806 1656 1845; x_wconf 85' lang='lat' dir='ltr'><strong>Chiy-</strong></span> 
     </span>
     <span class='ocr_line' id='line_1_28' title="bbox 89 1849 1655 1890; baseline 0.002 -13"><span class='ocrx_word' id='word_1_370' title='bbox 89 1856 238 1878; x_wconf 84' lang='lat' dir='ltr'><strong>sostomum</strong></span> <span class='ocrx_word' id='word_1_371' title='bbox 252 1857 341 1877; x_wconf 86' lang='lat' dir='ltr'><strong>autem</strong></span> <span class='ocrx_word' id='word_1_372' title='bbox 355 1850 454 1877; x_wconf 84' lang='lat' dir='ltr'><strong>scimus</strong></span> <span class='ocrx_word' id='word_1_373' title='bbox 465 1849 578 1887; x_wconf 81' lang='lat' dir='ltr'><strong>singulis</strong></span> <span class='ocrx_word' id='word_1_374' title='bbox 589 1849 815 1885; x_wconf 86' lang='lat' dir='ltr'><strong>hebdomadibus,</strong></span> <span class='ocrx_word' id='word_1_375' title='bbox 830 1850 876 1878; x_wconf 84' lang='lat' dir='ltr'><strong>ubi</strong></span> <span class='ocrx_word' id='word_1_376' title='bbox 893 1861 941 1889; x_wconf 81' lang='lat' dir='ltr'><strong>per</strong></span> <span class='ocrx_word' id='word_1_377' title='bbox 960 1850 1142 1879; x_wconf 74' lang='lat' dir='ltr'><strong>valetudinem</strong></span> <span class='ocrx_word' id='word_1_378' title='bbox 1163 1851 1266 1885; x_wconf 84' lang='lat' dir='ltr'><strong>liceret,</strong></span> <span class='ocrx_word' id='word_1_379' title='bbox 1284 1851 1425 1890; x_wconf 83' lang='lat' dir='ltr'><strong>aliquoties</strong></span> <span class='ocrx_word' id='word_1_380' title='bbox 1441 1862 1497 1880; x_wconf 87' lang='lat' dir='ltr'><strong>esse</strong></span> <span class='ocrx_word' id='word_1_381' title='bbox 1511 1852 1655 1881; x_wconf 83' lang='lat' dir='ltr'><strong>conciona-</strong></span> 
     </span>
     <span class='ocr_line' id='line_1_29' title="bbox 91 1897 1655 1929; baseline 0.002 -4"><span class='ocrx_word' id='word_1_382' title='bbox 91 1903 158 1925; x_wconf 79' lang='lat' dir='ltr'><strong>tum.</strong></span> <span class='ocrx_word' id='word_1_383' title='bbox 170 1899 259 1926; x_wconf 89' lang='lat' dir='ltr'><strong>Unam</strong></span> <span class='ocrx_word' id='word_1_384' title='bbox 275 1897 354 1926; x_wconf 85' lang='lat' dir='ltr'><strong>etiam</strong></span> <span class='ocrx_word' id='word_1_385' title='bbox 369 1904 395 1926; x_wconf 88' lang='lat' dir='ltr'><strong>et</strong></span> <span class='ocrx_word' id='word_1_386' title='bbox 409 1897 521 1926; x_wconf 81' lang='lat' dir='ltr'><strong>alteram</strong></span> <span class='ocrx_word' id='word_1_387' title='bbox 535 1907 569 1925; x_wconf 77' lang='lat' dir='ltr'><strong>ex</strong></span> <span class='ocrx_word' id='word_1_388' title='bbox 579 1897 658 1925; x_wconf 89' lang='lat' dir='ltr'><strong>editis</strong></span> <span class='ocrx_word' id='word_1_389' title='bbox 672 1897 740 1925; x_wconf 80' lang='lat' dir='ltr'><strong>infra</strong></span> <span class='ocrx_word' id='word_1_390' title='bbox 750 1897 981 1926; x_wconf 72' lang='lat' dir='ltr'><strong>demonstrabitur</strong></span> <span class='ocrx_word' id='word_1_391' title='bbox 1002 1898 1029 1927; x_wconf 90' lang='lat' dir='ltr'><strong>in</strong></span> <span class='ocrx_word' id='word_1_392' title='bbox 1045 1899 1114 1927; x_wconf 84' lang='lat' dir='ltr'><strong>hanc</strong></span> <span class='ocrx_word' id='word_1_393' title='bbox 1132 1900 1227 1928; x_wconf 89' lang='lat' dir='ltr'><strong>scriem</strong></span> <span class='ocrx_word' id='word_1_394' title='bbox 1243 1899 1386 1928; x_wconf 85' lang='lat' dir='ltr'><strong>trahendas</strong></span> <span class='ocrx_word' id='word_1_395' title='bbox 1396 1910 1468 1928; x_wconf 87' lang='lat' dir='ltr'><strong>esse:</strong></span> <span class='ocrx_word' id='word_1_396' title='bbox 1483 1900 1599 1929; x_wconf 76' lang='lat' dir='ltr'><strong>aliarum</strong></span> <span class='ocrx_word' id='word_1_397' title='bbox 1615 1901 1655 1929; x_wconf 84' lang='lat' dir='ltr'><strong>iii-</strong></span> 
     </span>
     <span class='ocr_line' id='line_1_30' title="bbox 91 1945 1653 1986; baseline 0.003 -13"><span class='ocrx_word' id='word_1_398' title='bbox 91 1952 235 1981; x_wconf 81' lang='lat' dir='ltr'><strong>certarum,</strong></span> <span class='ocrx_word' id='word_1_399' title='bbox 252 1956 319 1984; x_wconf 80' lang='lat' dir='ltr'><strong>quas</strong></span> <span class='ocrx_word' id='word_1_400' title='bbox 333 1945 552 1985; x_wconf 77' lang='lat' dir='ltr'><strong>pronuntiaverat</strong></span> <span class='ocrx_word' id='word_1_401' title='bbox 563 1952 664 1980; x_wconf 80' lang='lat' dir='ltr'><strong>orator,</strong></span> <span class='ocrx_word' id='word_1_402' title='bbox 689 1945 788 1974; x_wconf 85' lang='lat' dir='ltr'><strong>indicia</strong></span> <span class='ocrx_word' id='word_1_403' title='bbox 802 1946 905 1984; x_wconf 82' lang='lat' dir='ltr'><strong>aliquot</strong></span> <span class='ocrx_word' id='word_1_404' title='bbox 917 1947 1030 1975; x_wconf 84' lang='lat' dir='ltr'><strong>obscura</strong></span> <span class='ocrx_word' id='word_1_405' title='bbox 1045 1947 1271 1986; x_wconf 78' lang='lat' dir='ltr'><strong>deprehendimus</strong></span> <span class='ocrx_word' id='word_1_406' title='bbox 1285 1948 1311 1976; x_wconf 91' lang='lat' dir='ltr'><strong>in</strong></span> <span class='ocrx_word' id='word_1_407' title='bbox 1326 1948 1431 1976; x_wconf 87' lang='lat' dir='ltr'><strong>decima</strong></span> <span class='ocrx_word' id='word_1_408' title='bbox 1453 1955 1479 1977; x_wconf 82' lang='lat' dir='ltr'><strong>ct</strong></span> <span class='ocrx_word' id='word_1_409' title='bbox 1500 1948 1653 1978; x_wconf 82' lang='lat' dir='ltr'><strong>undecima.</strong></span> 
     </span>
     <span class='ocr_line' id='line_1_31' title="bbox 91 1992 1654 2033; baseline 0.003 -13"><span class='ocrx_word' id='word_1_410' title='bbox 91 1992 184 2030; x_wconf 84' lang='lat' dir='ltr'><strong>Neque</strong></span> <span class='ocrx_word' id='word_1_411' title='bbox 196 2003 259 2021; x_wconf 81' lang='lat' dir='ltr'><strong>vero</strong></span> <span class='ocrx_word' id='word_1_412' title='bbox 273 1992 395 2021; x_wconf 83' lang='lat' dir='ltr'><strong>ordinem</strong></span> <span class='ocrx_word' id='word_1_413' title='bbox 413 1992 549 2032; x_wconf 85' lang='lat' dir='ltr'><strong>temporis,</strong></span> <span class='ocrx_word' id='word_1_414' title='bbox 560 2002 613 2030; x_wconf 92' lang='lat' dir='ltr'><strong>quo</strong></span> <span class='ocrx_word' id='word_1_415' title='bbox 629 1992 774 2020; x_wconf 82' lang='lat' dir='ltr'><strong>inclinabat</strong></span> <span class='ocrx_word' id='word_1_416' title='bbox 789 1993 916 2020; x_wconf 83' lang='lat' dir='ltr'><strong>sententia</strong></span> <span class='ocrx_word' id='word_1_417' title='bbox 931 1993 1144 2031; x_wconf 79' lang='lat' dir='ltr'><strong>Montefalconii,</strong></span> <span class='ocrx_word' id='word_1_418' title='bbox 1161 1994 1187 2022; x_wconf 86' lang='lat' dir='ltr'><strong>in</strong></span> <span class='ocrx_word' id='word_1_419' title='bbox 1203 1994 1393 2033; x_wconf 80' lang='lat' dir='ltr'><strong>superstitibus</strong></span> <span class='ocrx_word' id='word_1_420' title='bbox 1405 1994 1446 2023; x_wconf 88' lang='lat' dir='ltr'><strong>his</strong></span> <span class='ocrx_word' id='word_1_421' title='bbox 1458 1995 1580 2024; x_wconf 86' lang='lat' dir='ltr'><strong>homiliis</strong></span> <span class='ocrx_word' id='word_1_422' title='bbox 1592 2007 1606 2024; x_wconf 95' lang='lat' dir='ltr'><strong>a</strong></span> <span class='ocrx_word' id='word_1_423' title='bbox 1622 1996 1654 2024; x_wconf 88' lang='lat' dir='ltr'><strong>li-</strong></span> 
     </span>
     <span class='ocr_line' id='line_1_32' title="bbox 90 2037 1654 2079; baseline 0.004 -13"><span class='ocrx_word' id='word_1_424' title='bbox 90 2037 188 2067; x_wconf 89' lang='lat' dir='ltr'><strong>brariis</strong></span> <span class='ocrx_word' id='word_1_425' title='bbox 201 2040 373 2068; x_wconf 81' lang='lat' dir='ltr'><strong>observatum</strong></span> <span class='ocrx_word' id='word_1_426' title='bbox 386 2039 524 2075; x_wconf 81' lang='lat' dir='ltr'><strong>habemus,</strong></span> <span class='ocrx_word' id='word_1_427' title='bbox 536 2046 566 2067; x_wconf 91' lang='lat' dir='ltr'><strong>ut</strong></span> <span class='ocrx_word' id='word_1_428' title='bbox 579 2046 689 2078; x_wconf 84' lang='lat' dir='ltr'><strong>apparet</strong></span> <span class='ocrx_word' id='word_1_429' title='bbox 703 2049 737 2067; x_wconf 85' lang='lat' dir='ltr'><strong>ex</strong></span> <span class='ocrx_word' id='word_1_430' title='bbox 756 2038 789 2067; x_wconf 90' lang='lat' dir='ltr'><strong>iis</strong></span> <span class='ocrx_word' id='word_1_431' title='bbox 802 2049 863 2077; x_wconf 70' lang='lat' dir='ltr'><strong>quae</strong></span> <span class='ocrx_word' id='word_1_432' title='bbox 879 2049 943 2067; x_wconf 81' lang='lat' dir='ltr'><strong>mox</strong></span> <span class='ocrx_word' id='word_1_433' title='bbox 957 2040 1080 2068; x_wconf 88' lang='lat' dir='ltr'><strong>dicentur</strong></span> <span class='ocrx_word' id='word_1_434' title='bbox 1093 2052 1099 2067; x_wconf 77' lang='grc' dir='ltr'><strong><em>ε</em></strong></span> <span class='ocrx_word' id='word_1_435' title='bbox 1117 2040 1227 2079; x_wconf 80' lang='lat' dir='ltr'><strong>ipsaque</strong></span> <span class='ocrx_word' id='word_1_436' title='bbox 1241 2041 1441 2070; x_wconf 78' lang='lat' dir='ltr'><strong>Montesaleonii</strong></span> <span class='ocrx_word' id='word_1_437' title='bbox 1458 2042 1539 2071; x_wconf 84' lang='lat' dir='ltr'><strong>series</strong></span> <span class='ocrx_word' id='word_1_438' title='bbox 1548 2043 1583 2071; x_wconf 90' lang='lat' dir='ltr'><strong>ab</strong></span> <span class='ocrx_word' id='word_1_439' title='bbox 1598 2045 1654 2073; x_wconf 74' lang='lat'>(20-</span> 
     </span>
     <span class='ocr_line' id='line_1_33' title="bbox 88 2085 1654 2124; baseline 0.003 -10"><span class='ocrx_word' id='word_1_440' title='bbox 88 2085 149 2114; x_wconf 87' lang='lat' dir='ltr'><strong>dice</strong></span> <span class='ocrx_word' id='word_1_441' title='bbox 158 2085 263 2115; x_wconf 81' lang='lat' dir='ltr'><strong>diversa</strong></span> <span class='ocrx_word' id='word_1_442' title='bbox 276 2093 331 2115; x_wconf 89' lang='lat' dir='ltr'><strong>est:</strong></span> <span class='ocrx_word' id='word_1_443' title='bbox 355 2097 406 2124; x_wconf 85' lang='lat' dir='ltr'><strong>qua</strong></span> <span class='ocrx_word' id='word_1_444' title='bbox 421 2085 455 2114; x_wconf 87' lang='lat' dir='ltr'><strong>de</strong></span> <span class='ocrx_word' id='word_1_445' title='bbox 468 2096 495 2114; x_wconf 82' lang='lat' dir='ltr'><strong>re</strong></span> <span class='ocrx_word' id='word_1_446' title='bbox 507 2085 631 2114; x_wconf 84' lang='lat' dir='ltr'><strong>certiores</strong></span> <span class='ocrx_word' id='word_1_447' title='bbox 644 2096 690 2113; x_wconf 90' lang='lat' dir='ltr'><strong>nos</strong></span> <span class='ocrx_word' id='word_1_448' title='bbox 700 2085 761 2114; x_wconf 81' lang='lat' dir='ltr'><strong>facit</strong></span> <span class='ocrx_word' id='word_1_449' title='bbox 775 2086 821 2123; x_wconf 87' lang='lat' dir='ltr'><strong>qui</strong></span> <span class='ocrx_word' id='word_1_450' title='bbox 832 2085 919 2114; x_wconf 88' lang='lat' dir='ltr'><strong>denuo</strong></span> <span class='ocrx_word' id='word_1_451' title='bbox 931 2096 991 2114; x_wconf 84' lang='lat' dir='ltr'><strong>eum</strong></span> <span class='ocrx_word' id='word_1_452' title='bbox 1008 2086 1120 2115; x_wconf 89' lang='lat' dir='ltr'><strong>contulit</strong></span> <span class='ocrx_word' id='word_1_453' title='bbox 1136 2087 1162 2115; x_wconf 95' lang='lat' dir='ltr'><strong>in</strong></span> <span class='ocrx_word' id='word_1_454' title='bbox 1180 2094 1301 2116; x_wconf 85' lang='lat' dir='ltr'><strong>nostrum</strong></span> <span class='ocrx_word' id='word_1_455' title='bbox 1313 2098 1391 2116; x_wconf 79' lang='lat' dir='ltr'><strong>usum</strong></span> <span class='ocrx_word' id='word_1_456' title='bbox 1403 2100 1409 2115; x_wconf 76' lang='lat' dir='ltr'><strong>t</strong></span> <span class='ocrx_word' id='word_1_457' title='bbox 1424 2090 1501 2117; x_wconf 84' lang='lat' dir='ltr'><strong>Ordo</strong></span> <span class='ocrx_word' id='word_1_458' title='bbox 1513 2090 1654 2119; x_wconf 77' lang='lat' dir='ltr'><strong>homilia-</strong></span> 
     </span>
     <span class='ocr_line' id='line_1_34' title="bbox 88 2133 1653 2176; baseline 0.003 -14"><span class='ocrx_word' id='word_1_459' title='bbox 88 2143 152 2162; x_wconf 82' lang='lat' dir='ltr'><strong>rum</strong></span> <span class='ocrx_word' id='word_1_460' title='bbox 162 2135 194 2162; x_wconf 85' lang='lat' dir='ltr'><strong>in</strong></span> <span class='ocrx_word' id='word_1_461' title='bbox 208 2134 324 2170; x_wconf 83' lang='lat' dir='ltr'><strong>Codice,</strong></span> <span class='ocrx_word' id='word_1_462' title='bbox 337 2133 434 2171; x_wconf 82' lang='lat' dir='ltr'><strong>inquit,</strong></span> <span class='ocrx_word' id='word_1_463' title='bbox 444 2143 503 2161; x_wconf 81' lang='lat' dir='ltr'><strong>non</strong></span> <span class='ocrx_word' id='word_1_464' title='bbox 515 2134 591 2162; x_wconf 78' lang='lat' dir='ltr'><strong>idem</strong></span> <span class='ocrx_word' id='word_1_465' title='bbox 607 2139 648 2162; x_wconf 86' lang='lat' dir='ltr'><strong>est</strong></span> <span class='ocrx_word' id='word_1_466' title='bbox 660 2135 710 2172; x_wconf 80' lang='lat' dir='ltr'><strong>qui</strong></span> <span class='ocrx_word' id='word_1_467' title='bbox 725 2135 756 2161; x_wconf 84' lang='lat' dir='ltr'><strong>in</strong></span> <span class='ocrx_word' id='word_1_468' title='bbox 770 2134 859 2161; x_wconf 76' lang='lat' dir='ltr'><strong>Edito</strong></span> <span class='ocrx_word' id='word_1_469' title='bbox 869 2146 880 2168; x_wconf 86' lang='lat'><em>;</em></span> <span class='ocrx_word' id='word_1_470' title='bbox 896 2134 947 2162; x_wconf 84' lang='lat' dir='ltr'><strong>sed</strong></span> <span class='ocrx_word' id='word_1_471' title='bbox 958 2135 1056 2172; x_wconf 81' lang='lat' dir='ltr'><strong>prima</strong></span> <span class='ocrx_word' id='word_1_472' title='bbox 1072 2135 1186 2163; x_wconf 81' lang='lat' dir='ltr'><strong>Codicis</strong></span> <span class='ocrx_word' id='word_1_473' title='bbox 1197 2141 1238 2163; x_wconf 80' lang='lat' dir='ltr'><strong>est</strong></span> <span class='ocrx_word' id='word_1_474' title='bbox 1250 2145 1313 2174; x_wconf 81' lang='lat' dir='ltr'><strong>quoe</strong></span> <span class='ocrx_word' id='word_1_475' title='bbox 1328 2137 1358 2163; x_wconf 90' lang='lat' dir='ltr'><strong>in</strong></span> <span class='ocrx_word' id='word_1_476' title='bbox 1367 2136 1478 2176; x_wconf 82' lang='lat' dir='ltr'><strong>Monlf.</strong></span> <span class='ocrx_word' id='word_1_477' title='bbox 1493 2138 1653 2166; x_wconf 78' lang='lat' dir='ltr'><strong>secundum</strong></span> 
     </span>
     <span class='ocr_line' id='line_1_35' title="bbox 89 2181 1652 2220; baseline 0.004 -12"><span class='ocrx_word' id='word_1_478' title='bbox 89 2188 209 2220; x_wconf 83' lang='lat' dir='ltr'><strong>occupat</strong></span> <span class='ocrx_word' id='word_1_479' title='bbox 227 2182 321 2210; x_wconf 84' lang='lat' dir='ltr'><strong>locum</strong></span> <span class='ocrx_word' id='word_1_480' title='bbox 328 2193 338 2215; x_wconf 89' lang='lat'><em>;</em></span> <span class='ocrx_word' id='word_1_481' title='bbox 351 2181 479 2209; x_wconf 80' lang='lat' dir='ltr'><strong>secunda</strong></span> <span class='ocrx_word' id='word_1_482' title='bbox 494 2190 558 2219; x_wconf 82' lang='lat' dir='ltr'><strong>quoe</strong></span> <span class='ocrx_word' id='word_1_483' title='bbox 572 2182 686 2209; x_wconf 78' lang='lat' dir='ltr'><strong>tertium</strong></span> <span class='ocrx_word' id='word_1_484' title='bbox 694 2192 704 2213; x_wconf 86' lang='lat'><strong>,·</strong></span> <span class='ocrx_word' id='word_1_485' title='bbox 717 2182 804 2208; x_wconf 77' lang='lat' dir='ltr'><strong>tertia</strong></span> <span class='ocrx_word' id='word_1_486' title='bbox 819 2191 883 2219; x_wconf 80' lang='lat' dir='ltr'><strong>quae</strong></span> <span class='ocrx_word' id='word_1_487' title='bbox 895 2182 968 2218; x_wconf 84' lang='lat' dir='ltr'><strong>prim</strong></span> <span class='ocrx_word' id='word_1_488' title='bbox 975 2191 1023 2209; x_wconf 84' lang='grc' dir='ltr'><strong>ιιηι</strong></span> <span class='ocrx_word' id='word_1_489' title='bbox 1032 2192 1040 2207; x_wconf 94' lang='lat'><em>:</em></span> <span class='ocrx_word' id='word_1_490' title='bbox 1053 2191 1118 2220; x_wconf 79' lang='lat' dir='ltr'><strong>quoe</strong></span> <span class='ocrx_word' id='word_1_491' title='bbox 1133 2183 1254 2220; x_wconf 82' lang='lat' dir='ltr'><strong>septima</strong></span> <span class='ocrx_word' id='word_1_492' title='bbox 1268 2182 1371 2217; x_wconf 81' lang='lat' dir='ltr'><strong>editur,</strong></span> <span class='ocrx_word' id='word_1_493' title='bbox 1386 2183 1473 2212; x_wconf 79' lang='lat' dir='ltr'><strong>hahet</strong></span> <span class='ocrx_word' id='word_1_494' title='bbox 1486 2184 1558 2212; x_wconf 80' lang='lat' dir='ltr'><strong>Cod.</strong></span> <span class='ocrx_word' id='word_1_495' title='bbox 1573 2192 1652 2215; x_wconf 84' lang='lat' dir='ltr'><strong>octa-</strong></span> 
     </span>
     <span class='ocr_line' id='line_1_36' title="bbox 91 2227 1653 2268; baseline 0.003 -12"><span class='ocrx_word' id='word_1_496' title='bbox 91 2238 168 2262; x_wconf 78' lang='lat' dir='ltr'><strong>vam,</strong></span> <span class='ocrx_word' id='word_1_497' title='bbox 183 2228 341 2267; x_wconf 80' lang='lat' dir='ltr'><strong>eademque</strong></span> <span class='ocrx_word' id='word_1_498' title='bbox 359 2230 474 2256; x_wconf 83' lang='lat' dir='ltr'><strong>ratione</strong></span> <span class='ocrx_word' id='word_1_499' title='bbox 497 2228 529 2255; x_wconf 84' lang='lat' dir='ltr'><strong>in</strong></span> <span class='ocrx_word' id='word_1_500' title='bbox 553 2227 643 2256; x_wconf 77' lang='lat' dir='ltr'><strong>tribus</strong></span> <span class='ocrx_word' id='word_1_501' title='bbox 659 2228 844 2266; x_wconf 75' lang='lat' dir='ltr'><strong>sequentihus</strong></span> <span class='ocrx_word' id='word_1_502' title='bbox 865 2228 936 2256; x_wconf 85' lang='lat' dir='ltr'><strong>ordo</strong></span> <span class='ocrx_word' id='word_1_503' title='bbox 959 2230 1121 2256; x_wconf 76' lang='lat' dir='ltr'><strong>invertitur.</strong></span> <span class='ocrx_word' id='word_1_504' title='bbox 1145 2230 1281 2268; x_wconf 76' lang='lat' dir='ltr'><strong>Denique</strong></span> <span class='ocrx_word' id='word_1_505' title='bbox 1295 2230 1451 2258; x_wconf 81' lang='lat' dir='ltr'><strong>undecima</strong></span> <span class='ocrx_word' id='word_1_506' title='bbox 1468 2231 1550 2260; x_wconf 75' lang='lat' dir='ltr'><strong>Edici</strong></span> <span class='ocrx_word' id='word_1_507' title='bbox 1564 2239 1605 2261; x_wconf 82' lang='lat' dir='ltr'><strong>est</strong></span> <span class='ocrx_word' id='word_1_508' title='bbox 1620 2235 1653 2262; x_wconf 82' lang='lat' dir='ltr'><strong>in.</strong></span> 
     </span>
     <span class='ocr_line' id='line_1_37' title="bbox 89 2274 1653 2317; baseline 0.003 -13"><span class='ocrx_word' id='word_1_509' title='bbox 89 2276 160 2304; x_wconf 86' lang='lat' dir='ltr'><strong>Cod.</strong></span> <span class='ocrx_word' id='word_1_510' title='bbox 182 2276 296 2304; x_wconf 82' lang='lat' dir='ltr'><strong>decima</strong></span> <span class='ocrx_word' id='word_1_511' title='bbox 307 2277 404 2304; x_wconf 72' lang='lat' dir='ltr'><strong>tertia.</strong></span> <span class='ocrx_word' id='word_1_512' title='bbox 420 2274 574 2304; x_wconf 82' lang='lat' dir='ltr'><strong>Secundum</strong></span> <span class='ocrx_word' id='word_1_513' title='bbox 590 2275 645 2304; x_wconf 78' lang='lat' dir='ltr'><strong>haec</strong></span> <span class='ocrx_word' id='word_1_514' title='bbox 664 2276 861 2315; x_wconf 87' lang='lat' dir='ltr'><strong>computatione</strong></span> <span class='ocrx_word' id='word_1_515' title='bbox 877 2275 956 2313; x_wconf 80' lang='lat' dir='ltr'><strong>facta,</strong></span> <span class='ocrx_word' id='word_1_516' title='bbox 969 2283 1048 2315; x_wconf 83' lang='lat' dir='ltr'><strong>atque</strong></span> <span class='ocrx_word' id='word_1_517' title='bbox 1071 2278 1096 2305; x_wconf 88' lang='lat' dir='ltr'><strong>iu</strong></span> <span class='ocrx_word' id='word_1_518' title='bbox 1119 2287 1259 2306; x_wconf 87' lang='lat' dir='ltr'><strong>numerum</strong></span> <span class='ocrx_word' id='word_1_519' title='bbox 1285 2279 1476 2317; x_wconf 78' lang='lat' dir='ltr'><strong>comprehensa</strong></span> <span class='ocrx_word' id='word_1_520' title='bbox 1493 2279 1603 2309; x_wconf 83' lang='lat' dir='ltr'><strong>homilia</strong></span> <span class='ocrx_word' id='word_1_521' title='bbox 1618 2282 1653 2309; x_wconf 85' lang='lat' dir='ltr'><strong>de</strong></span> 
     </span>
     <span class='ocr_line' id='line_1_38' title="bbox 87 2322 1651 2366; baseline 0.004 -15"><span class='ocrx_word' id='word_1_522' title='bbox 87 2322 210 2358; x_wconf 82' lang='lat' dir='ltr'><strong>theatris,</strong></span> <span class='ocrx_word' id='word_1_523' title='bbox 222 2334 281 2362; x_wconf 83' lang='lat' dir='ltr'><strong>quae</strong></span> <span class='ocrx_word' id='word_1_524' title='bbox 295 2334 310 2351; x_wconf 94' lang='lat' dir='ltr'><strong>a</strong></span> <span class='ocrx_word' id='word_1_525' title='bbox 321 2324 434 2352; x_wconf 84' lang='lat' dir='ltr'><strong>Montes.</strong></span> <span class='ocrx_word' id='word_1_526' title='bbox 445 2322 515 2352; x_wconf 83' lang='lat' dir='ltr'><strong>edita</strong></span> <span class='ocrx_word' id='word_1_527' title='bbox 527 2330 547 2352; x_wconf 87' lang='lat' dir='ltr'><strong>t.</strong></span> <span class='ocrx_word' id='word_1_528' title='bbox 564 2324 594 2358; x_wconf 81' lang='lat'><strong>6,</strong></span> <span class='ocrx_word' id='word_1_529' title='bbox 607 2334 633 2362; x_wconf 90' lang='lat' dir='ltr'><strong>p.</strong></span> <span class='ocrx_word' id='word_1_530' title='bbox 647 2325 714 2358; x_wconf 53' lang='lat'><strong>572,</strong></span> <span class='ocrx_word' id='word_1_531' title='bbox 728 2323 754 2351; x_wconf 88' lang='lat' dir='ltr'><strong>in</strong></span> <span class='ocrx_word' id='word_1_532' title='bbox 766 2323 864 2352; x_wconf 85' lang='lat' dir='ltr'><strong>Codice</strong></span> <span class='ocrx_word' id='word_1_533' title='bbox 876 2324 1006 2353; x_wconf 76' lang='lat' dir='ltr'><strong>Vaticano</strong></span> <span class='ocrx_word' id='word_1_534' title='bbox 1022 2324 1169 2353; x_wconf 74' lang='lat' dir='ltr'><strong>collocatur</strong></span> <span class='ocrx_word' id='word_1_535' title='bbox 1183 2325 1250 2354; x_wconf 82' lang='lat' dir='ltr'><strong>inter</strong></span> <span class='ocrx_word' id='word_1_536' title='bbox 1261 2333 1364 2354; x_wconf 79' lang='lat' dir='ltr'><strong>sextam</strong></span> <span class='ocrx_word' id='word_1_537' title='bbox 1381 2334 1406 2355; x_wconf 88' lang='lat' dir='ltr'><strong>et</strong></span> <span class='ocrx_word' id='word_1_538' title='bbox 1423 2327 1564 2366; x_wconf 87' lang='lat' dir='ltr'><strong>septimam</strong></span> <span class='ocrx_word' id='word_1_539' title='bbox 1579 2332 1588 2364; x_wconf 87' lang='lat'>(</span> <span class='ocrx_word' id='word_1_540' title='bbox 1602 2330 1651 2358; x_wconf 82' lang='lat' dir='ltr'><strong>csr.</strong></span> 
     </span>
     <span class='ocr_line' id='line_1_39' title="bbox 87 2370 1651 2413; baseline 0.005 -14"><span class='ocrx_word' id='word_1_541' title='bbox 87 2370 159 2399; x_wconf 83' lang='lat' dir='ltr'><strong>dicta</strong></span> <span class='ocrx_word' id='word_1_542' title='bbox 174 2371 241 2399; x_wconf 82' lang='lat' dir='ltr'><strong>insi-a</strong></span> <span class='ocrx_word' id='word_1_543' title='bbox 256 2382 282 2410; x_wconf 89' lang='lat' dir='ltr'><strong>p.</strong></span> <span class='ocrx_word' id='word_1_544' title='bbox 298 2373 368 2408; x_wconf 57' lang='lat'><strong>521)</strong></span> <span class='ocrx_word' id='word_1_545' title='bbox 382 2393 389 2407; x_wconf 90' lang='lat'><strong><em>‚</em></strong></span> <span class='ocrx_word' id='word_1_546' title='bbox 401 2370 522 2400; x_wconf 89' lang='lat' dir='ltr'><strong>ordinem</strong></span> <span class='ocrx_word' id='word_1_547' title='bbox 534 2372 654 2400; x_wconf 89' lang='lat' dir='ltr'><strong>omnium</strong></span> <span class='ocrx_word' id='word_1_548' title='bbox 671 2371 697 2399; x_wconf 89' lang='lat' dir='ltr'><strong>in</strong></span> <span class='ocrx_word' id='word_1_549' title='bbox 715 2371 812 2400; x_wconf 88' lang='lat' dir='ltr'><strong>Codice</strong></span> <span class='ocrx_word' id='word_1_550' title='bbox 832 2372 934 2401; x_wconf 82' lang='lat' dir='ltr'><strong>huncce</strong></span> <span class='ocrx_word' id='word_1_551' title='bbox 954 2383 1010 2402; x_wconf 78' lang='lat' dir='ltr'><strong>esse</strong></span> <span class='ocrx_word' id='word_1_552' title='bbox 1032 2373 1187 2411; x_wconf 82' lang='lat' dir='ltr'><strong>colligimus</strong></span> <span class='ocrx_word' id='word_1_553' title='bbox 1205 2385 1211 2400; x_wconf 89' lang='lat'>:</span> <span class='ocrx_word' id='word_1_554' title='bbox 1229 2374 1239 2401; x_wconf 89' lang='lat'><em>1</em></span> <span class='ocrx_word' id='word_1_555' title='bbox 1255 2375 1370 2409; x_wconf 80' lang='lat' dir='ltr'><strong>(Monts.</strong></span> <span class='ocrx_word' id='word_1_556' title='bbox 1386 2375 1448 2411; x_wconf 87' lang='lat'><em>11),</em></span> <span class='ocrx_word' id='word_1_557' title='bbox 1468 2376 1493 2404; x_wconf 93' lang='lat' dir='ltr'><strong>ll</strong></span> <span class='ocrx_word' id='word_1_558' title='bbox 1507 2377 1595 2413; x_wconf 84' lang='lat'>(111),</span> <span class='ocrx_word' id='word_1_559' title='bbox 1612 2379 1651 2407; x_wconf 84' lang='lat' dir='ltr'><strong>ltt</strong></span> 
     </span>
     <span class='ocr_line' id='line_1_40' title="bbox 86 2419 1650 2464; baseline 0.005 -18"><span class='ocrx_word' id='word_1_560' title='bbox 86 2419 122 2455; x_wconf 85' lang='lat'><strong>(1)</strong></span> <span class='ocrx_word' id='word_1_561' title='bbox 134 2440 141 2454; x_wconf 91' lang='lat'>‚</span> <span class='ocrx_word' id='word_1_562' title='bbox 158 2419 198 2447; x_wconf 94' lang='lat' dir='ltr'><strong>lV</strong></span> <span class='ocrx_word' id='word_1_563' title='bbox 213 2419 294 2456; x_wconf 81' lang='lat' dir='ltr'>(IV),</span> <span class='ocrx_word' id='word_1_564' title='bbox 312 2421 337 2450; x_wconf 84' lang='lat' dir='ltr'>V</span> <span class='ocrx_word' id='word_1_565' title='bbox 352 2420 417 2456; x_wconf 81' lang='lat' dir='ltr'>(V),</span> <span class='ocrx_word' id='word_1_566' title='bbox 433 2420 473 2449; x_wconf 74' lang='lat' dir='ltr'><strong>VI</strong></span> <span class='ocrx_word' id='word_1_567' title='bbox 489 2420 570 2455; x_wconf 83' lang='lat' dir='ltr'>(VI),</span> <span class='ocrx_word' id='word_1_568' title='bbox 590 2420 645 2449; x_wconf 63' lang='lat' dir='ltr'><strong>vlt</strong></span> <span class='ocrx_word' id='word_1_569' title='bbox 663 2419 748 2454; x_wconf 90' lang='lat' dir='ltr'><strong>(hom.</strong></span> <span class='ocrx_word' id='word_1_570' title='bbox 767 2426 787 2448; x_wconf 86' lang='lat' dir='ltr'><strong>t.</strong></span> <span class='ocrx_word' id='word_1_571' title='bbox 803 2421 840 2455; x_wconf 73' lang='grc'><strong>6,</strong></span> <span class='ocrx_word' id='word_1_572' title='bbox 855 2431 885 2460; x_wconf 87' lang='lat' dir='ltr'><strong>p.</strong></span> <span class='ocrx_word' id='word_1_573' title='bbox 901 2422 987 2457; x_wconf 62' lang='lat'>971),</span> <span class='ocrx_word' id='word_1_574' title='bbox 1002 2422 1177 2457; x_wconf 82' lang='lat' dir='ltr'><strong>Vttt(V11),</strong></span> <span class='ocrx_word' id='word_1_575' title='bbox 1197 2422 1237 2450; x_wconf 70' lang='lat' dir='ltr'><strong>lx</strong></span> <span class='ocrx_word' id='word_1_576' title='bbox 1253 2423 1344 2458; x_wconf 83' lang='lat' dir='ltr'><strong>(Vttt)</strong></span> <span class='ocrx_word' id='word_1_577' title='bbox 1356 2446 1363 2458; x_wconf 92' lang='lat'><strong>‚</strong></span> <span class='ocrx_word' id='word_1_578' title='bbox 1379 2422 1405 2452; x_wconf 81' lang='lat' dir='ltr'>X</span> <span class='ocrx_word' id='word_1_579' title='bbox 1422 2424 1501 2460; x_wconf 74' lang='lat' dir='ltr'>(IX),</span> <span class='ocrx_word' id='word_1_580' title='bbox 1519 2424 1558 2453; x_wconf 79' lang='lat' dir='ltr'><strong>Xt</strong></span> <span class='ocrx_word' id='word_1_581' title='bbox 1581 2426 1650 2464; x_wconf 77' lang='lat' dir='ltr'>(X),</span> 
     </span>
     <span class='ocr_line' id='line_1_41' title="bbox 87 2465 1654 2510; baseline 0.006 -16"><span class='ocrx_word' id='word_1_582' title='bbox 87 2465 141 2494; x_wconf 82' lang='lat' dir='ltr'>th</span> <span class='ocrx_word' id='word_1_583' title='bbox 153 2466 216 2502; x_wconf 83' lang='lat' dir='ltr'><strong>(alia</strong></span> <span class='ocrx_word' id='word_1_584' title='bbox 230 2466 318 2504; x_wconf 87' lang='lat' dir='ltr'><strong>aliqua</strong></span> <span class='ocrx_word' id='word_1_585' title='bbox 334 2466 455 2503; x_wconf 81' lang='lat' dir='ltr'><strong>homilia)</strong></span> <span class='ocrx_word' id='word_1_586' title='bbox 466 2489 473 2501; x_wconf 96' lang='lat'><em>,</em></span> <span class='ocrx_word' id='word_1_587' title='bbox 501 2466 566 2495; x_wconf 71' lang='lat' dir='ltr'><strong>Xlll</strong></span> <span class='ocrx_word' id='word_1_588' title='bbox 581 2466 653 2502; x_wconf 77' lang='lat' dir='ltr'>(XI).</span> <span class='ocrx_word' id='word_1_589' title='bbox 670 2467 760 2495; x_wconf 85' lang='lat' dir='ltr'><strong>Tertia</strong></span> <span class='ocrx_word' id='word_1_590' title='bbox 777 2467 859 2505; x_wconf 82' lang='lat' dir='ltr'><strong>igitur</strong></span> <span class='ocrx_word' id='word_1_591' title='bbox 873 2467 907 2496; x_wconf 83' lang='lat' dir='ltr'><strong>ab</strong></span> <span class='ocrx_word' id='word_1_592' title='bbox 924 2469 1078 2497; x_wconf 76' lang='lat' dir='ltr'><strong>amanuensi</strong></span> <span class='ocrx_word' id='word_1_593' title='bbox 1095 2469 1180 2508; x_wconf 82' lang='lat' dir='ltr'><strong>prima</strong></span> <span class='ocrx_word' id='word_1_594' title='bbox 1197 2469 1280 2508; x_wconf 76' lang='lat' dir='ltr'><strong>posita</strong></span> <span class='ocrx_word' id='word_1_595' title='bbox 1306 2477 1359 2507; x_wconf 84' lang='lat' dir='ltr'><strong>est,</strong></span> <span class='ocrx_word' id='word_1_596' title='bbox 1381 2472 1493 2510; x_wconf 80' lang='lat' dir='ltr'><strong>septima</strong></span> <span class='ocrx_word' id='word_1_597' title='bbox 1508 2483 1522 2500; x_wconf 83' lang='lat' dir='ltr'><strong>a</strong></span> <span class='ocrx_word' id='word_1_598' title='bbox 1537 2473 1654 2502; x_wconf 79' lang='lat' dir='ltr'><strong>Benedi-</strong></span> 
     </span>
     <span class='ocr_line' id='line_1_42' title="bbox 87 2513 1648 2559; baseline 0.006 -18"><span class='ocrx_word' id='word_1_599' title='bbox 87 2513 164 2542; x_wconf 88' lang='lat' dir='ltr'><strong>ctinis</strong></span> <span class='ocrx_word' id='word_1_600' title='bbox 179 2514 231 2543; x_wconf 79' lang='lat' dir='ltr'><strong>alio</strong></span> <span class='ocrx_word' id='word_1_601' title='bbox 245 2514 272 2543; x_wconf 89' lang='lat' dir='ltr'><strong>in</strong></span> <span class='ocrx_word' id='word_1_602' title='bbox 288 2514 346 2543; x_wconf 90' lang='lat' dir='ltr'><strong>loco</strong></span> <span class='ocrx_word' id='word_1_603' title='bbox 359 2514 446 2552; x_wconf 62' lang='lat' dir='ltr'><strong>edin-15</strong></span> <span class='ocrx_word' id='word_1_604' title='bbox 462 2514 580 2552; x_wconf 87' lang='lat' dir='ltr'><strong>denique</strong></span> <span class='ocrx_word' id='word_1_605' title='bbox 591 2513 767 2552; x_wconf 84' lang='lat' dir='ltr'><strong>duodecima,</strong></span> <span class='ocrx_word' id='word_1_606' title='bbox 783 2514 817 2543; x_wconf 88' lang='lat' dir='ltr'><strong>de</strong></span> <span class='ocrx_word' id='word_1_607' title='bbox 832 2526 884 2553; x_wconf 82' lang='lat' dir='ltr'><strong>qua</strong></span> <span class='ocrx_word' id='word_1_608' title='bbox 898 2515 986 2551; x_wconf 87' lang='lat' dir='ltr'><strong>silent,</strong></span> <span class='ocrx_word' id='word_1_609' title='bbox 1002 2516 1070 2545; x_wconf 85' lang='lat' dir='ltr'><strong>inter</strong></span> <span class='ocrx_word' id='word_1_610' title='bbox 1084 2516 1253 2546; x_wconf 82' lang='lat' dir='ltr'><strong>undecimam</strong></span> <span class='ocrx_word' id='word_1_611' title='bbox 1275 2517 1366 2547; x_wconf 75' lang='lat' dir='ltr'><strong>addita</strong></span> <span class='ocrx_word' id='word_1_612' title='bbox 1380 2525 1418 2547; x_wconf 88' lang='lat' dir='ltr'><strong>est</strong></span> <span class='ocrx_word' id='word_1_613' title='bbox 1433 2526 1459 2548; x_wconf 85' lang='lat' dir='ltr'><strong>et</strong></span> <span class='ocrx_word' id='word_1_614' title='bbox 1476 2527 1648 2559; x_wconf 84' lang='lat' dir='ltr'><strong>postremam.</strong></span> 
     </span>
    </p>
   </div>
   <div class='ocr_carea' id='block_1_7' title="bbox 89 2560 1612 2638">
    <p class='ocr_par' dir='ltr' id='par_1_8' title="bbox 89 2560 1612 2638">
     <span class='ocr_line' id='line_1_43' title="bbox 89 2560 1612 2605; baseline 0.004 -15"><span class='ocrx_word' id='word_1_615' title='bbox 89 2560 153 2596; x_wconf 80' lang='lat' dir='ltr'><strong>Quae</strong></span> <span class='ocrx_word' id='word_1_616' title='bbox 167 2561 275 2591; x_wconf 79' lang='lat' dir='ltr'><strong>sortasse</strong></span> <span class='ocrx_word' id='word_1_617' title='bbox 287 2569 325 2591; x_wconf 88' lang='lat' dir='ltr'><strong>est</strong></span> <span class='ocrx_word' id='word_1_618' title='bbox 336 2573 376 2598; x_wconf 83' lang='lat' dir='ltr'><strong>ea,</strong></span> <span class='ocrx_word' id='word_1_619' title='bbox 394 2573 474 2601; x_wconf 87' lang='lat' dir='ltr'><strong>quam</strong></span> <span class='ocrx_word' id='word_1_620' title='bbox 488 2569 546 2602; x_wconf 85' lang='lat' dir='ltr'><strong>post</strong></span> <span class='ocrx_word' id='word_1_621' title='bbox 561 2573 658 2592; x_wconf 87' lang='lat' dir='ltr'><strong>nonam</strong></span> <span class='ocrx_word' id='word_1_622' title='bbox 672 2562 768 2592; x_wconf 81' lang='lat' dir='ltr'><strong>habuit</strong></span> <span class='ocrx_word' id='word_1_623' title='bbox 783 2563 1000 2603; x_wconf 64' lang='lat' dir='ltr'><strong>Clu‘ysostomus,</strong></span> <span class='ocrx_word' id='word_1_624' title='bbox 1017 2564 1087 2594; x_wconf 86' lang='lat' dir='ltr'><strong>edita</strong></span> <span class='ocrx_word' id='word_1_625' title='bbox 1102 2572 1120 2594; x_wconf 92' lang='lat' dir='ltr'><strong>t.</strong></span> <span class='ocrx_word' id='word_1_626' title='bbox 1131 2567 1160 2603; x_wconf 78' lang='lat'><strong>(5,</strong></span> <span class='ocrx_word' id='word_1_627' title='bbox 1176 2577 1204 2605; x_wconf 93' lang='lat' dir='ltr'><strong>p.</strong></span> <span class='ocrx_word' id='word_1_628' title='bbox 1223 2566 1308 2604; x_wconf 59' lang='lat'><strong>255]</strong></span> <span class='ocrx_word' id='word_1_629' title='bbox 1600 2591 1612 2596; x_wconf 94' lang='lat'><strong>-</strong></span> 
     </span>
     <span class='ocr_line' id='line_1_44' title="bbox 213 2610 1513 2638; baseline 0.005 -7"><span class='ocrx_word' id='word_1_630' title='bbox 213 2613 287 2631; x_wconf 74' lang='grc' dir='ltr'>τοΜ.</span> <span class='ocrx_word' id='word_1_631' title='bbox 313 2613 366 2632; x_wconf 83' lang='lat' dir='ltr'><strong>xii.</strong></span> <span class='ocrx_word' id='word_1_632' title='bbox 1473 2610 1513 2638; x_wconf 86' lang='lat'><strong>50</strong></span> 
     </span>
    </p>
   </div>
   <div class='ocr_carea' id='block_1_8' title="bbox 1670 440 1704 459">
    <p class='ocr_par' dir='ltr' id='par_1_9' title="bbox 1670 440 1704 459">
     <span class='ocr_line' id='line_1_45' title="bbox 1670 440 1704 459; baseline 0.059 -2"><span class='ocrx_word' id='word_1_633' title='bbox 1670 440 1704 459; x_wconf 72' lang='lat'><strong>³19</strong></span> 
     </span>
    </p>
   </div>
  </div>
 </body>
</html>
