1886 2846
70 404 126 424 lua!
154 402 191 432 39.

226 188 268 223 26
555 200 581 223 s.

613 200 751 224 sottNMs
778 200 957 225 cttm'SOST.
988 200 1142 224 Atzctttlzl'.
1172 200 1438 239 CONSTANTINOP.

222 261 334 289 verbum
358 260 473 289 ostendit
495 267 519 289 et
540 260 672 299 (licendo,
692 263 750 291 Per
772 273 856 301 quem
882 263 958 301 fecit
977 265 994 286 C
1015 262 1115 290 αἰώνων
1131 262 1208 290 αὐτὸν
1233 263 1353 292 δείκνυσι.
1369 264 1404 293 Τί
1419 260 1473 301 οὖν,
1494 264 1554 293 ὅταν
1577 264 1636 303 περὶ
1660 266 1703 292 τοῦ
1719 264 1779 293 Πα-

222 312 248 335 et
269 306 377 335 soecula
390 318 398 333 .-
412 306 509 334 etenim
529 316 591 335 eum
611 307 726 336 ostendit
746 315 771 336 et
791 308 916 347 opificem
935 314 960 335 et

221 362 276 381 esse
291 359 352 381 ante
365 351 454 380 omnia
469 352 575 382 saecula.
588 353 662 389 Quid
675 364 747 391 vero,
761 364 822 383 cum
834 354 868 382 de
882 355 960 382 Patre

222 396 330 435 quidem
353 396 424 425 dicat
438 397 579 436 propheta,
604 398 635 426 A
650 399 755 427 soeculo
777 405 805 427 et
827 399 961 436 usquein

221 443 359 471 saeculum
382 449 413 471 ιιι
432 453 461 471 es
475 442 528 471 :de
542 443 611 473 Filio
631 450 732 481 autem,
756 443 827 482 quod
848 443 881 471 sit
902 449 962 470 ante

221 488 310 517 omnia
331 489 440 526 saecula,
455 495 482 517 et
495 489 614 519 omnium
628 490 728 528 opifex,
741 489 808 527 quid
821 488 961 516 dixerint?

220 534 274 563 imo
287 544 352 564 vero
363 533 484 572 quando,
499 534 571 572 qnod
587 534 620 563 de
640 536 717 562 Patre
738 533 888 567 dicebatur,
906 532 959 567 Qui

218 587 257 609 est
268 587 328 609 ante
339 580 444 617 saeeula,
455 580 505 609 hoc
515 580 614 609 videris
626 580 706 608 etiam
713 579 816 607 dietum
826 578 859 606 de
869 579 938 607 Filio
947 579 960 607 ἶ)

219 625 256 654 Et
270 626 339 655 sicut
351 625 416 654 dicit
429 627 551 662 Joannes,
566 627 633 654 J'iza
645 631 717 659 erat,
733 624 887 663 significans
903 625 958 653 vim

218 683 249 701 ac
257 679 415 713 potestatem
425 672 575 702 continendi
587 678 747 709 creaturam,
764 671 893 709 quoniam
902 671 959 710 ipse

217 725 256 747 est
274 719 330 748 vita
347 719 467 747 omnium
485 729 491 747 :
512 717 548 744 ita
565 717 665 745 Paulus
681 727 797 755 quoque,
817 718 957 746 Portans-

218 775 274 803 que
284 767 382 792 omnia
396 765 485 792 verbo
497 764 615 791 virtutis
628 773 687 791 511oe
701 775 708 790 :
719 773 770 792 non
779 763 848 792 sicut
858 763 957 799 Graeci,

217 817 241 838 et
254 810 310 849 ipsa
326 810 455 838 creatione
467 815 491 837 et
506 808 684 847 providentia,
696 816 825 846 quantum
835 809 871 837 ad
885 809 956 848 ipsos

216 857 322 893 attinet,
349 857 437 896 ipsum
451 857 587 895 privantes
597 878 604 892 ‚
628 855 662 884 ad
680 856 770 884 tunam
794 867 877 894 usque
900 857 956 895 ejus

217 903 401 933 concludentes
417 903 574 943 potentiam.
593 904 651 932 Per
674 914 718 940 se,
742 903 829 942 inquit
841 926 847 939 ,
869 905 956 942 faeta

213 952 385 988 purgatione
398 956 580 988 peccalorum
595 956 771 978 nostrorum.
787 950 855 978 Cum
867 949 955 977 dixis-

213 1002 251 1023 set
265 995 298 1023 de
312 995 365 1023 illis
381 995 545 1024 admirandis
556 1002 581 1023 et
595 995 699 1033 magnis
710 1005 768 1033 quae
783 1003 844 1024 sunt
858 1006 953 1035 supre-

215 1051 267 1077 ma,
283 1040 316 1070 de
330 1048 424 1070 stetero
446 1041 512 1069 dicit
525 1041 606 1070 etiam
625 1041 659 1069 de
676 1051 739 1069 cura
754 1042 811 1080 ejus
826 1042 853 1070 in
867 1041 954 1070 homi-

214 1099 266 1117 nes.
277 1088 312 1117 Et
323 1089 441 1118 maxime
453 1089 561 1127 quidem
576 1095 631 1118 erat
644 1088 710 1117 illud
723 1089 844 1127 generale
857 1096 883 1118 et
895 1089 953 1118 uni-

215 1144 290 1163 versa
304 1135 495 1174 complectens,
510 1136 697 1172 Portansque
717 1137 816 1163 omnia
826 1147 837 1168 ,-
858 1145 954 1164 verum

213 1179 264 1208 hoc
285 1186 324 1208 est
348 1180 432 1208 multo
448 1180 544 1219 majus.
560 1181 628 1208 Nam
652 1180 732 1208 ctiam
757 1186 794 1208 est
817 1181 953 1218 generale:

212 1235 284 1260 nam,
295 1224 368 1263 quod
382 1225 471 1263 ipsum
487 1231 596 1264 spectat,
607 1235 698 1254 omnes
708 1225 797 1254 salvos
811 1226 880 1254 fecit.
892 1226 954 1255 Ete-

211 1270 269 1299 nim
282 1272 396 1300 Joannes
423 1281 527 1309 quoqne
544 1281 605 1300 cum
622 1271 742 1307 dixisset,
758 1273 825 1300 Vita
838 1279 916 1310 erat,
929 1280 954 1301 et

212 1316 409 1355 providentiam
422 1317 479 1356 ejus
493 1316 676 1355 significasset,
699 1327 792 1345 rursus
811 1317 889 1355 dicit,
913 1319 953 1346 Et

212 1364 265 1392 lux·
274 1370 346 1400 erat,
360 1363 389 1392 id
402 1364 491 1403 ipsum
500 1364 647 1392 declarans.
664 1365 723 1393 Per·
735 1375 776 1401 se,
791 1364 953 1404 inquit,sa-

213 1416 262 1439 cta
279 1412 449 1449 purgatione
465 1417 651 1448 peccatorum
671 1417 854 1444 nostrorum;
876 1412 955 1441 sedet

214 1456 255 1483 ad
267 1456 418 1484 dexteram
440 1457 601 1495 majestatis
626 1458 658 1484 ιἰι
681 1457 810 1485 excelsis.
830 1457 891 1485 Duo
910 1457 955 1486 hic

213 1501 289 1540 ponit
301 1501 418 1530 maxima
433 1502 489 1540 ejus
502 1512 572 1530 curae
583 1502 683 1530 indicia
696 1514 702 1530 :
713 1509 738 1531 et
751 1502 824 1541 quod
836 1513 849 1531 a
864 1514 954 1542 pecca-

213 1547 247 1575 tis
261 1557 308 1576 nos
328 1548 492 1586 purgaverit,
500 1548 531 1576 'et
544 1547 617 1586 qnod
639 1559 686 1587 per
706 1559 733 1577 se
753 1547 782 1577 id
799 1549 897 1577 fecerit.
923 1551 956 1578 Et

247 1647 260 1664 b
279 1645 317 1678 [A.
330 1646 356 1669 B.
371 1645 494 1670 Commel.
512 1651 537 1670 et
549 1654 628 1678 marg.
641 1645 718 1670 Savit.
736 1649 825 1678 μᾶλλον
846 1649 868 1672 δὲ
886 1651 940 1672 ὅταν
957 1651 967 1672 ὃ

214 1688 264 1718 περὶ
278 1695 299 1709 τ.
312 1684 351 1715 π.]

1014 308 1072 347 τρὺς
1097 308 1143 345 μὲν
1159 308 1221 347 λέγῃ
1239 311 1252 337 ὁ
1266 309 1417 348 προφήτης,
1431 310 1494 339 Ἀπὸ
1508 313 1552 338 τοῦ
1570 311 1661 342 αἰῶνος
1675 309 1719 338 καὶ
1731 309 1779 341 ἕως

1012 356 1057 381 τοῦ
1074 354 1166 386 αἰῶνος
1181 353 1211 382 σὺ
1226 349 1264 382 εἷ·
1279 354 1339 393 περὶ
1354 354 1380 384 δὲ
1394 358 1438 384 τοῦ
1455 356 1519 384 Υἷοῧ
1529 379 1536 391 ,
1548 356 1588 384 ὅτι
1603 355 1655 394 πρὸ
1673 355 1778 383 πάντων

1015 399 1069 427 ἐστὶ
1090 401 1142 427 τῶν
1158 399 1270 436 αἰώνων,
1284 401 1329 429 καὶ
1353 402 1404 429 τῶν
1425 402 1547 431 ἁπάντων
1569 400 1740 440 δημιουργὸς,
1754 400 1779 429 τί

1015 444 1045 473 ἂν
1067 444 1177 482 εἴποιεν;
1192 445 1313 483 ι’μᾶλλον
1329 447 1356 475 δὲ
1370 446 1434 486 ὅπερ
1454 448 1515 487 περὶ
1534 451 1578 476 τοῦ
1604 447 1709 486 Πατρὸς
1723 446 1778 475 ἐλέ-

1012 502 1086 529 γετο,
1101 493 1114 520 ὅ
1130 491 1257 531 ὑπάρχων
1271 492 1322 532 πρὸ
1335 494 1387 520 τῶν
1398 492 1508 529 αἰώνων,
1519 493 1648 522 τοῦτοκαὶ
1662 492 1722 531 περὶ
1732 495 1777 521 τοῦ

1014 536 1078 566 rto&
1091 536 1142 565 ἴδοι
1158 549 1196 570 τις
1212 537 1242 565 ἂν
1257 538 1409 577 εἰρημένον;
1425 539 1476 567 Καὶ
1488 538 1577 578 ὥσπερ
1588 538 1683 571 ἐκεῖνός
1697 549 1777 576 φησι,

1013 582 1074 618 Ζωὴ
1089 579 1133 620 ἦν,
1150 584 1180 612 τὸ
1203 584 1404 622 διακρατητικὸν
1426 586 1473 619 τ’ἧς
1496 584 1604 617 κτίσεως
1626 586 1723 620 δηλῶν,
1737 584 1776 611 ὅτι

1011 628 1116 657 πάντων
1130 629 1204 662 αὐτός
1224 631 1293 659 ἐστιν
1309 633 1326 665 ἡ
1349 630 1418 665 {tsi-13·
1443 629 1510 659 οὕτω
1534 630 1580 658 καὶ
1600 626 1673 662 οῧτός
1697 641 1775 669 φησι,

1011 674 1105 714 Φέρων
1122 687 1150 704 τε
1164 675 1197 704 τὰ
1211 676 1297 704 πάντα
1310 678 1347 715 τῷ
1359 676 1457 714 ῥήματι
1472 677 1520 710 τ’ἧς
1535 675 1670 713 δυνάμεως
1682 676 1774 704 αὐτοῦ·

1010 722 1038 749 οὐ
1049 721 1168 761 καθάπερ
1182 721 1326 759 ἽΞλληνες,
1338 723 1383 750 καὶ
1395 725 1441 757 τῆς
1455 721 1626 760 δημιουργίας
1640 723 1736 757 αὖτ’ἧς,
1746 721 1776 748 τό

1009 779 1038 805 γε
1049 768 1084 800 εἷς
1096 766 1188 800 αὐτοὺς
1198 763 1272 803 ἰἧκον,
1283 770 1487 808 ἀποστεροῦντες
1502 768 1575 796 αὐτὸν
1587 767 1633 796 καὶ
1646 768 1693 801 τῆς
1707 777 1776 805 προ-

1009 812 1088 849 νοίας,
1099 813 1178 852 μέχρι
1193 813 1302 849 σελήνης
1311 814 1490 853 συγκλείοντες
1501 815 1577 842 αὐτοῦ
1590 812 1637 848 τὴν
1653 812 1773 849 δύναμιν.

1011 859 1051 886 Δι’
1069 859 1161 887 ἑαυτοῦ
1179 858 1245 898 γὰρ,
1262 860 1342 897 φησὶ,
1355 860 1518 898 καθαρισμὸν
1531 858 1709 896 ποιησάμενος
1723 858 1775 884 τῶν

1010 905 1145 943 ἁμαρτιῶν
1160 907 1244 942 ἡμῶν.
1260 905 1351 934 Εἰπὼν
1369 905 1429 944 περὶ
1452 907 1503 933 τῶν
1528 905 1686 943 θαυμαστῶν
1708 903 1775 932 ἐκεί-

1010 962 1059 978 νων
1074 950 1119 978 καὶ
1144 951 1276 989 μεγάλων,
1297 952 1349 979 τῶν
1373 950 1514 986 ἀνωτάτω,
1526 950 1598 989 λέγει
1617 949 1709 978 λοιπὸν
1729 949 1774 977 καὶ

1009 996 1069 1035 περὶ
1084 999 1131 1031 τῆς
1149 998 1184 1029 εἷς
1203 996 1355 1035 ἀνθρώπους
1371 997 1447 1025 αὐτοῦ
1464 995 1631 1034 κηδεμονίας.
1647 995 1773 1024 Μάλιστα

1009 1042 1056 1079 μὲν
1072 1042 1124 1082 γὰρ
1146 1042 1190 1070 καὶ
1208 1044 1291 1071 ἐκεῖνο
1311 1043 1447 1072 καθολικὺν
1463 1039 1504 1078 ἦν,
1527 1043 1570 1078 τὸ,
1585 1041 1681 1080 Φὲρων
1697 1053 1729 1071 ’τε
1741 1041 1775 1069 τὰ

1008 1089 1093 1117 πάντα
1103 1100 1109 1106 “
1128 1089 1194 1124 πλὴν
1210 1088 1278 1117 ἀλλὰ
1293 1093 1368 1118 τοῦτο
1378 1090 1468 1128 πολλῷ
1481 1090 1578 1127 μεῖζονζ
1591 1088 1645 1117 Καὶ
1658 1090 1736 1116 τοῦτο
1747 1086 1774 1115 δὲ

1008 1134 1147 1164 καθολικόν
1155 1147 1161 1152 ·
1174 1134 1203 1163 τὸ
1212 1134 1280 1174 γὰρα
1289 1136 1349 1163 ὖτοῧ
1363 1135 1439 1173 μέρος
1447 1157 1454 1169 ,
1464 1138 1474 1150 ⁰
1481 1134 1582 1166 πάντας
1591 1134 1688 1163 ἔσωσεν
1698 1145 1703 1150 ·
1716 1132 1774 1161 ἐπεὶ

1008 1181 1053 1209 καὶ
1069 1180 1219 1215 ὃἸιι)άννης
1239 1180 1330 1217 εἰπὼν,
1351 1181 1413 1216 Ζωὴ
1435 1176 1478 1215 ἦν,
1505 1180 1550 1208 καὶ
1576 1179 1624 1214 τὴν
1649 1178 1773 1217 πρόνοιαν

1009 1228 1085 1256 αὐτοῦ
1102 1227 1236 1263 δηλώσας,
1251 1229 1330 1257 πάλιν
1353 1227 1439 1266 λέγει,
1455 1226 1495 1255 ὅτι
1510 1226 1562 1256 Καὶ
1582 1228 1650 1265 φῶς,
1665 1224 1695 1253 τὸ
1711 1224 1775 1252 αὐτὸ

1007 1276 1084 1303 τοῦτο
1098 1274 1192 1309 δηλῶν.
1207 1275 1248 1302 Δι’
1266 1276 1374 1308 ἑαυτοῦ,
1385 1273 1449 1312 φησὶ
1460 1295 1466 1307 ,
1482 1271 1646 1311 καθαρισμὸν
1661 1269 1774 1304 ποιησά-

1008 1331 1083 1358 μενος
1097 1321 1148 1348 τῶν
1163 1320 1299 1359 ἁμαρτιῶν
1311 1322 1395 1357 ἡμῶν,
1408 1319 1528 1348 ἐκάθισεν
1541 1318 1566 1345 ἐν
1580 1316 1650 1354 δεξιᾷ
1660 1317 1707 1350 τ’ῆς
1725 1326 1773 1352 με-

1006 1366 1159 1404 γαλωσύνης
1175 1367 1201 1394 ἐν
1217 1367 1333 1405 ὑψηλοῖς,
1350 1365 1403 1393 Δύο
1417 1365 1519 1399 τίθησιν
1535 1365 1644 1392 ἐνταῦθα
1662 1364 1708 1396 τῆς
1727 1373 1774 1396 κη-

1008 1411 1128 1449 δεμονίας
1148 1413 1225 1440 αὐτοῦ
1241 1411 1373 1450 τεκμήρια
1398 1410 1526 1448 μέγιστα·
1541 1409 1570 1437 τό
1586 1420 1614 1437 τε
1632 1407 1774 1445 καθαρίσαι

1007 1460 1059 1486 τῶν
1070 1458 1205 1496 ἁμαρτιῶν
1222 1459 1292 1494 ἡμᾶς
1303 1479 1309 1491 ,
1328 1456 1373 1485 καὶ
1388 1456 1462 1485 156?
1483 1457 1576 1484 ἑαυτοῦ
1600 1457 1676 1482 τοῦτο
1691 1455 1773 1487 ποιῆ-

1009 1516 1063 1532 σαι.
1077 1504 1129 1532 Καὶ
1145 1505 1279 1542 πολλαχοῦ
1294 1506 1354 1542 ὁρᾷς
1369 1502 1444 1531 αὐτὸν
1460 1502 1504 1530 ἐπὶ
1520 1500 1603 1539 τούτῳ
1617 1499 1774 1537 σεμνυνόμε-

1008 1561 1059 1585 νον,
1072 1552 1100 1579 οὐ
1116 1551 1192 1588 μόνον
1216 1549 1259 1578 ἐπὶ
1279 1552 1311 1587 τῇ
1326 1549 1478 1586 καταλλαγῇ
1494 1549 1526 1585 τῇ
1551 1546 1614 1586 πρὸς
1635 1546 1678 1574 τὸν
1695 1545 1773 1580 Θεὸν,

1022 1648 1051 1673 Λ.
1071 1647 1102 1671 Β.
1116 1653 1140 1671 et
1151 1645 1273 1671 Commel.
1288 1649 1353 1672 εἰπὼν
1366 1650 1424 1676 ζωὴν
1428 1663 1499 1671 .......
1512 1647 1578 1671 πάλιν
1591 1647 1664 1676 λέγει,
1679 1644 1715 1668 καὶ
1732 1649 1775 1676 ρει,-

1023 1689 1055 1714 ἦν.
1071 1689 1107 1711 καὶ
1120 1687 1146 1711 δι’
1159 1685 1260 1715 ἑαυτοῦ.]

247 1730 256 1742 ¹³
275 1723 373 1756 [Iidem
395 1731 451 1747 cum
472 1723 584 1748 Muttano
603 1727 683 1751 πάντες
703 1727 841 1750 ἐπίστευσαν.
860 1724 891 1747 Εῑ
913 1732 971 1748 mox

636 1820 810 1849 MUTIANO
833 1819 1086 1849 SCHOLASTICO
1108 1819 1362 1849 INTERPRETE.

216 1913 264 1942 iste
281 1911 442 1951 significavit
469 1909 601 1938 dicendo:
617 1910 709 1938 Verbo
735 1911 857 1938 virtutis
872 1920 945 1945 suoe,
960 1917 985 1938 et
999 1909 1132 1938 dicendo:
1156 1911 1214 1938 Per
1243 1919 1327 1948 quem
1349 1911 1438 1937 etiam
1459 1909 1567 1937 soecula
1577 1907 1664 1947 secit.
1696 1907 1775 1937 Unde

215 1959 296 1988 etiam
308 1959 366 1994 iste,
379 1965 403 1986 et
417 1964 476 1985 ante
487 1956 576 1985 omnia
589 1956 682 1985 saecula
691 1979 698 1993 ,
718 1963 743 1985 et
760 1957 884 1994 opificem
896 1968 956 1985 eum
967 1956 1092 1987 declarat.
1108 1956 1182 1992 Quid
1194 1967 1266 1995 ergo,
1282 1955 1388 1995 quando
1401 1956 1434 1984 de
1450 1956 1525 1984 Putre
1541 1955 1606 1984 dicit
1625 1955 1754 1994 propheta
1768 1968 1773 1983 ε

217 2006 247 2035 Α
260 2006 377 2040 saeculo,
397 2011 423 2033 et
439 2015 529 2043 usque
543 2006 573 2032 in
587 2004 724 2032 soeculum
737 2011 766 2032 tu
779 2007 828 2033 es?
842 2006 910 2033 Item
924 2004 958 2032 de
970 2005 1055 2041 Filio,
1074 2005 1137 2043 quia
1149 2011 1210 2033 ante
1231 2004 1319 2032 omnia
1334 2003 1429 2032 saecula
1439 2026 1445 2038 ,
1458 2009 1483 2031 et
1498 2002 1620 2031 omnium
1630 2002 1775 2031 fabricator

217 2052 321 2081 exsistit
334 2050 399 2090 quid
416 2049 634 2089 respondebunt?
650 2050 738 2089 Magis
751 2057 852 2088 autem,
869 2061 930 2079 cum
945 2050 1046 2079 dicitur
1059 2050 1093 2079 de
1108 2051 1197 2088 Patre,
1220 2050 1283 2088 quia
1298 2056 1359 2078 ante
1371 2049 1460 2077 omnia
1478 2048 1573 2077 saecula
1595 2048 1730 2084 consistit,
1751 2054 1776 2076 et

218 2100 268 2128 hoc
284 2098 355 2128 idem
369 2099 448 2127 etiam
465 2097 498 2125 de
512 2097 581 2125 Filio
598 2096 653 2125 dici
668 2097 791 2126 similiter
805 2098 979 2127 invenimus?
996 2097 1031 2126 Et
1046 2097 1119 2136 quod
1133 2098 1178 2126 ille
1194 2097 1275 2131 dicit,
1301 2096 1364 2135 quia
1379 2098 1446 2124 Vita
1467 2102 1541 2130 erat,
1557 2106 1572 2123 a
1589 2094 1716 2123 creaturis
1728 2095 1775 2123 di-

219 2146 365 2185 stinguitur
380 2144 520 2181 universis,
532 2144 596 2183 quia
610 2151 766 2173 cunctorum
780 2145 865 2174 vitam
879 2146 968 2184 ipsum
982 2155 1038 2174 esse
1049 2151 1151 2174 constat
1163 2156 1170 2172 :
1184 2144 1221 2173 sic
1235 2145 1313 2172 etiam
1329 2143 1377 2171 iste
1389 2142 1455 2170 dicit
1466 2154 1472 2169 ε
1483 2143 1592 2170 Ferens
1604 2144 1703 2170 omnia
1715 2153 1777 2170 vcr-

221 2195 256 2221 bo
270 2195 388 2222 virtutis
399 2203 478 2226 suoe‚·
493 2201 546 2220 non
563 2191 631 2220 sicut
654 2192 750 2229 pagani
766 2193 812 2230 qui
828 2203 888 2221 eum
902 2200 927 2222 et
939 2192 1089 2222 conditione
1101 2202 1189 2221 rerum
1203 2198 1228 2220 et
1241 2189 1410 2230 providentia
1430 2188 1525 2217 dicunt
1545 2199 1600 2217 esse
1620 2188 1757 2228 privatum
1768 2211 1775 2224 ‚

220 2250 304 2278 usque
315 2239 349 2268 ad
362 2240 456 2268 lunam
466 2239 523 2278 ejus
536 2238 681 2278 potentiam
694 2238 847 2268 [imitantes.
863 2242 921 2269 Per
940 2243 1032 2279 ipsum
1053 2239 1139 2275 enim,
1154 2238 1255 2277 inquit,
1271 2238 1489 2266 mundationem
1503 2237 1617 2274 faciens
1639 2242 1776 2274 peccato-

220 2295 284 2314 rum
300 2291 471 2313 nostrorum.
482 2285 625 2322 Postquam
636 2283 707 2312 enim
717 2283 788 2312 dixit
799 2286 922 2324 superius
936 2286 982 2314 itta
994 2295 1090 2324 magna
1107 2284 1238 2323 valdeque
1249 2283 1388 2320 miranda,
1401 2282 1467 2311 dicit
1482 2292 1552 2310 nunc
1564 2288 1589 2310 et
1601 2281 1635 2310 de
1644 2292 1707 2310 cura
1720 2281 1777 2320 ejus

220 2342 250 2361 ac
262 2331 454 2367 sollicitudine,
468 2341 549 2369 quam
569 2330 603 2359 de
620 2330 743 2360 omnibus
759 2332 834 2369 gerit.
848 2332 882 2360 Et
903 2333 1026 2370 quamvis
1045 2332 1114 2361 illud
1134 2331 1282 2361 universale
1300 2331 1344 2368 sit,
1368 2329 1440 2368 quod
1459 2329 1548 2357 omnia
1571 2328 1705 2366 contine13
1726 2338 1775 2356 ve-

221 2385 369 2407 rumtamen
379 2378 430 2407 hoc
441 2378 525 2407 multo
537 2377 652 2417 amplius
663 2384 701 2406 est
713 2378 875 2415 universale,
888 2387 1018 2417 qnantum
1041 2380 1068 2408 in
1085 2380 1143 2419 ipso
1155 2386 1203 2417 est,
1219 2377 1290 2417 quod
1306 2388 1396 2406 omnes
1411 2376 1591 2405 crediderunt.
1607 2375 1676 2404 Nam
1694 2375 1774 2404 etiam

221 2427 334 2454 Joannes
349 2426 429 2461 dicit,
449 2426 516 2454 Vita
529 2431 611 2459 παις
631 2424 678 2454 sed
693 2432 718 2454 et
737 2425 933 2464 providentiam
948 2428 1005 2466 ejus
1029 2427 1213 2463 manifestans,
1236 2426 1332 2454 iterum
1346 2424 1412 2453 dicit
1425 2436 1430 2451 ι
1448 2425 1593 2462 Quoniam
1609 2422 1706 2450 lumen
1720 2428 1771 2450 est.

220 2474 280 2501 Per
290 2475 392 2511 ipsum,
407 2473 505 2511 inquit,
523 2474 741 2502 mundationem
751 2474 867 2512 faciens
879 2481 1062 2512 peccatorum
1077 2481 1249 2509 nostrorum,
1266 2474 1364 2502 sedere
1376 2473 1446 2511 fecit
1462 2474 1493 2499 in
1507 2472 1625 2499 dextera
1638 2471 1773 2509 majesta-

219 2522 256 2548 tis
271 2521 303 2548 in
315 2520 444 2548 excelsis.
459 2520 519 2548 Duo
533 2519 655 2558 qnaedam
666 2520 717 2549 hoc
729 2520 757 2549 in
773 2520 831 2549 loco
845 2520 977 2559 significat
991 2522 1100 2560 majora,
1113 2521 1187 2560 quod
1201 2520 1233 2549 de
1245 2520 1321 2549 nobis
1331 2530 1422 2548 curam
1433 2524 1517 2557 gerat,
1531 2516 1572 2546 vel
1583 2515 1656 2554 quod
1668 2521 1773 2556 peccata

220 2572 309 2594 nostra
324 2564 510 2602 mundaverit,
528 2572 551 2593 et
575 2566 702 2603 quoniam
723 2576 769 2605 per
783 2565 898 2605 seipsum
913 2566 963 2594 hoc
977 2577 1044 2605 opus
1068 2567 1228 2605 impleverit.
1244 2565 1279 2594 Et
1294 2566 1320 2594 in
1340 2564 1432 2593 multis
1445 2562 1508 2591 locis
1532 2561 1651 2590 invenies
1669 2571 1729 2590 eum
1745 2560 1771 2588 in
