1906 2846
250 190 318 223 533
604 196 774 219 nantario
802 196 832 217 ix
862 195 983 216 aenou.
1013 195 1054 216 fir
1081 195 1209 217 monn„
1245 195 1447 225 StiQLtiN‘t't,x.

248 269 300 295 tur,
313 271 372 287 cuni
390 257 605 296 interpretatione
618 259 628 293 [
639 267 654 284 a
667 256 744 284 nobis
768 256 867 294 passim
879 261 997 283 correcta
1011 256 1022 291 ]
1034 254 1127 283 Eizelii
1142 262 1167 283 et
1181 255 1296 283 alioruin
1313 256 1358 293 qui
1376 256 1403 283 in
1418 255 1502 284 titulis
1514 264 1702 293 memorantur,
1717 268 1810 286 emen-

246 307 316 335 datis
338 304 423 332 titulis
451 301 597 331 secundum
618 302 784 331 Savilianam
799 300 963 335 Edidonem,
980 300 1167 339 adjunctisque
1192 301 1219 329 in
1241 301 1404 339 quibusdam
1423 301 1542 330 homiliis
1562 302 1615 337 iis,
1632 313 1690 340 qum
1707 304 1732 331 in
1748 305 1811 332 Μο-

248 353 359 389 guntino
375 350 466 379 codice
477 349 594 377 deerant.
610 349 619 385 [
634 348 743 385 Aliquot
758 347 830 375 tituli
845 357 878 375 ex
894 346 997 375 savilio
1016 346 1174 376 emendandi
1189 347 1338 383 restabant,
1352 347 1478 375 orationis
1492 358 1555 376 vero
1574 348 1640 376 vitia
1656 348 1793 378 innumera
1804 371 1812 385 ,

247 408 305 435 quae
325 397 483 435 plerumque
498 404 548 422 non
570 393 670 421 monito
685 393 781 421 lectore
795 392 961 421 sustulimus.
977 393 1017 420 lta
1039 392 1110 420 enim
1133 392 1298 421 Benedictini
1314 403 1369 420 rem
1383 399 1504 431 egerant,
1516 399 1546 421 ut
1567 394 1653 422 securi
1668 394 1810 422 Morettia-

249 455 313 473 num
329 442 466 481 exemplar
480 447 639 480 repeterent,
651 439 720 468 nibil
731 440 876 478 cogitantes
896 439 930 468 de
946 439 1163 478 corruptionibus
1175 450 1189 468 e
1202 439 1303 469 Savilio
1331 440 1516 479 corrigendis]
1527 440 1671 479 Poste-aque
1684 451 1727 470 eas
1748 451 1814 479 quas

252 490 371 520 §avilius
387 489 427 517 vel
456 489 601 516 inseruerat
623 487 666 515 vel
689 486 864 526 subjunxerat
880 509 887 523 ‚
903 486 1119 525 interpretatione
1143 486 1238 514 Latina
1255 497 1270 514 a
1286 497 1327 515 me
1338 486 1449 515 donatas
1465 487 1576 525 addidi,
1595 488 1688 526 utjam
1712 490 1748 521 48
1765 498 1814 516 nu-

250 549 355 567 merum
377 536 537 575 compleant.
551 534 624 563 Illud
639 534 719 562 etiam
741 534 838 562 tentavi
855 557 861 570 ,
876 533 948 572 quod
964 533 1084 562 Savitius
1102 544 1130 562 se
1144 544 1238 562 ausum
1256 544 1307 562 non
1323 533 1404 562 fuisse
1425 534 1575 573 profitetur,
1591 541 1620 562 ut
1643 545 1737 574 nempe
1757 535 1814 563 loca

249 594 361 624 operum
379 582 562 622 Clirysostomi
578 580 611 609 ad
627 580 775 618 marginem
790 581 823 609 ab
838 580 989 619 eclogarum
1009 580 1165 609 auctoribus
1183 587 1328 610 memorata
1343 581 1501 620 reperirem,
1516 587 1541 609 et
1562 581 1651 610 locum
1666 581 1712 609 ubi
1725 581 1751 610 in
1764 581 1816 610 bac

250 631 376 659 Editione
391 635 505 664 exstant,
517 628 690 667 assignarem.
707 630 740 655 At
759 635 900 667 postquam
919 638 947 656 ea
966 627 992 656 in
1014 638 1041 656 re
1056 638 1107 656 non
1122 639 1220 667 parum
1238 628 1432 656 desudaveram
1444 651 1451 664 ,
1468 635 1493 657 et
1506 628 1562 657 loca
1578 639 1630 657 non
1651 639 1735 667 pauca
1749 629 1817 658 assi-

248 688 391 717 gnaveram
417 687 477 715 quae
489 675 516 704 in
535 675 649 704 decursu
664 675 746 703 lector
758 675 899 704 observare
914 675 1010 715 poterit
1027 697 1033 710 ,
1050 675 1227 705 animadverti
1252 686 1308 704 rem
1323 682 1377 704 tam
1391 686 1529 715 operosam
1546 686 1602 704 esse
1616 683 1645 704 ut
1661 675 1708 704 vix
1722 675 1816 715 perfici

248 725 340 763 possit.
363 721 505 758 Quomodo
530 722 619 757 enim,
641 721 687 750 ubi
703 722 730 750 in
746 722 866 761 margine
883 722 1000 757 dieitur,
1027 723 1075 750 Es:
1104 724 1264 753 Comment.
1282 725 1313 750 in
1329 722 1501 751 Matthaeum
1514 745 1522 760 ‚
1540 726 1571 751 in
1593 723 1738 752 loannem
1751 745 1760 759 ,
1783 725 1818 752 in

249 772 344 809 Epist.
362 771 402 798 ud
416 771 572 802 Romanos,
589 769 628 796 ad
645 768 820 803 Corinthios,
838 769 879 796 ad
892 769 1050 802 Hebraeos,
1068 779 1130 797 cum
1144 779 1213 808 saepe
1228 769 1277 798 vix
1299 779 1349 797 una
1367 768 1497 808 periodus
1510 769 1612 808 integra
1634 779 1668 797 ex
1682 769 1729 798 illo
1741 780 1816 798 com—

250 817 380 845 mentario
395 817 522 845 asseratur
536 827 544 852 ς
556 815 599 844 rel
613 815 635 843 si
650 814 741 854 plures
756 815 861 854 periodi
882 815 965 844 variis
989 826 1023 844 ex
1046 815 1112 844 locis
1126 823 1256 856 excerptae
1280 816 1344 853 sint,
1363 826 1482 855 saepeque
1493 827 1508 844 a
1523 817 1674 855 collectore,
1697 822 1728 844 ut
1755 827 1816 845 cum

250 862 464 902 praecedentibus
487 861 618 900 quadrent
631 883 638 897 ‚
651 871 702 890 non
717 872 814 900 parum
828 868 965 890 mutentur
980 873 986 888 :
1003 862 1148 900 quomodo,
1162 863 1271 900 inquam
1285 884 1292 897 ,
1313 861 1341 889 in
1356 868 1411 890 tam
1426 861 1524 901 amplis
1546 861 1744 891 commentariis
1758 861 1816 889 hu-

247 909 367 948 jusmodi
388 908 532 949 particulas
551 907 697 947 expisceris
710 929 718 942 ,
732 914 758 936 et
782 907 850 946 quid
863 907 973 936 demum
988 908 1023 936 ad
1038 908 1144 937 lectoris
1158 907 1328 937 commodum
1342 908 1454 936 afferant
1469 907 1623 946 hujusmodi
1642 907 1816 937 indicationes

250 968 308 995 qum
322 957 357 986 ad
373 963 411 985 tot
421 963 446 985 et
458 963 532 984 tanta
541 955 678 984 volumina
688 955 815 993 legentem
826 955 989 984 amandam?
1001 956 1173 995 Quapropter
1183 956 1217 984 ab
1225 956 1390 984 infructuoso
1398 955 1489 983 labore
1499 955 1681 994 persequendo
1691 955 1817 984 abstinui.

250 1004 329 1042 [Sex
357 1011 491 1043 septemve
511 1003 616 1031 circiter
642 1003 713 1030 locos
735 994 938 1041 assignaverunt
961 1014 967 1030 z
995 1003 1074 1031 ceteri
1099 1013 1190 1031 omnes
1218 1009 1348 1041 quotquot
1373 1003 1441 1030 inter
1463 1012 1544 1030 uncos
1565 1001 1678 1030 indicati
1698 1009 1776 1038 sunt,
1802 1012 1817 1030 a

249 1050 327 1078 nobis
345 1051 465 1089 primum
487 1056 547 1078 sunt
567 1049 715 1077 monstrati.
732 1048 767 1077 Et
789 1059 836 1088 per
861 1059 951 1077 omnes
970 1049 1080 1078 sortasse
1091 1049 1195 1088 eclogas
1214 1049 1283 1077 hanc
1298 1059 1423 1088 operam,
1438 1047 1511 1076 taedii
1527 1047 1635 1086 quidem
1650 1055 1676 1076 et
1689 1048 1817 1077 molestiae

249 1098 367 1136 plenam.
380 1097 502 1126 nonnihil
521 1104 607 1125 tamen
623 1097 792 1135 profuturam
807 1096 841 1124 ad
854 1097 1017 1125 emendanda
1034 1097 1091 1136 ipsa
1107 1096 1293 1136 Cbrysostomi
1312 1095 1420 1134 scripta,
1433 1095 1564 1134 persecuti
1587 1095 1740 1129 fuissemus,
1765 1095 1816 1123 nisi

249 1144 371 1174 animum
384 1144 509 1183 cogitatio
521 1143 660 1179 subiisset,
670 1143 773 1171 auxilio
789 1153 919 1171 novorum
930 1154 997 1181 quos
1009 1143 1073 1171 huie
1088 1143 1206 1171 Editioni
1218 1153 1342 1182 paramus
1353 1142 1623 1180 locupletissimorum
1632 1142 1751 1171 indicum
1761 1149 1817 1170 tum

250 1203 350 1227 rerum,
369 1199 426 1221 tum
448 1192 568 1220 locorum
585 1201 618 1219 ex
633 1191 714 1219 sacris
727 1190 804 1218 libris
817 1198 1034 1225 memoratorum,
1049 1191 1174 1219 facillime
1189 1202 1265 1230 posse
1280 1191 1403 1219 lectorem
1416 1190 1504 1228 ipsum
1517 1190 1646 1228 cujusque
1662 1190 1758 1228 eclogae
1770 1200 1816 1218 sc—

249 1240 310 1268 detn
326 1240 461 1278 indagare.
478 1240 620 1278 Perpaucae
640 1238 710 1266 enim
734 1245 795 1266 sunt
816 1238 923 1277 eclogae,
939 1238 965 1266 in
981 1238 1079 1276 quibus
1102 1249 1152 1267 non
1170 1239 1261 1276 aliqua
1284 1238 1324 1265 vel
1349 1236 1477 1265 sententia
1493 1237 1572 1274 paulo
1583 1236 1813 1274 luctilentior,vel

249 1286 353 1316 dictum
374 1286 531 1326 g1·ave,x·ct
554 1286 607 1314 alia
625 1296 665 1314 res
688 1285 815 1324 quaelibet
831 1286 1013 1314 memorabilis
1035 1286 1169 1319 emineat,
1188 1286 1214 1313 in
1236 1285 1335 1313 tabutis
1363 1283 1530 1322 generalibus
1553 1284 1745 1323 consignanda,
1770 1285 1814 1313 vel

251 1334 332 1362 etiam
346 1334 421 1362 locus
435 1333 551 1362 biblicus
566 1333 696 1360 excitatus
709 1332 742 1360 sit
761 1344 766 1358 z
785 1332 822 1360 ita
837 1339 866 1360 ut
878 1332 927 1360 lioc
942 1332 983 1360 vel
1001 1332 1048 1360 illo
1063 1331 1181 1360 subsidio
1200 1331 1283 1359 utenti
1298 1353 1304 1365 ‚
1321 1331 1458 1368 quaesitam
1475 1329 1564 1358 sedem
1580 1330 1652 1359 baud
1663 1331 1748 1360 multo
1771 1341 1818 1360 ne-

251 1381 323 1419 gotio
338 1381 387 1409 tibi
400 1380 516 1420 reperire
528 1379 615 1407 liceat.
634 1379 743 1407 Interim
758 1386 854 1413 tamen,
868 1390 899 1407 ne
914 1379 955 1407 vel
971 1379 1009 1407 sic
1020 1386 1109 1406 nostra
1121 1378 1285 1407 desideretur
1294 1377 1443 1416 diligentia,
1458 1378 1505 1406 illa
1516 1378 1604 1406 omnia
1616 1378 1815 1417 expedivimus,

251 1427 286 1456 de
300 1427 397 1465 quibus
409 1426 453 1455 vel
464 1426 590 1454 memoria
602 1425 771 1460 admonebat,
780 1425 822 1453 vel
835 1425 880 1453 ubi
889 1426 998 1464 juvaret
1009 1432 1155 1463 quaerentes
1166 1425 1252 1453 rarius
1263 1423 1373 1462 aliquod
1386 1424 1413 1452 in
1428 1434 1512 1462 graeco
1524 1424 1694 1460 vocabulum,
1708 1431 1754 1453 aut
1765 1425 1817 1453 alia

251 1473 368 1512 denique
390 1481 455 1502 esset
470 1480 575 1513 promta
590 1472 739 1501 inveniendi
754 1473 822 1500 ratio
842 1484 847 1499 z
861 1472 983 1510 quaedam
996 1479 1189 1500 monstraverat
1202 1472 1281 1500 etiam
1296 1471 1453 1500 Matthaeius
1465 1471 1492 1499 in
1508 1471 1587 1507 libro,
1607 1472 1698 1500 Novoe
1709 1482 1745 1500 ex
1764 1473 1816 1501 J0.

255 1523 462 1559 Chrysostomo
477 1522 607 1559 Eclogoe.
634 1521 743 1549 Groece.
761 1521 893 1557 Illosquae
909 1520 995 1548 1807.
1009 1521 1049 1548 8⁰.
1066 1520 1103 1548 Ita
1115 1519 1264 1548 inchoatam
1280 1526 1348 1548 certe
1360 1519 1518 1547 exhibemus
1528 1529 1646 1557 operam,
1660 1519 1694 1547 ab
1707 1518 1816 1547 editori-

254 1569 306 1598 bus
324 1568 449 1597 omnibus
460 1568 535 1607 prius
550 1567 748 1595 reformidatam
762 1589 769 1602 ,
785 1566 881 1604 cuique
895 1566 1064 1605 perficiendae
1085 1573 1190 1595 aetatem
1207 1567 1338 1605 integram
1359 1564 1522 1594 asserendam
1541 1575 1596 1593 esse
1615 1564 1726 1604 putabat
1739 1565 1820 1594 Savi—

254 1617 317 1644 lius.
334 1616 365 1644 ld
383 1616 461 1644 etiam
476 1613 651 1649 monendum,
670 1614 756 1642 sicubi
783 1615 980 1643 consarcinator
992 1614 1086 1642 harum
1106 1614 1258 1652 eclogarum
1282 1613 1411 1642 orationis
1434 1619 1522 1652 partes
1544 1612 1718 1651 transposuit,
1733 1611 1817 1651 disje<

254 1664 290 1692 cit
304 1663 482 1698 contraxitve,
498 1672 545 1689 nos
560 1661 636 1689 toties
646 1660 734 1688 denuo
749 1660 907 1689 indicavisse
917 1661 1041 1699 paginas,
1053 1661 1156 1698 quoties
1164 1660 1307 1689 verborum
1322 1667 1396 1689 tenor
1407 1667 1431 1688 et
1442 1660 1506 1688 ordo
1520 1665 1586 1687 esset
1598 1658 1816 1698 interruptus,ita

256 1717 284 1737 ut
300 1709 430 1747 cujusvis,
448 1713 577 1745 quantum
602 1706 661 1735 fieri
684 1707 786 1745 potuit,
802 1707 882 1735 etiam
897 1707 1001 1735 lacinia:
1016 1706 1090 1735 sedes
1104 1707 1217 1745 pristina
1237 1709 1423 1744 nosceretur.]

297 1761 340 1789 Ex
353 1761 385 1788 iis
402 1770 465 1788 vero
488 1759 613 1787 omnibus
628 1769 688 1797 qua:
713 1759 784 1787 dicta
799 1766 861 1787 sunt
876 1781 884 1796 ,
899 1759 989 1788 inferri
1005 1766 1091 1799 potest
1112 1771 1207 1799 parum
1221 1760 1289 1788 lucri
1305 1770 1338 1788 ex
1352 1759 1448 1788 harum
1470 1759 1621 1798 eclogarum
1634 1758 1746 1788 lectione
1760 1770 1820 1799 per-

256 1809 309 1848 cipi
336 1818 423 1847 posse,
440 1818 501 1835 cum
525 1807 642 1835 maxime
659 1806 726 1842 loca,
741 1807 840 1845 quibus
856 1807 908 1835 illa:
923 1808 1110 1836 consarcinatae
1128 1808 1235 1836 fuerunt
1248 1830 1257 1845 ,
1271 1808 1298 1836 in
1311 1807 1377 1846 ipsis
1387 1806 1571 1846 Clirysostomi
1585 1806 1710 1845 operibus
1722 1813 1747 1835 et
1768 1807 1819 1835 ho-

256 1854 338 1882 miliis
353 1861 378 1882 et
402 1854 509 1892 puriora
525 1853 722 1891 sincerioraque
740 1853 802 1890 sint,
816 1860 841 1881 et
865 1863 925 1881 cum
941 1853 1150 1892 praecedentibus
1165 1861 1189 1882 et
1204 1853 1376 1892 sequentibus
1392 1854 1481 1892 aptius
1504 1852 1662 1881 cobaereant.
1677 1852 1747 1890 [Hoc
1759 1853 1819 1891 quis

256 1900 362 1928 tandem
391 1899 524 1928 miretur?
553 1899 666 1927 alterum
689 1906 778 1927 autem
800 1910 923 1928 veremur
944 1910 976 1928 ne
1002 1900 1092 1929 studio
1120 1901 1206 1939 magis
1221 1899 1367 1929 excusandi
1386 1899 1580 1928 festinationem
1607 1909 1683 1927 suam
1694 1922 1703 1935 ,
1737 1910 1818 1937 quam

256 1959 284 1976 re
297 1947 419 1986 experti,
436 1947 572 1983 dixerint,
589 1957 649 1974 cum
665 1957 716 1975 non
733 1957 832 1985 paucas
854 1957 887 1975 ex
902 1947 1001 1985 eclogis
1025 1948 1148 1977 meliores
1165 1948 1291 1976 lectiones
1300 1948 1355 1987 jam
1369 1947 1531 1986 protulerint
1549 1946 1583 1974 ad
1597 1946 1707 1985 singula
1721 1947 1819 1986 scripta

257 1993 441 2033 Clirysostomi
456 1993 527 2022 docti
543 1993 622 2032 Angli
641 1993 713 2032 apud
733 1993 866 2023 Sat-ilium
879 2016 886 2030 ‚
902 2001 927 2022 et
944 2005 1030 2033 nuper
1043 1995 1198 2024 Matthaeius
1213 1995 1238 2023 in
1255 1995 1324 2023 libro
1337 2001 1484 2023 memorato
1501 1994 1594 2022 utilem
1608 2004 1641 2022 ex
1653 1994 1686 2022 iis
1702 1994 1820 2022 fruct-um

259 2041 414 2082 perceperit.
437 2039 491 2069 Sed
516 2040 600 2068 libere
622 2041 770 2076 fateamur,
796 2050 893 2079 parum
914 2040 1022 2069 idoneos
1044 2052 1099 2070 csse
1129 2042 1209 2080 hujus
1233 2041 1270 2070 rei
1290 2041 1394 2080 judices
1418 2041 1603 2069 Benedictinos
1618 2062 1626 2077 ,
1648 2040 1693 2078 qui
1717 2040 1820 2079 eclogas

256 2090 328 2128 ipsas
349 2088 429 2116 valde
442 2094 584 2126 corruptas
597 2087 789 2122 exhibuerint,
813 2087 898 2116 critici
919 2098 980 2116 vero
1001 2088 1117 2117 subsidii
1132 2099 1164 2117 an
1180 2088 1245 2126 quid
1268 2088 1330 2116 inde
1351 2089 1403 2127 peti
1424 2088 1527 2126 possit,
1549 2088 1599 2115 vix
1615 2087 1696 2116 semel
1714 2087 1742 2116 in
1765 2094 1820 2116 toto

257 2146 366 2175 operum
387 2135 486 2173 Chrys.
506 2134 618 2162 decursu
636 2135 817 2172 quaesiverint.
836 2136 876 2164 En
892 2145 975 2164 unum
991 2136 1162 2175 exemplum:
1178 2137 1206 2164 in
1219 2135 1330 2164 homilia
1346 2135 1378 2164 de
1393 2142 1470 2174 capto
1489 2134 1620 2172 Eutropio
1638 2140 1656 2163 t.
1671 2136 1697 2170 3,
1709 2145 1736 2173 p.
1751 2136 1818 2168 389,

259 2184 291 2220 C,
309 2182 453 2211 dimidiam
471 2181 577 2210 circiter
598 2182 724 2220 paginam
742 2192 775 2210 ex
793 2192 845 2210 uno
868 2184 920 2211 Ms.
940 2182 1025 2221 Regio
1039 2183 1121 2222 primi
1138 2183 1329 2222 suppleverunt
1344 2181 1509 2211 Benedictini
1525 2181 1607 2209 :addi
1622 2181 1709 2220 potuit
1726 2181 1818 2210 eadem

258 2230 284 2257 in
303 2229 401 2268 eclogis
419 2239 475 2258 esse
488 2229 619 2266 servata]
632 2229 724 2257 Unum
746 2229 856 2257 sortasse
879 2229 974 2265 fuerit,
996 2229 1021 2258 in
1044 2240 1097 2268 quo
1115 2229 1220 2268 aliquid
1238 2229 1300 2258 boni
1322 2229 1452 2268 expiscari
1466 2228 1568 2267 possis,
1587 2238 1622 2256 ex
1637 2228 1702 2256 locis
1725 2238 1821 2268 nempe

259 2277 312 2304 illis
323 2299 330 2312 ,
345 2287 404 2314 quae
420 2287 454 2304 ex
467 2275 593 2315 operibus
611 2275 795 2314 Chiysostomi
808 2298 814 2311 ,
831 2287 890 2314 quae
904 2276 1024 2316 periere,
1040 2284 1164 2316 excerpta
1177 2284 1248 2305 sunt.
1262 2277 1366 2305 Verum
1382 2283 1557 2315 praeterquam
1569 2274 1641 2312 quod
1656 2274 1816 2314 paucissima

257 2323 302 2350 illa
318 2323 374 2351 loca
389 2330 450 2352 sunt
472 2323 515 2360 [si
531 2322 612 2351 modo
627 2323 682 2350 utta
697 2324 777 2360 sunt]
791 2345 797 2357 ‚
822 2323 857 2351 ita
877 2323 996 2352 breviter
1017 2324 1180 2359 asseruntur,
1195 2331 1224 2352 ut
1239 2324 1287 2352 vix
1301 2324 1476 2351 internoscere
1490 2322 1574 2361 possis
1593 2332 1627 2350 ex
1650 2322 1814 2360 germanisne

255 2380 287 2397 an
314 2381 347 2398 ex
367 2370 432 2398 salso
457 2369 600 2409 adscriptis
629 2369 819 2409 Chrysostomo
845 2371 972 2410 operibus
987 2378 1111 2410 excerpta
1134 2371 1241 2399 suerint.
1260 2369 1302 2399 Ad
1318 2370 1376 2399 haec
1395 2376 1483 2398 autem
1498 2369 1591 2397 isthaec
1611 2368 1722 2396 moralia
1741 2379 1814 2406 qum-

255 2415 317 2444 dam
336 2417 422 2445 solum
442 2424 573 2455 praecepta
590 2416 733 2453 exhibent,
756 2428 815 2455 quae
838 2417 865 2446 in
886 2425 958 2446 tanta
985 2428 1096 2457 operum
1118 2418 1185 2447 silva
1208 2417 1352 2446 sexcenties
1376 2428 1390 2445 a
1410 2423 1499 2445 sancto
1519 2416 1626 2445 doctore
1648 2421 1812 2454 repetuntur.

256 2464 295 2491 Ne
308 2464 374 2501 quid
390 2471 476 2492 tamen
494 2464 639 2493 desiderari
655 2464 792 2500 videatur,
808 2466 1000 2504 amplissimam
1016 2466 1152 2503 omnium⁷
1177 2477 1235 2504 quse
1261 2466 1316 2504 jam
1339 2465 1480 2501 hahentur,
1495 2464 1645 2503 eclogarum
1675 2462 1812 2492 collectio-

256 2510 312 2538 nem
337 2511 507 2550 proferimus.

878 2570 1209 2586 ⁴000&—
