1886 2846
485 161 516 184 {N
545 160 652 183 tii‘tS'r.
684 161 728 183 AD
756 159 926 183 nuntiatos.
955 159 1033 182 CAP.
1063 159 1110 181 ix.
1141 158 1258 182 uoluit„
1288 159 1360 181 xiv.
1620 159 1680 181 211

113 224 186 256 θινῆς
196 223 241 252 καὶ
254 224 413 261 νυκτερινῆς.
426 222 563 261 Ὀλύμπια
577 223 669 252 πολλοὶ
682 222 808 255 πολλάκις
816 223 889 260 ὑμῶν
943 228 1005 249 50111
1023 220 1137 259 singulis
1154 220 1251 249 diebus
1271 220 1387 260 scopuli,
1401 220 1550 258 quinetiam
1567 232 1636 260 saepe
1660 221 1686 249 in

111 268 252 298 ἐθεάσαντο
263 281 269 286 ·
285 269 331 297 καὶ
345 270 392 297 οὐκ
406 268 548 298 ἐθεάσαντο
560 269 648 307 μόνον,
666 269 734 297 ἀλλὰ
749 269 793 297 καὶ
804 280 890 297 σπου-
908 275 926 297 C
944 277 988 295 eos
1004 266 1129 306 impingit
1142 267 1238 306 scapha
1252 274 1277 295 ct
1291 267 1424 295 obruitur.
1442 267 1584 306 Propterea
1598 278 1686 306 preca-

111 315 205 344 δοισταὶ
225 316 270 344 καὶ
292 315 444 352 θαυμασταὶ
458 317 508 344 τῶν
523 316 721 354 ἀγωνιζομένων
735 315 866 354 ἐγένοντο,
878 316 891 342 ὁ
946 313 1016 342 tione
1024 313 1102 342 nobis
1112 323 1180 353 opus
1189 313 1362 348 est‚maxime
1372 313 1502 341 matutina
1512 320 1537 342 et
1546 320 1673 342 nocturna
1684 335 1691 343 .

109 361 156 398 μὲν
169 361 270 397 τούτου,
283 363 295 389 ὁ
308 360 335 390 δὲ
352 360 463 389 ἐκείνου.
475 361 546 390 'tna
562 357 606 389 οὖν
619 362 660 390 ὅτι
678 362 722 390 καὶ
734 362 781 394 τὰς
791 360 893 400 ἡμέρας
947 360 1028 389 Multi
1041 371 1075 389 ex
1091 360 1166 389 vobis
1181 370 1251 399 511110
1265 366 1417 399 spectarunt
1433 359 1574 399 Olympia,
1590 370 1637 388 000
1648 371 1690 388 50-

109 408 162 434 τῶν
178 407 298 445 ἀγώνων,
313 407 357 435 καὶ
374 407 420 439 τὰς
437 407 531 439 νύκτας
545 407 660 443 ἐκείναις,
678 409 710 437 δι’
726 408 789 443 (ΤΛ-ης
801 407 893 440 νυκτὸς
947 407 1004 436 lum
1020 414 1184 447 spectarunt,
1200 406 1245 435 sed
1258 407 1337 435 etiam
1353 417 1444 435 eorum
1460 406 1505 445 qui
1519 407 1690 435 decertabant

110 455 124 481 ὁ
143 452 226 491 κῆρυξ
249 452 321 481 οὐδὲν
344 452 410 482 ἄλλο
425 453 556 492 φροντίζει
568 477 574 489 ,
590 454 663 483 οὐδὲν
681 455 744 483 οἷὶλο
760 458 892 493 μεριμνᾷ,
947 454 1054 482 suerunt
1067 454 1181 482 fautores
1203 459 1228 482 et
1242 452 1428 489 admiratores,
1453 460 1478 481 et
1498 453 1564 481 alter
1579 453 1690 491 quidem

109 498 126 532 ἢ
148 498 218 531 ὅπως
245 498 355 532 ἐξελθὼν
385 499 421 536 μὴ
454 501 632 538 ἀσχημονήσῃ
656 503 669 529 ὁ
693 500 891 538 ἀγωνιζόμενος.
948 500 1038 540 hujus,
1054 500 1120 529 alter
1133 510 1196 528 vero
1211 499 1294 528 illius.
1312 499 1392 528 Scitis
1407 509 1470 537 ergo
1484 498 1555 537 quod
1570 509 1617 538 per
1631 509 1690 527 cer-

112 539 226 573 Ἐκεῖνοι
241 544 292 584 γὰρ
309 546 332 573 οἱ
344 546 564 584 παρακαθήμενοι
577 548 613 585 τῷ
626 547 777 584 σαλπιγκτῇ
790 557 891 584 παρεγ-
946 547 1077 575 taminum
1091 547 1151 575 illos
1165 546 1222 574 dies
1236 553 1261 574 et
1276 552 1376 579 noctes,
1395 552 1447 574 tota
1462 552 1537 574 1111010
1551 556 1637 584 praeco
1649 546 1690 573 ni-

112 593 195 630 γυῶσι
211 591 277 628 μηδὲ
292 590 450 629 φθέγγεσθαί
463 603 514 619 τινι
527 615 533 627 ,
550 592 618 620 ὥστε
635 592 671 629 μὴ
689 591 718 619 τὸ
729 595 832 629 πνεῦμα
845 592 890 619 δα·
944 595 983 623 1111
1008 595 1081 623 aliud
1110 594 1220 633 cogitat,
1243 593 1277 623 de
1302 593 1376 622 nullo
1402 593 1455 622 alio
1479 601 1517 622 051
1543 593 1689 629 sollicitus,

111 637 265 675 πανώμενον
277 637 382 676 γέλωτα
395 638 493 676 ὄφλειν.
510 639 540 666 tit
556 639 641 667 τοίνυν
658 640 670 666 ὁ
685 651 718 667 επ
744 638 889 678 ἀνθρώπων
945 652 1026 679 quam
1056 651 1087 669 ue
1111 651 1231 679 egressus
1253 641 1275 668 is
1289 641 1335 678 qui
1359 647 1441 669 certat
1460 651 1488 668 50
1501 639 1624 668 indecore
1640 650 1687 678 ge-

113 684 286 722 ἆγωνίζεῦθαι
317 683 433 721 μέλλων,
463 683 578 723 τοσαύτῃ
605 684 734 724 κέχρηται
760 685 869 724 προνοίᾳ
883 696 888 701 ·
945 694 994 715 131.
1011 688 1077 716 Nam
1100 687 1140 715 illi
1164 687 1211 725 qui
1237 687 1366 724 assident,
1391 686 1503 714 tubicini
1525 685 1637 714 suadent
1659 696 1690 714 110

111 731 201 769 πολλῷ
218 731 317 769 μᾶλλον
336 733 401 767 ἡμῖν
419 730 529 768 ἁρμόσει
548 731 673 766 διηνεκῶς
686 731 829 771 φροντίζειν
843 732 889 760 καὶ
945 734 1070 772 loquatur
1084 732 1193 772 quidem
1216 733 1308 770 alicui,
1333 744 1364 761 ne
1388 732 1515 772 spiritum
1532 742 1689 760 consumens

111 781 250 816 μεριμνᾷν,
276 772 313 809 οἷς
335 779 348 805 ὃ
373 781 426 809 πᾶς
450 776 505 815 βίος
532 778 602 815 ἀγών
620 779 684 806 ἓστι-
708 779 787 807 Πᾶσα
802 777 888 807 τοίνυν
907 788 925 810 11
945 781 977 809 511
995 781 1138 809 ridiculus.
1155 780 1182 810 Si
1200 780 1283 820 igitur
1302 781 1351 818 qui
1367 790 1455 808 coram
1475 779 1631 808 hominibus
1652 787 1689 808 est

111 824 179 853 ἔστω
203 823 247 856 νὺξ
261 823 405 862 παννυχὶς,
421 824 465 852 καὶ
481 826 651 862 μεριμνῶμεν
667 825 722 857 πῶς
743 824 889 858 ἐξελθόντες
945 834 1105 863 certaturus,
1121 833 1220 855 tantam
1233 837 1325 854 curam
1338 826 1406 864 gerit
1422 839 1427 853 :
1444 825 1530 854 multo
1546 825 1631 864 magis
1644 836 1690 854 110-

111 870 157 906 τὴν
172 869 284 909 ἡμέραν,
301 869 337 907 μὴ
352 869 457 908 γέλωτα
482 871 614 908 ὄφλωμεν.
632 870 685 899 Καὶ
710 871 760 899 εἴθε
785 871 889 910 γέλωτα
945 873 986 901 his
1007 872 1269 902 00111011101055111110
1293 883 1349 901 esse
1365 872 1493 900 sollicitos
1515 878 1541 900 et
1561 872 1688 910 cogitare,

112 917 189 954 μόνον
203 928 208 934 ·
224 917 280 944 νυνὶ
296 915 322 944 δὲ
340 917 454 951 κάθηται
470 918 495 945 ἐν
515 917 586 955 δεξιᾷ
601 919 646 946 τοῦ
660 917 767 956 Πατρὸς
783 920 796 946 ὁ
815 919 887 955 ἇγω-
944 919 1042 958 quibus
1050 926 1103 947 tota
1113 919 1167 947 vita
1180 925 1217 947 est
1229 919 1449 947 certamen.Tota
1460 928 1523 957 ergo
1535 928 1589 946 nox
1597 918 1631 946 sit
1644 928 1690 946 no-

111 963 217 998 νοθέτης
229 985 236 997 ,
252 962 352 991 ἀκούων
370 964 486 1001 ἀκριὸῶς
503 964 566 1001 μήτι
580 963 682 1002 ἀπηχὲς
695 963 868 1002 φθεγγώμεθα
881 986 888 998 ,
945 966 986 994 bis
1002 965 1188 1004 pervigilium,
1202 972 1228 994 et
1242 965 1350 994 solliciti
1366 965 1450 993 simus
1466 975 1498 993 ne
1517 975 1530 992 e
1547 964 1590 993 die
1603 974 1690 1003 egres-

113 1009 178 1046 μήτι
194 1008 267 1047 παρὰ
292 1008 385 1046 μέλος·
409 1010 437 1037 οὐ
461 1009 513 1046 γὰρ
529 1009 695 1047 πραγμάτων
713 1009 801 1047 μόνον,
820 1009 934 1053 οἷλλόιΗὲἲ
945 1012 978 1047 51,
1003 1011 1087 1039 simus
1112 1011 1232 1039 ridiculi.
1259 1011 1294 1039 Et
1311 1011 1414 1039 utinam
1436 1018 1540 1040 tantum
1556 1011 1664 1040 ridiculi
1682 1023 1688 1038 :

113 1055 157 1083 καὶ
172 1053 298 1093 ῥημάτων
313 1053 368 1081 ἐστὶ
381 1053 482 1091 κριτής.
496 1054 719 1092 Παννυχίσωμεν,
737 1054 888 1093 ἀγαπητοί·
908 1062 927 1083 Α
946 1067 1016 1085 1111110
1030 1063 1119 1084 autem
1133 1056 1206 1084 sedet
1226 1056 1261 1084 ad
1277 1056 1415 1085 dexteram
1431 1057 1517 1085 Patris
1532 1057 1690 1096 agonotheta

111 1102 206 1140 ἔχομεν
219 1099 263 1128 καὶ
277 1101 354 1137 ἡμεῖς
369 1099 553 1135 σπουδαστὰς,
566 1099 612 1128 ἐὰν
628 1100 746 1138 Οὲλωμεν
761 1111 766 1117 ·
783 1101 888 1140 ἑκάστῳ
944 1102 1089 1141 diligenter
1103 1102 1215 1130 audieus
1228 1113 1260 1130 ne
1274 1102 1340 1140 quid
1356 1102 1498 1140 loquamur
1512 1103 1585 1141 quod
1602 1103 1691 1132 disso-

111 1149 187 1184 ἧμῶν
202 1146 311 1184 ἄγγελος
332 1145 536 1185 παρακάθηται·
551 1148 628 1184 ἡμεῖς
648 1146 675 1176 δὲ
699 1146 827 1185 ῥέγχομεν
855 1147 888 1176 δι’
946 1155 1007 1185 net,
1032 1155 1056 1176 et
1080 1159 1113 1176 ne
1126 1148 1192 1186 quid
1206 1148 1279 1186 quod
1295 1147 1375 1176 modo
1389 1159 1440 1176 non
1456 1150 1597 1178 conveniat
1615 1163 1620 1178 τ
1638 1160 1690 1178 non

111 1193 174 1227 ὅλης
188 1191 296 1224 νυκτός·
317 1191 361 1220 καὶ
380 1192 432 1221 εἴθε
458 1195 533 1221 τοῦτο
549 1192 643 1230 μόνον·
668 1193 760 1222 πολλοὶ
784 1192 812 1221 δὲ
840 1194 883 1222 καὶ
946 1202 983 1224 051
995 1195 1067 1224 enim
1078 1194 1259 1234 solnmjudex
1271 1205 1371 1231 rerum,
1383 1195 1428 1223 sed
1442 1195 1521 1223 ctiam
1535 1196 1688 1225 verborum.

113 1239 211 1276 ἀσελγῆ
234 1237 378 1275 πράττουσι
392 1238 478 1267 πολλὰ
489 1261 496 1274 ,
514 1240 538 1267 οἱ
559 1238 605 1276 μὲν
629 1239 693 1277 πρὸς
709 1239 774 1268 αὐτὰ
789 1239 821 1268 τὰ
835 1251 886 1279 χα-
946 1243 1042 1271 Totam
1059 1248 1162 1270 noctem
1180 1241 1382 1281 pervigilemus,
1397 1251 1413 1269 o
1427 1241 1519 1269 dilecti
1536 1253 1541 1268 ε
1558 1241 1689 1271 habemus

115 1288 260 1321 μαιτυπεὶα
276 1283 440 1321 βαδίζοντες,
457 1286 480 1314 οἷ
496 1284 523 1314 δὲ
543 1285 590 1317 τὰς
607 1285 691 1319 οἰκίας
703 1290 811 1325 πορνεῖα
824 1298 885 1315 ποι·
943 1299 990 1317 nos
1004 1299 1111 1327 quoque
1125 1288 1251 1323 fautores,
1274 1287 1295 1316 si
1311 1287 1427 1316 velimus
1452 1299 1458 1315 z
1478 1287 1622 1325 unicuique
1637 1299 1689 1316 no—

113 1333 200 1362 οῧντες
212 1330 249 1368 τῷ
262 1329 366 1369 ἑταίρας
382 1329 454 1368 ἄγειν
469 1331 532 1359 ἐκεῖ.
546 1332 621 1360 Πάνυ
632 1343 661 1370 γε
671 1343 677 1349 ·
690 1333 718 1361 οὐ
733 1333 783 1371 γὰρ
799 1333 887 1366 καλῶς
942 1341 1028 1363 strum
1042 1334 1140 1363 assidet
1155 1334 1266 1373 angelus
1281 1346 1286 1361 ε
1302 1343 1349 1361 nos
1361 1339 1451 1361 autem
1465 1339 1518 1361 tota
1534 1339 1610 1361 110010
1622 1340 1688 1362 ster-

115 1378 277 1416 μεριμνῶσιν
300 1376 491 1415 ἀγωνίσασθαι.
503 1376 612 1416 Ἕτεροι
630 1377 754 1415 μεθύουσι
768 1379 813 1407 καὶ
831 1391 887 1407 πα-
905 1381 922 1403 Β
941 1380 1033 1409 timus.
1051 1380 1086 1409 Et
1110 1381 1212 1409 utinam
1227 1379 1278 1408 hoc
1293 1385 1396 1407 tantum
1413 1390 1418 1406 :
1436 1378 1514 1407 multi
1530 1389 1592 1407 vero
1608 1378 1688 1407 etiam

115 1423 320 1462 ραφθέγγοντοιι,
338 1423 414 1451 ἄλλοι
429 1423 589 1462 θορυὲοῧσιν,
603 1425 688 1463 ἕτεροι
699 1425 887 1464 παννυχίζουσι
941 1427 1026 1456 multa
1039 1427 1141 1456 faciunt
1152 1426 1292 1466 flagitiosa,
1304 1425 1352 1454 alii
1363 1425 1473 1463 quidem
1483 1432 1575 1454 euntes
1586 1424 1620 1453 ad
1630 1425 1687 1465 ipsa

114 1470 219 1504 κακῶς,
235 1469 280 1497 καὶ
296 1471 348 1498 τῶν
373 1469 550 1498 καθευδόντων
577 1473 664 1508 χεῖρον
677 1470 818 1504 πλέκοντες
843 1472 886 1501 '60‘-
941 1473 1102 1512 prostibula,
1117 1473 1164 1501 alii
1186 1480 1275 1502 autem
1303 1482 1365 1500 suas
1390 1471 1459 1500 aedes
1486 1471 1626 1510 lupanaria
1646 1471 1687 1500 sa—

114 1516 174 1547 λους
186 1527 192 1532 ·
207 1514 282 1544 ἄλλοι
303 1515 394 1548 τόκους
413 1517 596 1554 ἀριθμοῦντες,
611 1516 695 1554 ἕτεροι
710 1517 828 1555 φροντίσι
842 1529 886 1546 κο·
941 1520 1049 1555 cientes,
1067 1519 1139 1558 quod
1162 1519 1228 1548 illuc
1241 1519 1342 1548 ducant
1358 1518 1519 1547 meretrices.
1540 1518 1580 1546 Ita
1597 1528 1660 1546 sane
1680 1530 1686 1545 τ

114 1562 257 1599 πτόμενθῑ,
283 1561 328 1590 καὶ
351 1561 439 1590 πάντα
464 1562 563 1599 μᾶλλον
589 1564 738 1600 ποιοῦντες,
755 1562 772 1596 ἢ
793 1562 827 1592 τὰ
849 1566 886 1601 τῷ
942 1576 993 1594 11011
1007 1572 1069 1595 sunt
1082 1565 1153 1594 enim
1168 1565 1278 1594 solliciti
1303 1570 1332 1592 ut
1348 1571 1418 1592 recte
1431 1570 1540 1592 certent.
1556 1563 1610 1591 Alii
1624 1571 1687 1592 sunt

114 1608 197 1645 ἀγῶνι
212 1607 387 1646 προσ-ἥκοντα.
402 1608 462 1642 Διὸ,
478 1609 628 1646 παρακαλῶ
638 1630 645 1643 ,
659 1608 748 1637 πάντα
762 1609 870 1648 ἀφέντες
881 1632 888 1644 ,
940 1610 1008 1638 ebrii
1031 1617 1055 1638 et
1072 1620 1212 1649 perperam
1228 1609 1386 1647 loquuntur,
1401 1607 1449 1636 alii
1467 1607 1666 1636 tumultuantur
1676 1631 1683 1642 ,

116 1655 153 1686 εἷς
169 1653 194 1682 ἓν
211 1654 312 1691 ὁρῶμεν
328 1653 415 1691 μόνον,
429 1653 500 1685 ὅπως
516 1653 545 1682 τὸ
561 1654 682 1692 βραὸεῑον
697 1653 831 1692 λάθωμεν,
844 1655 888 1684 καὶ
941 1654 987 1683 alii
1009 1661 1090 1683 totam
1106 1661 1210 1682 noctem
1224 1654 1295 1682 male
1310 1652 1482 1692 pervigilant,
1499 1651 1531 1680 iis
1546 1652 1626 1680 etiam
1640 1652 1686 1690 qui

535 1762 710 1791 MUTIANO
733 1761 993 1791 SCHOLASTICO
1015 1761 1268 1790 INTERPRETE.

114 1853 219 1894 scopuli
235 1853 350 1893 oppositi
364 1860 436 1889 50111,
449 1860 474 1882 01
486 1854 584 1893 saepius
597 1853 623 1882 in
635 1853 697 1882 illos
710 1853 775 1882 elisa
790 1853 854 1882 ratis
868 1853 988 1882 demersa
1003 1859 1051 1881 est.
1069 1853 1212 1892 Propterea
1227 1861 1294 1891 opus
1309 1858 1348 1880 est
1363 1851 1440 1880 nobis
1453 1851 1583 1887 oratione,
1601 1850 1688 1880 1113111·

115 1912 158 1930 1110
171 1908 260 1929 autem
276 1901 408 1929 matutina
422 1907 447 1929 et
461 1907 600 1929 nocturna.
617 1900 777 1940 Olympiaca
793 1901 938 1929 certamina
952 1899 1063 1939 plurimi
1079 1906 1199 1927 vestrum
1212 1904 1411 1937 spectaverunt,
1426 1904 1452 1926 et
1464 1908 1516 1926 non
1529 1898 1617 1926 50111111
1628 1907 1687 1936 spc-

116 1954 266 1983 ctaverunt‚
279 1947 324 1976 sed
337 1954 362 1976 et
376 1947 543 1976 festinatores
557 1954 581 1976 et
598 1948 740 1976 miratores
755 1948 914 1976 certantium
931 1947 1038 1975 fuerunt
1051 1957 1057 1973 :
1070 1952 1094 1974 et
1110 1945 1179 1973 alius
1193 1944 1302 1983 quidem
1319 1944 1405 1979 illius,
1420 1944 1489 1973 alius
1504 1951 1594 1973 autem
1612 1944 1688 1972 illius

116 2002 219 2025 amator
233 1996 294 2024 suit.
309 1995 390 2025 Scitis
404 2006 467 2034 ergo
481 1995 616 2034 quomodo
630 2003 654 2024 et
668 1995 726 2024 dies
741 1995 906 2031 certaminis,
921 2001 945 2023 et
960 2001 1049 2023 noctes
1063 1993 1123 2022 illas
1134 2003 1183 2033 per
1195 2003 1301 2021 omnem
1315 1998 1419 2020 noctem
1433 2002 1520 2031 praeco
1533 1991 1602 2020 nibil
1612 1991 1687 2020 alind

116 2050 204 2078 curat,
229 2043 264 2072 de
284 2043 357 2072 nullo
370 2042 424 2072 alio
440 2043 573 2072 sollicitus
596 2050 646 2080 051,
663 2042 714 2071 11151
729 2042 865 2081 quomodo
881 2042 973 2071 exiens
988 2051 1039 2070 non
1057 2039 1205 2076 erubescat,
1222 2039 1268 2078 qui
1285 2045 1436 2068 certaturus
1451 2045 1489 2067 est
1511 2050 1517 2066 ε
1541 2038 1583 2067 1111
1596 2045 1686 2067 autem

116 2091 163 2129 qui
177 2091 295 2120 assident
309 2091 408 2120 cornici
422 2098 531 2120 monent
546 2101 630 2129 neque
646 2091 718 2130 loqui
733 2091 827 2128 alicui,
843 2101 875 2120 110
889 2090 1015 2130 spiritum
1030 2099 1110 2118 suum
1125 2087 1280 2127 expendens
1294 2086 1396 2115 derisui
1411 2087 1468 2114 fiat.
1486 2087 1514 2115 Si
1530 2086 1614 2125 igitur
1625 2086 1682 2121 ille,

115 2139 160 2177 qui
184 2139 254 2168 inter
269 2139 391 2168 homines
405 2146 556 2168 certaturus
574 2146 625 2177 est,
649 2146 720 2168 tanta
735 2138 904 2179 providentia
920 2138 1016 2175 utitur,
1031 2137 1115 2166 multo
1131 2135 1249 2175 amplius
1271 2145 1318 2163 nos
1333 2134 1458 2163 convenit
1475 2145 1579 2174 semper
1593 2145 1685 2163 curam

115 2187 214 2216 habere
234 2195 259 2216 ct
273 2187 492 2222 sollicitudinem,
510 2188 612 2226 quibus
628 2188 715 2216 omnis
730 2188 784 2216 vita
799 2194 932 2216 certamen
947 2193 996 2215 est.
1015 2185 1110 2215 Omnis
1126 2185 1210 2224 igitur
1225 2194 1278 2212 nox
1293 2183 1327 2211 sit
1351 2182 1427 2211 nobis
1443 2182 1568 2222 pervigil,
1593 2189 1617 2211 et
1634 2193 1684 2211 cu-

115 2245 173 2264 ram
189 2245 312 2274 geramus
327 2234 461 2273 quomodo
474 2242 689 2275 pertranseamus
703 2235 775 2264 diem
785 2258 792 2271 ,
806 2245 839 2264 ne
862 2235 929 2264 sorte
943 2233 1045 2263 derisui
1060 2233 1210 2261 habeamur
1236 2231 1319 2269 Atqui
1341 2229 1444 2258 utinam
1459 2230 1546 2258 solnm
1561 2229 1663 2258 derisui
1677 2243 1682 2259 :

116 2293 186 2312 nunc
199 2289 288 2311 autem
301 2281 374 2311 sedet
392 2282 419 2311 in
432 2282 542 2312 dextera
558 2283 646 2311 Patris
660 2289 792 2322 spectator
808 2281 970 2318 certaminis,
985 2279 1097 2309 audiens
1111 2279 1265 2318 diligenter,
1289 2287 1321 2306 nc
1336 2277 1402 2305 sorte
1426 2276 1529 2315 aliquid
1555 2276 1685 2306 absonum

115 2330 320 2370 proloquamur,
337 2340 370 2359 ne
383 2329 488 2368 aliquid
502 2337 599 2370 praeter
614 2329 803 2359 modulamen:
819 2339 871 2358 non
887 2328 958 2357 enim
975 2338 1064 2356 rerum
1079 2326 1206 2362 solarum,
1219 2324 1264 2354 sed
1280 2324 1360 2353 etiam
1375 2323 1520 2352 verborum
1531 2323 1617 2363 judex
1637 2331 1684 2353 est.

115 2377 269 2417 Vigilemus
278 2377 376 2416 itaque,
389 2376 556 2406 dilectissimi
571 2389 577 2404 :
595 2377 742 2405 habeamus
753 2383 778 2405 et
788 2386 836 2405 nos
851 2375 993 2413 studiosos,
1005 2374 1028 2403 si
1041 2373 1208 2404 voluerimus
1228 2384 1234 2400 z
1252 2372 1398 2410 unicuique
1409 2378 1529 2400 nostrum
1543 2371 1630 2410 angeli
1645 2382 1688 2400 35·

115 2427 252 2456 sisterent:
263 2436 310 2455 nos
325 2433 414 2455 autem
429 2426 564 2455 stertimus
579 2436 626 2465 per
639 2432 721 2454 totam
732 2431 846 2454 noctem.
863 2426 949 2463 Atque
961 2423 1063 2453 utinam
1077 2423 1128 2452 1100
1143 2422 1229 2451 solum
1244 2433 1250 2449 ε
1267 2420 1344 2449 multi
1359 2426 1448 2448 autem
1459 2427 1484 2448 et
1494 2420 1595 2458 flagitia
1607 2420 1684 2459 plura

117 2475 295 2511 committunt,
308 2474 354 2503 alii
369 2474 479 2512 quidem
499 2474 534 2503 ad
549 2474 596 2502 ista
614 2473 762 2513 prostibula
777 2479 877 2510 0011105,
889 2473 936 2502 alii
951 2479 1041 2501 autem
1057 2471 1151 2500 domos
1167 2480 1228 2499 suas
1242 2469 1336 2498 domos
1351 2467 1535 2496 fornicationis
1548 2468 1683 2503 facientes,

119 2521 268 2551 meretrices
281 2522 344 2551 illuc
359 2521 527 2551 adducendo.
543 2521 588 2549 1511
604 2521 667 2550 satis
682 2521 747 2549 benc
761 2521 878 2560 cogitant
900 2520 934 2549 de
947 2519 1100 2554 certamine,
1114 2516 1186 2556 quod
1200 2527 1260 2545 rum
1278 2515 1387 2545 diabolo
1401 2515 1525 2544 certaturi
1539 2523 1611 2544 sunt.
1630 2517 1683 2545 Alii

120 2569 187 2598 ebrii
200 2577 268 2608 sunt,
284 2570 320 2599 ita
334 2577 361 2599 ut
376 2570 460 2599 alicua
476 2570 620 2609 loquantur
636 2581 641 2597 :
658 2569 703 2598 alii
722 2569 933 2608 perturbationes
946 2569 1059 2606 faciunt,
1076 2566 1121 2596 alii
1138 2573 1190 2595 tota
1207 2572 1282 2594 nocte
1296 2564 1419 2604 vigilant,
1436 2563 1481 2593 scd
1505 2564 1583 2602 male,
1605 2564 1641 2593 ila
1656 2572 1684 2593 ut

1743 232 1842 252 Pit-cmm

1701 268 1806 283 munitium
1821 270 1842 284 ct

1700 299 1815 315 1111110100.
