1906 2846
216 188 284 234 570
936 195 1050 217 nuum.

214 259 276 288 satis
292 264 368 286 sunto
387 269 392 283 τ
409 267 467 294 qnae
478 265 540 284 vcro
555 262 651 284 restant
672 255 706 284 de
720 257 777 284 Deo
790 256 880 285 Vei-bo
897 262 949 284 tra—
959 255 994 303 ἒξ
1006 257 1075 284 Θεοῦ
1096 255 1180 293 Λόγου
1194 254 1276 295 ἑτέρῳ
1299 255 1503 293 ταμιευσάμενοι
1524 256 1609 295 λόγῳ,
1623 258 1712 290 “relisi
1727 257 1774 291 τὴν

215 304 319 335 clauda.
332 303 407 330 alteri
419 302 531 329 orationi
550 308 720 336 reservantes,
731 301 825 330 ordine
834 301 952 339 quodam
971 299 975 303 ’
1007 301 1170 338 συμμετρίαν
1185 301 1350 338 τιμήσωμεν,
1370 302 1414 330 καὶ
1432 304 1493 341 Θεῷ
1517 302 1590 335 δόξαν
1608 303 1775 341 ἀναπέμψω-

216 348 421 376 moderationem
433 348 490 385 ejus
503 347 602 375 honore
616 347 782 383 afficiamus,
794 354 818 375 et
830 348 885 376 Deo
897 348 954 386 glo·
1010 359 1066 383 μεν,
1079 348 1114 385 τῷ
1128 347 1216 385 Πατρὶ
1231 347 1275 374 καὶ
1293 349 1330 385 τῷ
1353 348 1408 386 Υἱῷ
1425 348 1469 376 καὶ
1490 349 1527 386 τῷ
1542 348 1609 387 ἁγίῳ
1625 348 1777 384 Πνεύματι,

215 395 280 422 riam
296 394 439 421 reseramus
451 416 457 426 ‚
477 393 548 421 Patri
563 399 588 420 et
603 393 673 420 Filio
687 400 712 421 et
727 393 841 432 Spiritui
853 400 955 426 sancto,
1010 396 1052 421 νῦν
1064 393 1107 420 καὶ
1119 393 1176 429 ἀεὶ,
1192 394 1235 422 καὶ
1251 395 1286 426 εἰς
1296 393 1354 425 τοὺς
1369 395 1465 427 αἰῶνας
1476 396 1528 423 τῶν
1543 394 1654 422 αἰώνων.
1679 393 1776 430 Ἀμήν.

215 450 283 467 nunc
302 446 328 467 et
349 449 470 477 semper,
485 445 509 466 ct
524 438 550 466 in
570 438 665 466 saecula
681 438 848 468 sacculorum.
862 440 958 467 Amen.

247 557 258 567 a
276 549 343 577 nme,
361 552 419 577 τάξῃ
447 552 485 575 τὴν
508 552 649 579 συμμετρίαν
672 554 811 579 fruimur-1,
833 546 972 571 dixinando
1021 549 1067 571 sim
1078 555 1223 574 occurrunt.

216 589 334 612 *enimus
345 608 350 616 ,
364 592 391 610 ut
403 586 450 610 alia
462 595 511 610 non
525 595 613 618 pauca,
628 595 681 618 qure
693 588 717 611 in
732 587 778 611 liae
788 589 902 612 oratione
916 597 972 620 pas-

798 814 1213 877 MONITUM

709 968 757 1004 ΙΝ
783 968 1021 1004 HOMILIAM
1047 969 1096 1004 IN
1122 969 1284 1012 ILLUD,

639 1097 691 1124 IN
717 1096 968 1125 PRINCIPIO
998 1095 1128 1124 ERAT
1155 1096 1358 1125 VERBUM.

258 1233 346 1267 Quem
359 1229 455 1259 habeat
468 1237 603 1258 auctorem
614 1228 670 1257 haec
686 1229 776 1257 concio
792 1238 844 1256 non
858 1228 937 1256 facilc
949 1227 1111 1266 percipitur,
1128 1238 1229 1256 necnon
1243 1238 1296 1265 quo
1313 1234 1443 1266 tempore,
1458 1238 1510 1266 qua
1526 1228 1553 1257 in
1568 1228 1676 1257 civitate
1688 1226 1780 1256 habita

219 1277 307 1306 fuerit.
326 1277 432 1306 Dictam
444 1276 524 1304 fuisse
537 1275 647 1315 planum
665 1282 703 1303 est
717 1281 807 1303 contra
822 1274 1079 1303 pneumatomachos
1095 1281 1119 1302 et
1135 1276 1276 1302 Anomoeos
1292 1275 1473 1312 Eunomiique
1488 1282 1640 1313 sectatores,
1659 1275 1706 1314 qui
1729 1285 1780 1304 non

219 1326 255 1353 ita
270 1324 375 1364 pridem
389 1324 416 1353 in
429 1324 537 1352 civitate
550 1323 600 1351 ista
613 1323 712 1362 primas
727 1322 897 1351 obtinuerant
912 1329 937 1350 et
951 1322 1102 1350 Catholicos
1117 1329 1312 1360 oppresserant.
1330 1322 1419 1356 Quam
1430 1333 1485 1350 rem
1498 1322 1533 1350 ita
1550 1322 1678 1351 describit
1692 1329 1783 1351 orator

220 1372 263 1400 hic
275 1372 344 1400 circa
358 1371 476 1400 medium
491 1370 625 1399 concionis
639 1382 644 1397 :
661 1371 734 1398 Cum
746 1372 822 1397 enim
835 1369 951 1408 floreret
970 1370 1114 1406 impietas,
1129 1378 1193 1396 cum
1204 1368 1281 1396 haim
1293 1370 1391 1396 urbem
1406 1369 1573 1397 devastaret
1587 1369 1722 1405 Izoeresis,
1735 1370 1784 1397 ab·

220 1420 308 1446 sumti
322 1425 405 1446 erant
418 1419 558 1446 Ecclesiae
569 1417 629 1456 filii
634 1438 798 1446 ......
816 1417 919 1443 Verum
935 1416 1019 1442 hodie
1029 1437 1036 1450 ‚
1051 1415 1151 1442 dilecti
1164 1437 1171 1451 ‚
1195 1416 1290 1453 ejecta
1303 1421 1345 1443 est
1360 1416 1500 1455 pestifera
1515 1415 1570 1444 illa
1583 1417 1716 1445 doctrina
1729 1438 1737 1453 ‚
1756 1422 1784 1444 et

220 1467 351 1503 ingressa
362 1471 405 1492 est
420 1464 557 1492 salutaris
569 1465 675 1502 gralia.
689 1462 738 1490 Hic
749 1461 857 1490 omnino
867 1460 973 1489 videtur
985 1461 1028 1499 agi
1047 1459 1081 1487 de
1091 1460 1176 1499 pulsis
1189 1471 1203 1488 a
1216 1459 1370 1488 Theodosio
1382 1461 1480 1499 Magno
1494 1461 1628 1489 Anomoeis
1635 1468 1661 1490 et
1670 1461 1783 1496 Arianis,

220 1512 267 1550 qui
280 1511 412 1540 Ecclesias
428 1511 524 1539 multas
539 1509 770 1548 Constantinopoli
785 1508 960 1547 occupabant.
976 1507 1048 1536 Illud
1061 1507 1160 1536 accidit
1173 1518 1242 1536 anno
1257 1507 1358 1536 Christi
1376 1508 1434 1537 580
1449 1520 1455 1535 :
1470 1515 1550 1547 atque
1560 1508 1625 1537 adeo
1640 1508 1711 1537 dicta
1726 1509 1783 1536 sue-

223 1559 257 1587 rit
273 1559 328 1587 haec
339 1558 449 1586 homilia
463 1568 532 1586 anno
544 1556 648 1584 circiter
660 1555 711 1584 581
734 1567 739 1582 :
756 1565 815 1592 quae
828 1555 890 1582 item
903 1555 952 1582 fuit
965 1554 1133 1582 Tillemontii
1148 1554 1275 1582 sententia
1291 1554 1318 1582 in
1331 1554 1395 1585 Vita
1411 1555 1594 1593 Chrysostomi
1606 1565 1667 1594 pag.
1684 1556 1744 1586 392
1758 1561 1784 1583 et

223 1606 292 1635 587.
310 1605 353 1635 Ad
365 1606 433 1634 hanc
448 1615 511 1633 vero
526 1604 677 1643 opinionem
690 1602 779 1631 omnia
791 1602 933 1640 quadrant.
946 1602 1015 1630 Nam
1026 1601 1276 1641 Constantinopoli,
1290 1602 1336 1630 ubi
1349 1602 1440 1631 habita
1451 1602 1532 1631 fuisse
1544 1603 1786 1642 putaturhomilia,

225 1653 335 1692 plurimi
346 1659 419 1681 erant
433 1650 666 1681 pneumatomachi
682 1657 706 1678 et
723 1650 841 1678 Anomoei
854 1649 949 1686 multi,
964 1660 1030 1688 quos
1045 1649 1161 1688 exagitat
1173 1649 1217 1678 hic
1232 1649 1354 1687 quisquis
1371 1650 1405 1678 sit
1419 1650 1533 1689 scriptor
1547 1663 1552 1678 :
1568 1651 1595 1678 hi
1610 1651 1645 1679 ab
1657 1650 1786 1679 Ecclesiis

224 1702 300 1740 ejecti
315 1708 390 1735 sunt;
406 1707 497 1728 contra
513 1698 666 1727 Catholicos
684 1705 771 1726 tamen
785 1697 1016 1736 digladiabantur,
1033 1697 1105 1736 quod
1117 1697 1197 1725 etiam
1213 1696 1247 1725 ad
1262 1707 1345 1735 usque
1359 1697 1542 1737 Chrysostomi
1557 1705 1676 1738 tempora
1693 1709 1785 1738 perse—

226 1748 345 1782 voravit,
360 1754 388 1774 ut
400 1746 493 1774 videre
507 1753 545 1774 est
560 1746 586 1773 in
602 1746 658 1783 ejus
674 1752 765 1773 contra
778 1746 921 1772 Anomoeos
935 1744 1048 1772 homilia
1067 1744 1297 1783 Constantinopoli
1313 1744 1414 1779 habita,
1432 1745 1513 1773 Torn.
1529 1747 1555 1781 1,
1570 1756 1597 1784 p.
1614 1745 1680 1774 541.
1693 1745 1724 1773 In
1734 1745 1787 1774 fine

225 1799 313 1820 autem
328 1792 443 1820 homiliae
459 1791 628 1820 concionator
643 1797 728 1819 totum
737 1797 832 1818 coetum
847 1790 996 1818 communis
1007 1789 1094 1818 Patris
1108 1797 1133 1818 et
1148 1789 1267 1818 doctoris
1282 1790 1405 1829 precibus
1417 1790 1592 1820 commendat.
1605 1791 1654 1819 Ille
1668 1801 1730 1820 vero
1741 1791 1787 1820 ad-

225 1840 278 1868 huc
292 1839 409 1867 fortassis
421 1845 476 1867 crat
491 1839 521 1868 Si
545 1838 695 1876 Gregorius
709 1837 902 1874 Nazianzenus,
921 1837 965 1876 qui
980 1836 1073 1865 eodem
1090 1847 1159 1865 anno
1178 1837 1359 1876 episcopatum
1374 1838 1403 1865 C.
1422 1838 1451 1865 P.
1466 1837 1540 1877 pacis
1555 1838 1691 1868 servandae
1707 1849 1787 1868 causa

226 1885 372 1914 abdicavit.

266 1933 350 1962 Stilus
366 1931 474 1960 omnino
487 1931 631 1971 perplexus
649 1937 674 1959 et
685 1930 800 1965 ferreus,
818 1929 888 1958 unde
901 1929 1011 1968 quidam
1026 1930 1100 1958 illam
1108 1930 1253 1960 Severiano
1268 1930 1436 1960 Gabalorum
1445 1931 1568 1971 episcopo
1582 1931 1617 1960 ob
1627 1931 1734 1960 dicendi
1748 1932 1787 1960 af-

227 1980 357 2009 finitatem
376 1979 584 2018 adscripserunt.
613 1979 716 2008 Verum
736 1977 793 2006 haec
808 1977 943 2006 severiani
959 1978 1140 2006 concionantis
1153 1985 1258 2007 aetatem
1279 1978 1433 2018 praecedunt
1447 1990 1454 2006 ε
1473 1989 1557 2017 neque
1570 1979 1626 2018 ipse
1649 1978 1721 2007 solus
1735 1979 1787 2007 hoc

228 2027 281 2054 stili
298 2026 365 2055 vitio
385 2025 543 2061 laborabat,
557 2032 586 2053 ut
600 2036 669 2064 saepe
684 2024 813 2053 vidimus.
828 2025 1077 2064 Interpretationem
1092 2025 1216 2054 Latinam
1231 2026 1342 2056 Joannis
1354 2026 1447 2055 Jacobi
1464 2026 1588 2063 Beureri,
1600 2025 1673 2064 quod
1686 2035 1716 2054 ea
1730 2037 1786 2054 πα-

230 2075 410 2112 ραφραστικῶς
421 2077 487 2100 esset
502 2071 666 2106 concinnata,
679 2071 821 2110 rejecimus
831 2092 838 2103 ,
853 2081 1002 2109 novamque
1016 2071 1181 2110 paravimus.
