1886 2846
213 194 277 236 ¹44
553 204 581 225 s.
611 204 749 227 somnis
775 203 954 226 cuuxsosr.

207 271 245 292 cst
259 264 363 297 consui,
381 264 448 292 nihil
464 263 542 292 habet
557 264 660 293 minus:
674 271 700 293 ct
713 265 756 292 hic
767 271 792 292 et
807 263 852 292 illc
866 269 904 291 est
917 262 941 289 iu

207 308 297 338 vadem
311 309 591 347 dignitatczsimiliter
604 310 710 348 utrique
722 310 802 348 paulo
817 315 875 347 post
892 317 941 334 nou

206 362 292 383 erunt.
312 355 427 391 Quando
445 355 507 390 fuit,
523 362 622 394 quanto
636 363 765 393 tempore,
780 353 825 381 dic
850 352 916 380 mihi
929 352 941 378 3¹

205 401 321 430 dum-utu
334 401 458 430 dicrum?
469 402 520 430 hoc
533 402 613 430 etiam
628 402 657 429 sit
669 402 693 429 iu
707 399 814 428 somnis.
826 397 879 426 Sed
891 403 939 429 est,

207 447 304 485 inquit,
322 447 467 476 somnium.
494 446 527 475 lit
544 447 609 484 quid
634 447 712 474 tum?
726 444 799 481 quod
823 443 895 471 enini
912 442 941 470 fit

206 492 333 528 interdiu,
345 503 397 522 non
408 500 446 522 cst
461 493 595 521 somnium
608 492 620 519 Ξ)
631 491 674 519 dic
684 489 750 518 milii
763 499 810 516 cur
822 498 874 517 non
887 488 942 517 haec

206 538 291 577 magis
303 538 419 567 dicimus
434 538 566 567 somnium
577 537 589 564 Ξ)
610 537 644 564 Ut
658 535 729 563 cuitu
753 534 866 571 somnia,
881 544 942 563 cum
961 541 977 562 tt

205 584 262 613 dics
273 585 421 622 accesserit,
433 584 498 612 nihil
515 592 569 610 esse
581 581 776 609 convincuntur
787 592 792 607 :
804 580 840 608 ita
850 587 875 609 et
887 581 943 609 haec

204 638 280 659 noete
294 637 434 670 appetente
447 629 512 657 nihil
525 634 584 655 suut
597 638 602 653 z
615 625 780 655 tantumdem
792 626 863 655 enim
877 633 941 655 tem-

204 677 276 716 poris
290 684 315 705 et
331 687 383 704 nox
397 683 421 703 ct
433 675 488 703 dies
500 673 645 712 accipiunt,
659 679 684 701 et
695 679 782 701 totum
794 679 898 712 tempus
907 683 941 702 ex

203 733 278 761 aequo
289 721 422 750 dividunt.
433 720 506 748 Sicut
518 728 580 756 ergo
590 718 622 746 iis
633 728 693 756 quae
707 725 786 747 noctu
797 718 866 747 sacta
879 725 940 747 sunt

203 778 256 796 non
274 768 377 795 laetatur
389 765 532 803 quisquam
555 763 686 792 interdiu:
699 763 735 792 ita
750 773 797 792 nec
811 763 869 792 fieri
891 774 940 803 po-

203 820 251 841 test
267 820 294 840 ut
310 819 386 840 noctu
403 811 507 838 fruatur
520 810 553 838 iis
566 820 625 848 quae
641 809 758 838 interdiu
776 810 843 838 sacta
869 817 940 840 suut.

202 858 287 886 Fuisti
301 856 418 885 consul?
431 862 457 884 et
470 865 518 894 ego
535 865 651 894 quoque.
667 855 721 885 Sed
737 866 786 895 ego
807 862 898 893 noctu,
914 863 939 884 et

200 911 228 933 tu
241 904 366 932 interdiu.
377 903 450 938 Quid
465 902 544 931 tum?
559 913 592 931 ne
603 903 640 931 sic
654 903 764 942 quidem
778 903 839 943 plus
858 903 939 932 habes

199 960 278 988 quani
291 959 350 988 ego,
364 949 416 977 nisi
434 949 501 977 forte
514 947 586 987 quod
599 948 706 978 dicatur
720 949 765 978 hic
781 955 806 978 et
816 949 862 978 ille
876 959 939 978 con—

199 996 251 1031 sul,
267 1003 291 1025 et
303 1005 332 1025 ca
346 1006 405 1034 quae
416 1006 451 1024 cx
466 995 556 1024 verbis
572 995 659 1024 oritur
680 996 786 1035 capitur
801 996 938 1035 voluptas,

198 1042 259 1082 plus
272 1042 370 1071 habere
382 1042 459 1070 illum
470 1041 547 1070 facit:
555 1047 583 1070 ut
597 1041 714 1080 exempli
725 1051 812 1078 causa,
829 1041 856 1070 id
868 1041 936 1070 enim

197 1088 286 1117 dicam
301 1088 433 1128 apertius·
443 1087 466 1116 si
480 1087 586 1125 dixero,
604 1087 656 1116 Hic
671 1087 713 1115 vel
728 1087 775 1115 ille
789 1087 897 1124 consul,
912 1093 937 1116 et
955 1091 974 1114 C

198 1134 333 1163 donaxero
357 1133 409 1163 hoc
423 1143 530 1168 nomen,
544 1143 632 1162 annon
646 1133 727 1161 simul
742 1133 845 1162 dictum
861 1140 900 1162 est
912 1140 938 1162 et

198 1179 288 1208 abiit?
303 1180 343 1208 Ita
361 1189 401 1207 res
423 1178 636 1217 quoque:simul
650 1178 775 1217 apparuit
790 1177 894 1214 consul,
912 1185 937 1206 et

198 1235 249 1254 non
262 1232 300 1254 est
314 1224 439 1264 amplius.
453 1224 587 1252 Ponamus
601 1230 689 1252 autem
703 1233 814 1260 annum,
829 1230 854 1252 ct
869 1223 937 1252 duos

196 1281 280 1300 annos
294 1277 320 1299 et
334 1277 387 1299 tres
400 1276 425 1298 et
439 1268 622 1307 quatuorzubi
637 1275 698 1297 sunt
709 1269 755 1307 qui
771 1269 862 1297 decem
884 1280 936 1297 an-

197 1326 244 1344 nos
255 1316 364 1344 fuerunt
376 1314 516 1343 consules?
528 1314 674 1352 Nusquam.
686 1313 739 1343 Sed
753 1324 803 1342 non
819 1313 856 1342 sic
870 1315 934 1342 Pau-

197 1361 256 1389 lus:
269 1371 331 1389 nam
353 1360 403 1388 fuit
419 1359 574 1399 splendidus
590 1366 646 1386 tum
661 1359 767 1393 vivens,
783 1369 835 1387 non
853 1369 935 1388 unum

197 1406 282 1443 diem,
304 1416 352 1434 nec
366 1405 444 1440 duos,
461 1415 544 1442 neque
565 1404 667 1439 decem,
685 1414 736 1432 non
759 1404 873 1442 viginti,
888 1414 936 1433 nec

197 1452 320 1490 triginta,
334 1461 418 1489 neque
431 1460 513 1479 annos
525 1449 614 1477 decem
624 1471 632 1486 ,
646 1459 693 1477 nec
709 1449 815 1487 viginti,
829 1460 875 1478 nec
888 1450 936 1478 tri-

196 1498 270 1535 ginta
280 1509 288 1534 ;
301 1496 347 1525 sed
358 1507 391 1524 ex
401 1506 453 1534 quo
465 1502 503 1523 est
514 1501 645 1529 mortuuS,
656 1494 936 1534 quadringentesimus

195 1553 279 1571 annus
291 1543 347 1581 jam
361 1541 500 1581 praetcriit‚
518 1547 543 1569 ct
557 1540 646 1569 adhuc
668 1551 739 1569 nunc
761 1547 800 1570 est
825 1541 933 1579 clarior,
954 1549 972 1571 D

194 1596 220 1618 et
242 1589 327 1617 multo
343 1588 440 1618 clarior
452 1599 534 1626 quam
550 1587 657 1626 quando
672 1588 791 1616 vivebat.
817 1588 852 1617 Et
876 1587 934 1616 hoec

195 1635 303 1673 quidem
330 1635 355 1663 in
382 1641 450 1662 terra
461 1645 467 1661 ι
481 1639 632 1662 sauctorum
657 1639 745 1661 autem
770 1633 929 1670 clai-itatem,

986 202 1005 223 A
1011 201 1127 223 ttctttlit‘
1134 215 1141 222 ·
1170 200 1231 223 COR
1237 201 1296 223 sTA
1302 202 1422 227 n'rtNOP
1429 218 1436 226 .

999 263 1050 299 ρῶν
1067 260 1126 296 δύος
1141 261 1225 290 Ἰοῧτο
1238 261 1283 290 καὶ
1302 263 1328 290 ἐν
1351 263 1459 303 ὀνείροις
1472 263 1582 302 γίνεται.
1599 266 1667 296 Ἀλλ
1683 268 1764 306 ὄναρ,

998 317 1088 343 φησιν,
1106 306 1169 335 ἐστί.
1191 307 1244 336 Καὶ
1267 307 1293 336 τί
1316 311 1406 344 τοῦτο;
1425 309 1454 338 τὸ
1476 309 1526 349 γὰρ
1548 311 1574 339 ἐν
1597 312 1699 352 ἡμέρᾳ,
1717 316 1764 342 οὐκ

997 352 1073 390 ὄναρ;
1095 351 1152 381 εἶπέ
1175 364 1234 390 μοι,
1249 353 1292 382 διὰ
1314 353 1340 381 τί
1365 353 1402 391 μὴ
1428 358 1511 384 ταῦτα
1532 357 1631 393 μᾶλλον
1654 358 1763 396 λέγομεν

997 398 1071 436 ὄναρ;
1084 397 1191 436 αΩσπερ
1215 398 1267 438 γὰρ
1288 399 1321 428 τὰ
1341 400 1475 439 ὀνείρατα,
1489 403 1537 436 τῆς
1555 401 1656 441 ἡμέρας
1680 414 1765 432 κατα*

996 442 1126 477 λαὸούσης
1138 466 1144 478 ,
1165 443 1303 482 ἐλέγχεται
1322 445 1395 474 οὐδὲν
1419 446 1494 474 ὄντα·
1509 447 1577 476 οὕτω
1596 447 1642 476 καὶ
1663 450 1763 483 ταῦτα,

996 489 1042 522 τῆς
1055 488 1146 521 νυκτὸς
1160 489 1374 526 καταλαὸούσης,
1387 490 1524 530 ἐλέγχεται
1540 492 1612 521 οὐδὲν
1636 493 1713 521 ὄντα·
1733 493 1766 521 τὸ

996 534 1046 574 γὰρ
1058 534 1112 564 ἴσον
1125 534 1142 569 ἥ
1159 547 1186 564 τε
1200 534 1245 568 νὺξ
1259 535 1303 564 καὶ
1316 539 1331 571 ἡ
1346 537 1434 575 ἡμέρα
1449 537 1581 567 ἀπέλαὸον
1596 541 1642 568 τοῦ
1652 538 1745 577 χρόνου
1754 561 1761 573 ,

996 580 1040 608 καὶ
1062 580 1087 613 ἐξ
1111 580 1169 615 ἴσης
1187 581 1349 619 διενείμαντο
1367 582 1410 610 τὸν
1431 582 1517 610 πάντα
1537 583 1641 622 χρόνον.
1657 584 1762 621 Ἵὶσπερ

996 627 1080 654 τοίνυν
1096 628 1121 656 ἐν
1137 627 1224 667 ἡμέρᾳ
1243 632 1296 660 τοῖς
1311 628 1337 656 ἐν
1354 628 1426 656 νυκτὶ
1439 628 1587 667 γενομένοις
1597 631 1626 658 οὐ
1639 629 1763 668 γάννυταί

995 683 1045 703 τις·
1065 672 1145 704 οὕτως
1165 672 1223 702 οὐὲὲ
1243 673 1269 701 ἐν
1293 673 1364 702 νυκτὶ
1383 674 1434 702 τῶν
1453 673 1510 711 μεθ’
1530 675 1631 712 ἡμέραν
1647 675 1762 703 ἀπολαῦ-

994 729 1038 746 σαι
1060 718 1176 747 δυνατόν.
1202 718 1315 758 Γέγονας
1340 719 1452 754 &ma-oq
1474 719 1558 758 κάγώ.
1578 719 1658 749 Ἀλλὰ
1681 719 1713 749 σὺ
1735 721 1761 749 ἐν

993 763 1092 803 ἡμέρᾳ,
1107 763 1158 803 ἐγὼ
1173 764 1199 793 δὲ
1213 766 1238 794 ἐν
1253 765 1336 794 νυκτί.
1348 766 1401 794 Καὶ
1412 765 1438 794 τί
1451 768 1543 802 τοῦτο;
1554 765 1613 794 οὐδὲ
1629 765 1697 795 οὕτω
1711 776 1762 805 μου

993 809 1071 838 πλέον
1085 821 1111 838 τι
1125 810 1193 848 ἔχεις
1202 833 1209 845 ,
1222 812 1243 839 εἷ
1261 811 1297 848 μὴ
1314 811 1365 850 ἄρα
1378 811 1408 840 τὸ
1419 811 1542 850 λέγεσθαι
1556 813 1569 840 ὁ
1583 812 1655 840 δεῖνα
1665 813 1679 840 ὁ
1692 810 1762 840 ὕπα-

993 866 1044 890 τος,
1057 855 1142 884 καὶτὸ
1156 855 1202 891 τὴν
1216 856 1268 885 ἀπὸ
1283 858 1335 885 τῶν
1351 857 1476 895 ῥημάτων
1491 857 1561 896 ἔχειν
1576 856 1670 893 ἡδονὴν
1683 856 1761 886 πλέον

993 901 1062 939 ἔχειν
1076 905 1157 929 ποιεῖ·
1177 897 1228 933 οἶόν
1243 913 1268 930 τι
1281 902 1365 940 λέγω,
1378 902 1536 941 σαφέστερον
1553 902 1605 941 γὰρ
1619 902 1683 931 αὐτὸ
1697 903 1761 942 ἐρῶ,

992 947 1036 975 ἐὰν
1059 946 1138 983 εἴπω,
1157 950 1170 976 ὁ
1185 948 1255 976 δεῖνα
1279 947 1376 980 ὕπατός
1399 949 1468 984 ἐστι,
1486 947 1531 976 καὶ
1555 947 1710 987 χαρίσωμαι
1731 949 1762 977 τὸ

993 994 1078 1031 ῥῆᾙια
1094 994 1142 1032 οὐχ
1163 993 1219 1031 ἅμα
1239 993 1348 1032 ἐλέχθη,
1363 993 1408 1022 καὶ
1425 994 1556 1030 ἀπῆλθενς
1569 992 1648 1023 Ουτω
1662 992 1708 1022 καὶ
1727 993 1762 1022 τὰ

991 1038 1136 1077 πράγματά
1150 1039 1234 1067 ἐστιν·
1245 1038 1300 1076 ἅμα
1316 1038 1397 1077 ἐφάνη
1415 1037 1580 1075 ὕπατος,καὶ
1594 1038 1680 1068 οὐκέτι
1694 1038 1759 1067 ἔστί.

991 1084 1114 1120 Θῶμεν
1100 1083 1127 1112 0-
1142 1083 1258 1112 ἐνιαυτὸν
1269 1086 1349 1120 εἶναι,
1360 1096 1405 1112 και
1420 1083 1465 1112 δύο
1476 1083 1622 1119 ἔνιαυτους,
1632 1083 1678 1113 καὶ
1691 1088 1761 1124 τρεῖς

991 1129 1035 1158 καὶ
1050 1129 1194 1168 τέσσαρας·
1211 1132 1260 1158 ποῦ
1282 1131 1326 1157 οὖν
1341 1130 1406 1158 εἰσιν
1420 1131 1443 1158 οἱ
1459 1129 1521 1159 δέκα
1536 1129 1632 1159 ὕπατοι
1645 1130 1759 1169 γενόμε-

991 1187 1042 1209 vau
1058 1176 1194 1214 Οὐδαμου.
1203 1175 1271 1204 Ἁ)λ’
1285 1177 1298 1204 ὁ
1310 1176 1416 1208 Παυλος
1428 1177 1478 1215 οὐχ
1491 1175 1583 1208 οὕτως·
1597 1179 1628 1211 ἠν
1645 1175 1692 1214 μὲν
1708 1176 1760 1216 γὰρ

991 1222 1035 1249 καὶ
1056 1223 1106 1254 ζῶν
1128 1203 1249 1261 λαμπρὸς
1266 1221 1420 1256 διαπαντὸς,
1440 1222 1469 1250 οὗ
1490 1220 1552 1260 μίαν
1574 1221 1687 1260 ἡμέραν,
1701 1222 1760 1251 οὐδὲ

991 1267 1047 1301 δύο,
1058 1267 1114 1296 οὐδὲ
1128 1267 1205 1302 δέκα,
1214 1269 1260 1295 οὐκ
1275 1267 1380 1303 εἴκοσιν,
1392 1268 1420 1295 οὖ
1434 1266 1589 1306 τριάκοντα,
1600 1266 1656 1296 οὐδὲ
1673 1268 1760 1296 ἐνιαυ-

989 1311 1047 1344 τοὺς
1060 1312 1122 1341 δέκα
1133 1312 1177 1340 καὶ
1191 1312 1273 1347 εἴκοσι
1285 1312 1330 1340 καὶ
1341 1311 1490 1351 τριάκοντα·
1500 1311 1567 1341 ἀλλὰ
1582 1311 1609 1345 ἐξ
1620 1307 1649 1341 οῧ
1660 1313 1759 1342 ἐτελεύ-

989 1369 1068 1394 τησε,
1079 1361 1089 1372 ”
1105 1358 1319 1397 τετρακοσιοστὸν
1336 1358 1427 1386 λοιπὸν
1441 1357 1496 1390 ἔτος
1517 1357 1696 1397 παρελήλυθε,
1714 1358 1758 1388 καὶ

989 1404 1028 1431 ἔτι
1046 1403 1090 1432 καὶ
1105 1406 1148 1432 νῦν
1166 1403 1347 1442 λαμπρότερός
1361 1404 1415 1432 ἐστι
1423 1425 1432 1441 ‚
1445 1403 1490 1432 καὶ
1505 1405 1595 1443 πολλῷ
1609 1404 1758 1443 λαμπρότε-

992 1460 1032 1486 ρος
1052 1449 1068 1482 ἢ
1092 1449 1134 1477 ὅτε
1154 1447 1208 1482 ἔζη.
1229 1448 1281 1477 Καὶ
1298 1452 1381 1477 ταῦτα
1397 1448 1444 1486 μὲν
1462 1450 1488 1478 ἒν
1508 1451 1541 1488 τῇ
1559 1451 1593 1487 γῇ
1605 1460 1611 1466 ·
1627 1448 1675 1485 τὴν
1690 1449 1717 1479 δὲ
1731 1451 1757 1479 ἐν

989 1499 1041 1527 τοῖς
1063 1495 1179 1533 οὐρανοῖς
1194 1494 1370 1534 λαμπρότητα
1388 1496 1440 1523 τῶν
1454 1494 1534 1533 ἁγίων
1556 1494 1596 1528 τίς
1617 1494 1649 1523 ἂν
1668 1507 1757 1535 παρα-

990 1541 1093 1575 στήσειε
1106 1540 1181 1578 λόγος
1186 1552 1194 1576 ;
1203 1540 1260 1574 Διὸ,
1266 1542 1422 1579 παρακαλῶ,
1430 1540 1527 1576 ταύτην
1541 1540 1697 1579 ζητήσωμεν
1709 1541 1756 1577 τὴν

988 1587 1178 1626 λαμπρότητα,
1191 1586 1288 1621 ταύτην
1311 1585 1453 1624 διώξωμεν,
1466 1585 1509 1615 ἵνα
1524 1588 1605 1622 αὐτῆς
1618 1586 1739 1626 τύχωμεν
1750 1599 1756 1605 ·

990 1635 1006 1667 ἡ
1032 1632 1084 1671 γὰρ
1108 1633 1188 1664 ὄντως
1215 1631 1370 1671 λαμπρότης
1395 1631 1463 1666 αὕτη
1488 1631 1567 1661 ἐστίν,
1590 1633 1756 1671 Ἀποστῶμεν

228 1754 238 1763 ···
256 1745 325 1776 Saepe
339 1743 444 1769 xidimws
456 1744 664 1777 Chryses-tomum
678 1744 702 1769 in
716 1750 857 1777 temporum
879 1745 1069 1777 computatione
1083 1753 1135 1770 uon
1146 1746 1179 1769 itu
1190 1750 1335 1768 accuratum
1349 1752 1409 1768 esse.

610 1871 791 1916 ὓΜῘῙΤΙΑΝΟ
808 1870 1063 1899 ΞΟΗΟΙΑδΤΙΟΟ
1085 1870 1338 1899 INTERPRETE.

196 1986 266 2014 mine
277 1995 282 2011 :
292 1991 317 2012 et
340 1984 388 2012 istc
400 1990 425 2012 et
443 1983 487 2011 ille
497 2006 504 2019 ‚
521 1983 644 2012 similiter
657 1984 764 2022 utrique
779 1991 838 2023 post
852 1984 994 2023 paululum
1017 1994 1070 2012 non
1092 1991 1180 2013 erunt.
1195 1983 1311 2019 Quando
1322 1984 1408 2013 factus
1423 1985 1484 2013 est?
1499 1991 1631 2023 quantum
1648 1991 1754 2026 tempus

194 2031 324 2061 duravit?
337 2031 380 2059 dic
397 2030 474 2065 mihi,
488 2029 603 2058 duorum
618 2030 723 2059 dicrum
737 2031 796 2059 est?
809 2031 864 2060 Hoc
876 2032 940 2060 etin
955 2031 1066 2060 somniis
1078 2032 1143 2060 solet
1159 2031 1228 2060 fieri.
1245 2031 1298 2061 Sed
1315 2032 1450 2060 somnium
1464 2039 1503 2061 est
1513 2054 1522 2069 ‚
1537 2032 1677 2071 inquit.Et
1688 2033 1754 2072 quid

194 2080 265 2108 huc?
276 2079 323 2107 illa
333 2078 432 2117 quippe
441 2088 500 2116 quan
513 2077 539 2105 in
553 2077 597 2105 die
612 2085 682 2111 sunt,
697 2088 747 2106 non
763 2085 824 2107 sunt
840 2078 1015 2107 somniaZ’dic
1029 2078 1106 2113 mihi,
1118 2089 1200 2117 quare
1215 2088 1267 2107 non
1280 2078 1366 2117 magis
1379 2078 1428 2107 ista
1436 2078 1553 2107 dicimus
1563 2089 1618 2108 esse
1632 2079 1755 2108 somnia?

194 2127 270 2155 Sicut
285 2126 356 2155 enim
372 2125 483 2162 somnia,
495 2125 653 2154 adveniente
667 2125 721 2161 dic,
732 2126 931 2164 redarguuntur
943 2126 1010 2154 nihil
1024 2126 1154 2155 exstantia
1167 2138 1174 2153 :
1187 2126 1364 2164 aequalitatem
1375 2136 1491 2164 namque
1499 2126 1556 2156 sive
1565 2136 1619 2155 nox
1631 2126 1688 2157 sive
1696 2126 1754 2156 dies

196 2174 321 2213 temporis
335 2179 507 2212 acceperunt,
521 2183 554 2201 ex
570 2183 621 2210 quo
635 2172 777 2201 distributa
794 2180 855 2201 sunt
870 2184 916 2213 per
927 2184 1005 2202 omne
1019 2173 1156 2202 saeculum.
1169 2173 1244 2202 Sicut
1259 2173 1329 2201 enim
1346 2173 1372 2201 in
1387 2172 1431 2202 die
1452 2173 1490 2202 eis
1513 2184 1572 2212 quae
1587 2184 1633 2213 per
1651 2180 1754 2203 noctem

195 2222 264 2249 fiunt
278 2231 329 2249 non
344 2219 475 2259 aggaudet
490 2219 566 2258 quis,
579 2219 617 2248 sic
633 2230 717 2257 neque
733 2220 757 2247 in
774 2227 848 2248 nocte
863 2221 884 2249 is
898 2231 956 2258 quoe
980 2221 1007 2249 in
1029 2221 1073 2249 dic
1085 2220 1242 2259 contingunt
1257 2220 1311 2248 srui
1326 2227 1422 2259 potest.
1433 2221 1531 2249 Factus
1545 2227 1584 2249 est
1597 2220 1713 2249 consul?
1727 2227 1754 2250 et

194 2279 242 2305 :rgo
256 2279 303 2307 per
317 2274 429 2296 noctem.
443 2266 495 2296 sed
509 2277 558 2305 ego
571 2267 598 2294 in
610 2273 695 2302 nocte,
711 2273 738 2294 tu
752 2266 778 2294 in
795 2266 847 2296 dic.
862 2267 937 2302 Quid
951 2267 1001 2296 hoc
1013 2267 1026 2295 Ξ)
1042 2277 1126 2305 neque
1138 2266 1176 2295 sic
1187 2277 1202 2295 a
1213 2277 1254 2295 me
1268 2267 1384 2306 amplius
1403 2267 1486 2296 habes
1498 2289 1506 2303 ‚
1525 2266 1577 2296 nisi
1598 2267 1667 2296 sorte
1680 2268 1754 2306 quod

193 2315 299 2349 diceris,
316 2315 363 2343 ltte
378 2313 482 2351 consul,
498 2320 523 2342 et
536 2312 607 2351 quod
621 2313 702 2341 habes
716 2324 749 2341 cx
766 2313 822 2341 istis
840 2314 929 2342 verbis
950 2314 1070 2352 aliquam
1089 2313 1302 2351 delectationem,
1315 2313 1376 2352 plus
1392 2320 1417 2342 te
1430 2313 1534 2352 aliquid
1551 2313 1627 2342 facit:
1639 2320 1747 2353 utputa,

196 2361 359 2389 manifestius
374 2360 436 2389 inde
446 2361 551 2398 loquar,
564 2360 585 2388 si
599 2359 703 2395 dicam,
719 2360 766 2388 ltlc
779 2361 870 2388 consui
884 2369 933 2397 cst,
951 2369 975 2390 ct
988 2369 1113 2400 prinstem
1126 2361 1165 2389 illi
1179 2361 1229 2390 hoc
1242 2371 1348 2398 nomen,
1366 2371 1452 2390 nonne
1476 2360 1600 2390 similiter
1613 2360 1691 2399 quod
1704 2360 1751 2390 di·-

194 2414 266 2436 ctum
280 2414 319 2436 cst
331 2408 423 2446 etjam
436 2406 582 2435 transivit?
592 2406 636 2435 Sic
651 2406 731 2435 ctiam
745 2417 786 2435 res
801 2407 856 2435 istae
868 2415 946 2436 suut:
959 2408 1039 2436 simul
1055 2407 1180 2447 apparuit
1201 2408 1303 2441 consul,
1318 2414 1343 2436 et
1359 2407 1450 2436 statim
1475 2417 1527 2436 non
1550 2414 1601 2436 est.
1616 2407 1751 2436 Ponamus

194 2460 282 2481 autom
297 2464 406 2488 annum,
422 2460 446 2482 et
460 2453 527 2481 duos
542 2463 634 2489 annOS,
650 2459 676 2481 ct
693 2459 746 2482 tres
758 2460 783 2481 ct
797 2460 910 2490 quatuor
922 2466 927 2481 :
937 2454 982 2482 scd
994 2462 1017 2483 et
1031 2455 1058 2483 hi
1074 2461 1217 2483 transcunt.
1234 2454 1288 2483 Ubi
1305 2464 1420 2491 natuque
1440 2460 1503 2481 sunt
1525 2452 1616 2481 decem
1631 2452 1752 2481 consules

195 2500 239 2537 qui
252 2500 312 2527 sacti
325 2501 403 2528 sunt?
415 2501 562 2538 Nusquam.
576 2500 629 2528 Sed
646 2500 744 2528 Paulus
759 2510 809 2529 non
823 2500 876 2528 sic:
890 2501 939 2529 suit
954 2512 1067 2539 natuque
1082 2509 1106 2530 et
1119 2502 1211 2530 vivens
1226 2512 1339 2540 semper,
1351 2511 1402 2529 non
1418 2510 1500 2529 unum
1513 2499 1595 2536 diem,
1609 2509 1660 2528 non
1670 2498 1750 2533 duos,

195 2557 245 2575 nun
261 2546 351 2575 decem
365 2554 390 2575 ct
408 2547 514 2585 viginti,
526 2558 577 2576 nou
593 2558 674 2576 anuos
688 2547 778 2577 decem
793 2555 816 2576 et
833 2548 939 2586 viginti,
954 2559 1038 2585 neque
1055 2549 1174 2588 triginta,
1188 2556 1212 2577 et
1226 2555 1347 2577 mortuus
1361 2555 1408 2577 cst.
1421 2547 1461 2576 En
1475 2546 1750 2585 quadringentesimus

195 2595 245 2629 {min
256 2604 340 2622 annus
357 2594 522 2632 pertransiit,
535 2601 559 2624 ct
575 2594 662 2624 adhuc
678 2595 756 2624 ctiam
771 2605 841 2625 nune
856 2602 891 2625 cst
907 2595 1001 2633 clai-us,
1015 2596 1151 2634 multoque
1164 2597 1269 2633 clarior,
1282 2606 1363 2634 quant
1376 2605 1436 2624 cum
1453 2594 1562 2624 viveret.
1574 2593 1607 2622 Et
1619 2593 1676 2622 haec
1690 2595 1749 2632 qui*
