1906 2846
421 182 454 205 IN
483 182 591 206 EPIST.
621 184 666 206 AD
695 184 865 207 nEBRAEOS.
894 184 972 207 CAP.
1002 185 1050 208 Χῐ.

86 245 118 272 δι’
140 244 219 278 αὖτῆς
238 242 376 272 ἀποθανὼν
400 243 439 272 ἔτι
460 246 544 274 λαλεῖ.
565 246 628 278 Πῶς
654 246 681 274 δὲ
703 247 748 275 καὶ
770 247 856 280 ἄλλως

1080 184 1184 209 nomn.
1191 200 1198 208 .
1226 187 1312 210 xxu.

1586 190 1648 226 291

913 247 952 275 illi
969 258 1017 287 pro
1029 247 1166 277 beneficiis
1181 259 1241 277 enm
1256 249 1401 278 affecerunt
1415 250 1586 279 contumelia.
1601 251 1655 280 Sed

87 289 254 328 ἐμαρτυρήθη
280 284 346 318 εἶναι
372 288 485 324 &immo
511 291 625 328 Λέγεται
655 294 707 330 πῦρ
731 292 856 321 κατελθὸν
863 316 899 336 204
913 293 948 321 ad
963 294 1095 322 fratrem?
1111 294 1156 323 sed
1172 295 1227 334 ipse
1241 306 1347 333 quoque
1362 305 1423 324 eum
1437 296 1526 325 affecit
1537 296 1656 336 ignomi-

85 336 227 365 ἁναλαὸεῑν
242 336 288 368 τὰς
300 336 404 368 θυσίας·
418 336 476 364 ἀντὶ
490 336 541 375 γὰρ
553 340 614 373 τῡῧ,
629 337 692 366 Ἐπὶ
708 338 855 367 Ἀὅελέπέ-
873 345 892 366 Α
914 338 967 366 nia.
990 340 1010 365 A
1030 349 1056 366 se
1075 339 1163 376 itaque
1181 339 1281 368 bonum
1299 339 1448 369 adinvenit.
1467 340 1502 368 Et
1520 341 1566 379 qui
1585 348 1657 370 tanto

87 381 181 420 ὂλεψε,
197 381 242 409 καὶ
266 381 309 410 ἐπὶ
330 381 376 413 τὰς
402 381 492 414 θυσίαις
518 384 594 411 αὐτοῦ
613 386 626 412 ὁ
652 384 763 423 Κύριος,
783 385 857 413 ³Kal

85 426 249 466 ἐνεπύρισεν,
263 422 345 456 εἶπεν.
360 426 394 456 Ὁ
418 427 504 455 τοίνυν
523 428 566 456 καὶ
582 429 625 457 διὰ
649 430 742 467 λόγων,
759 430 803 458 καὶ
825 431 857 458 δι’

86 472 170 510 ἔργων
186 472 356 511 μαρτυρήσας
370 475 408 512 τῷ
438 474 546 512 δικαίῳ,
567 474 612 502 καὶ
634 475 666 503 δι’
688 475 764 504 αὐτὸν
791 478 858 515 ὁρῶν

89 517 286 557 ἀναιρούμενον,
301 520 347 547 οὐκ
361 518 470 556 ἤμυνεν,
486 519 543 548 ἀλλ’
557 520 637 550 εἴασε.

130 928 170 957 Τὸ
184 927 210 957 δὲ
223 927 348 967 ὗμέτερον
356 929 384 957 οὐ
396 930 513 957 τοιοῦτον
531 940 536 946 ·
550 930 605 961 πῶς
613 929 679 968 γὰρ,
696 929 720 957 οἱ
734 928 778 957 καὶ
792 939 860 966 προ-

90 974 174 1013 φῆτας
190 975 233 1003 καὶ
248 975 452 1013 παραδείγματα
476 975 579 1013 ἔχοντες
591 996 598 1009 ,
615 975 661 1003 καὶ
680 974 861 1012 παρακλήσεις

91 1020 199 1059 μυρίας,
220 1020 265 1048 καὶ
283 1024 380 1057 σημεῖα
405 1020 450 1048 καὶ
476 1020 596 1057 θαύματα
616 1020 758 1057 γενόμενας
776 1018 861 1047 εὨστε

89 1066 172 1094 ἐκεῖνο
197 1066 278 1097 ὄντως
303 1066 391 1097 πίστις
413 1061 455 1099 ἦν.
477 1066 549 1093 Ποῖα
573 1065 624 1104 γὰρ
648 1065 772 1102 θαύματα
794 1059 861 1093 εἶδεν

88 1112 202 1146 ἐκεῖνος,
223 1111 267 1139 ἵνα
289 1110 419 1149 πιστεύσῃ
438 1110 478 1139 ὅτι
500 1111 574 1139 ἔσται
588 1122 628 1143 τις
645 1111 716 1149 αὐτῷ
733 1110 862 1142 ἀντίδοσις
876 1117 894 1140 Β

88 1158 140 1185 τῶν
159 1158 280 1196 ἀγαθῶν;
301 1157 360 1196 οὐχὶ
385 1157 438 1186 ἀπὸ
458 1157 573 1189 πίστεως
589 1157 670 1195 μόνης
692 1156 739 1192 τὴν
764 1156 861 1195 ἀρετὴν

89 1201 188 1239 cneum
203 1203 239 1232 Τι’
255 1204 310 1231 ἔστι
320 1226 326 1237 ,
344 1203 397 1231 Καὶ
412 1203 445 1231 δι’
468 1204 549 1237 αὔπῖς
564 1202 703 1232 ἀποθανὼν
719 1202 757 1232 ἔτι
772 1204 861 1238 λαλεὶ;

88 1248 149 1277 Ἵνα
165 1249 201 1286 μὴ
221 1250 257 1281 εἷς
271 1248 372 1284 πολλὴν
388 1248 537 1286 ἀπόγνωσιν
559 1248 652 1281 αὐτοὺς
667 1249 771 1287 ἐμῧᾶλῃ
782 1271 789 1283 ,
804 1249 859 1277 δεί-

90 1305 180 1323 κνυσιν
195 1294 273 1323 αὐτὸν
295 1295 322 1322 ἐν
345 1294 419 1332 μέρει
435 1294 625 1324 ἀπολαύσαντα
640 1295 762 1333 ἄμοιὸἧς.
779 1296 859 1330 Πῶς;

89 1341 125 1369 ‘H
147 1340 280 1375 ἐπισκοπὴ
306 1343 322 1375 ἡ
344 1339 433 1378 Ι’ὑπὲρ
456 1342 548 1376 αὐτοῦ,
573 1341 654 1379 φησὶ,
677 1341 762 1376 πολλή
784 1342 859 1370 ἐστι·

89 1389 166 1415 τοῦτο
179 1386 230 1426 γὰρ
247 1385 354 1424 ᾐνίξατο
371 1385 461 1422 εἰπὼν,
479 1386 530 1414 Καὶ
548 1386 587 1414 ἔτι
601 1388 677 1415 λαλεῖ
688 1399 694 1404 ·
715 1387 860 1423 τουτέστιν,

89 1433 190 1461 ἀνεῖλεν
203 1433 290 1467 αὐτὸν,
301 1430 370 1459 ἀλλὰ
381 1432 409 1460 οὐ
421 1433 570 1460 συνινεῖλεν
583 1433 653 1472 αὐτῷ
666 1432 713 1468 τὴν
725 1433 801 1466 δόξαν
814 1433 860 1461 καὶ

89 1478 137 1513 τὴν
151 1478 244 1515 τιμήν·
257 1479 285 1506 οὐ
297 1478 421 1512 τέθνηκεν
437 1479 548 1510 ἐκεῖνος·
558 1479 649 1506 οὐκοῦν
663 1478 721 1508 οὐδὲ
731 1480 806 1516 ὑμεῖς
817 1490 860 1507 τε·

89 1523 219 1559 Ονήξεσθε.
235 1524 314 1563 υΟσῳ
325 1524 376 1563 γὰρ
387 1524 418 1552 ἄν
431 1535 470 1555 τις
482 1523 658 1563 χαλεπώτερα
674 1524 756 1563 πάθῃ,
767 1524 858 1554 τοσού-

912 383 1012 412 honore
1031 391 1086 412 crat
1105 384 1214 423 dignus,
1236 384 1302 423 quid
1326 386 1427 424 patitur
1444 386 1457 414 Ρ
1477 386 1655 415 interimitur.

914 429 1016 457 Deinde
1030 430 1110 458 aliam
1131 431 1205 470 ponit
1220 431 1338 465 laudem,
1361 431 1453 460 dicens
1471 444 1478 459 ε
1494 434 1553 461 Per
1569 443 1658 471 quam

915 478 1111 504 testimonium
1126 483 1322 515 consequutus
1337 484 1378 505 est
1388 488 1449 506 esse
1457 480 1564 517 justus,
1581 481 1660 507 testi-

915 525 1044 551 monium
1056 523 1226 562 perhibente
1241 523 1324 551 donis
1336 525 1398 562 ejus
1413 524 1496 557 Deo;
1511 531 1539 552 ec
1552 535 1605 563 per
1618 525 1659 553 il-

916 569 976 596 lam
987 569 1143 608 defunctus
1154 570 1250 598 adhuc
1267 569 1404 607 loquitur.
1417 569 1559 604 Quomodo
1570 577 1657 598 autem

916 614 993 642 aliter
1001 625 1107 653 quoque
1119 615 1220 654 accepit
1230 615 1411 643 testimonium
1421 615 1495 654 quod
1505 615 1536 644 sit
1545 616 1658 655 justus?

917 660 1024 688 Dicitur
1041 660 1110 698 ignis
1122 659 1288 689 descendisse
1303 667 1329 689 et
1344 661 1520 690 consumsisse
1534 662 1591 700 ejus
1605 661 1660 690 ho-

916 706 980 734 stias
997 718 1002 733 τ
1020 717 1081 734 nain
1097 716 1144 746 pro
1159 706 1216 741 illo,
1233 707 1286 735 Ad
1300 707 1424 736 Abelem
1437 710 1562 746 asperit,
1577 715 1606 736 et
1619 709 1661 736 ad

916 755 978 792 ejus
992 753 1139 792 sacrificia
1155 754 1318 787 Dominu5;
1331 752 1403 782 dixit
1415 753 1537 792 quidam,
1556 755 1596 782 Ec
1609 756 1659 782 in-

917 797 1023 824 cendit.
1041 796 1096 831 Qui
1109 807 1171 835 ergo
1184 797 1276 825 verbis
1292 804 1317 825 et
1330 797 1407 825 sactis
1417 798 1491 836 justo
1506 798 1568 826 tulit
1584 798 1659 827 testi-

918 841 1048 876 monium,
1059 840 1152 869 videns
1163 851 1223 869 eum
1237 848 1345 880 propter
1353 841 1442 880 ipsum
1454 841 1489 870 de
1495 841 1584 871 medio
1591 842 1660 871 sub-

917 884 1013 919 latum,
1029 895 1080 913 non
1095 896 1155 913 eum
1169 885 1329 920 vindicavit,
1345 886 1391 914 scd
1403 886 1476 915 sivit.

958 931 986 957 9.
1005 930 1101 958 Vestra
1115 936 1204 957 autem
1226 940 1276 958 non
1291 930 1327 958 ita
1347 941 1374 958 se
1391 930 1506 959 habent:
1523 930 1659 968 quomodo

916 974 997 1008 enim,
1008 975 1055 1012 qui
1067 981 1092 1002 et
1105 975 1248 1014 prophetas
1260 975 1364 1004 hahetis
1375 983 1400 1005 et
1412 977 1535 1016 exempla
1548 984 1573 1005 et
1583 977 1659 1005 innu-

917 1020 1059 1048 merabiles
1074 1020 1266 1049 consolationes
1277 1028 1303 1049 et
1317 1022 1393 1060 signa
1413 1030 1437 1051 et
1453 1023 1522 1051 facta
1537 1022 1659 1051 miracu-

916 1066 966 1094 la?
990 1065 1172 1100 Quamobrem
1194 1072 1250 1094 erat
1270 1066 1339 1094 illud
1360 1078 1421 1096 vere
1437 1067 1513 1096 fides.
1528 1068 1659 1103 Quaenam

916 1112 987 1140 enim
1000 1112 1071 1140 vidit
1083 1111 1224 1148 miracula,
1238 1118 1267 1140 ut
1281 1111 1400 1141 crederet
1412 1113 1464 1142 sibi
1479 1114 1597 1143 suturam
1610 1115 1660 1143 bo-

915 1169 1012 1187 norum
1028 1158 1269 1187 remunerationem
1279 1159 1292 1186 ,⁹
1306 1169 1394 1188 annon
1414 1169 1448 1188 ex
1461 1160 1517 1188 sola
1532 1161 1587 1189 fide
1601 1161 1658 1189 ele-

916 1205 956 1244 git
971 1204 1122 1234 virtutem?
1138 1203 1213 1239 Quid
1232 1211 1270 1232 est
1285 1204 1364 1240 illud,
1382 1206 1421 1233 Ee
1441 1216 1493 1244 per
1507 1206 1591 1235 illam
1606 1208 1659 1235 de-

913 1254 1035 1292 functus
1059 1252 1156 1281 adhuc
1178 1252 1383 1292 loquiturPNe
1407 1252 1478 1292 ipsos
1494 1253 1520 1281 in
1544 1255 1659 1283 multam

916 1299 1034 1338 injiceret
1054 1297 1277 1337 desperationem,
1301 1297 1418 1327 ostendit
1441 1309 1502 1327 eum
1526 1309 1560 1327 ex
1584 1306 1659 1338 parte

917 1345 1049 1384 accepisse
1072 1343 1326 1383 compensationem.
1353 1343 1520 1380 Quomodo?
1547 1345 1658 1383 Magna,

915 1391 1012 1430 inquit,
1037 1391 1096 1429 ejus
1117 1396 1156 1418 est
1170 1390 1315 1419 auctoritas
1338 1396 1362 1418 et
1377 1390 1554 1419 consideratio
1577 1402 1582 1418 :
1606 1390 1658 1419 hoc

915 1438 986 1466 enim
1001 1435 1183 1465 subindicavit
1205 1435 1306 1471 dicens,
1334 1437 1373 1464 Et
1397 1437 1494 1465 adhuc
1516 1437 1656 1475 loquitur.

915 1482 973 1511 Hoc
994 1488 1044 1517 est,
1060 1490 1121 1508 eum
1142 1480 1259 1517 sustulit,
1283 1479 1328 1508 sed
1353 1490 1406 1509 non
1421 1491 1482 1508 cum
1504 1491 1534 1509 eo
1549 1480 1659 1509 sustulit

916 1526 1030 1566 gloriam
1051 1531 1076 1553 et
1090 1524 1220 1553 honorem
1245 1537 1250 1552 :
1268 1535 1320 1553 non
1340 1532 1379 1553 est
1392 1525 1438 1553 ille
1452 1531 1594 1554 mortuus:
1610 1535 1658 1553 nec

88 1582 125 1608 τῳ
140 1572 156 1605 ἡ
171 1570 233 1603 δόξα
246 1570 350 1608 μείζων.
363 1571 427 1602 Πῶς
440 1566 482 1598 οὖν
496 1570 535 1598 ἔτι
544 1570 595 1609 γὰρ
607 1571 699 1605 λαλεῖς
711 1571 799 1599 Ταῧτο
813 1571 858 1599 καὶ
875 1578 892 1600 C
914 1581 964 1600 vos
984 1580 1048 1609 ergo
1064 1568 1225 1598 moriemini.
1241 1570 1350 1605 Quanto
1371 1569 1443 1598 enim
1458 1568 1582 1608 graviora
1597 1568 1658 1607 quis

121 1673 131 1683 ²
149 1664 191 1689 Sic
203 1664 272 1689 Editi
289 1671 314 1689 et
331 1665 405 1692 Colb.
423 1664 473 1690 Sed
492 1666 616 1690 sententia
635 1671 673 1690 est.
690 1664 847 1697 imperfecta,

87 1705 225 1734 Matianus,
240 1704 271 1728 In
283 1704 363 1733 Abel,
375 1706 468 1737 iuquit,
483 1705 594 1737 inspexit
606 1710 630 1729 el
641 1706 667 1728 in
679 1704 774 1728 hostias
785 1705 847 1738 ejus.

87 1743 134 1767 sIn
148 1743 270 1774 Srmrum
283 1749 367 1767 autem
382 1743 482 1777 lingua,
494 1744 530 1768 Et
544 1744 644 1776 ignivit,
655 1743 739 1768 habet.
754 1744 849 1776 Legen-

89 1783 149 1807 dum
163 1784 247 1814 itaque
260 1782 300 1806 hic
313 1782 428 1807 videtur:
444 1787 455 1808 ὸ
475 1786 556 1817 Σύρος,
580 1788 617 1809 καὶ
637 1786 762 1817 §vem-'spana
781 1785 848 1809 εἶπεν.

88 1821 213 1846 llebra'ica
227 1821 302 1846 verba
313 1828 371 1846 sunt
391 1826 464 1852 ,Ἲπυ
486 1827 572 1856 pum,
592 1821 634 1846 ubi
645 1831 696 1847 non
707 1822 794 1855 Syrus,
806 1822 849 1846 sed

89 1862 249 1889 Theodollou
258 1883 264 1895 ,
279 1868 315 1890 καὶ
328 1866 453 1898 ἐνεπύρισεν
466 1867 477 1890 ὸ
490 1868 538 1894 θεὸς
557 1865 647 1895 vertit,
668 1870 697 1889 ut
718 1863 803 1890 videas
823 1865 848 1889 in

899 1663 1017 1696 Hexaplis
1027 1664 1119 1688 nostris
1128 1683 1134 1693 ‚
1148 1663 1211 1687 Gen.
1225 1665 1249 1692 4,
1261 1665 1273 1686 4
1286 1672 1292 1694 ;
1306 1669 1331 1687 et
1349 1662 1513 1687 confirmatur
1526 1671 1555 1687 ex
1569 1663 1658 1687 Hiero-

899 1704 970 1736 nymi
983 1704 1129 1727 testimonio
1145 1700 1247 1726 ibidem.
1265 1702 1345 1735 Syrus
1356 1710 1465 1734 namque
1479 1703 1554 1726 vertit
1573 1706 1611 1727 ui
1622 1706 1658 1727 ci-

899 1745 990 1770 ῑᾱκηεεν
1008 1745 1019 1768 ὸ
1041 1746 1097 1771 θεὸς.
1120 1743 1210 1773 ltaque
1231 1744 1326 1775 σφάλμα
1337 1741 1444 1765 fortasse
1458 1741 1533 1766 fuerit
1546 1740 1658 1774 Chryso-

899 1782 982 1806 stomi.

932 1822 944 1839 b
963 1820 1005 1844 Sic
1017 1819 1096 1844 Editi.
1113 1818 1187 1844 Colb.
1206 1825 1290 1843 autem
1304 1821 1360 1852 ffzp'
1379 1822 1456 1845 αὐταῦ.
1472 1818 1520 1853 [Id
1533 1820 1655 1853 expressit

899 1858 1044 1892 Mutianus]

508 1964 684 1993 MUTIANO
704 1963 960 1993 SCHOLASTICO
981 1962 1235 1992 INTERPRETE.

90 2058 226 2088 attendit?
237 2058 315 2087 etiam
328 2058 385 2098 ipse
396 2057 548 2097 injuriavit.
566 2057 682 2087 Proinde
691 2069 725 2087 ex
735 2059 822 2098 seipso
835 2058 887 2087 hoc
900 2058 1001 2087 bonum
1017 2057 1126 2087 invenit.
1138 2057 1192 2093 Qui
1208 2067 1270 2096 ergo
1283 2063 1356 2086 tanto
1367 2057 1466 2096 dignus
1479 2064 1536 2086 erat
1545 2057 1655 2094 honore,

90 2106 157 2144 quid
168 2105 284 2145 patitur?
292 2105 468 2134 Interimitur.
478 2105 602 2141 Qualiter
610 2112 699 2134 autem
709 2105 789 2134 etiam
801 2105 875 2134 aliud
887 2105 1070 2134 testimonium
1081 2111 1257 2143 consequutus
1268 2111 1317 2141 est,
1331 2104 1403 2142 quod
1412 2106 1593 2144 essetjustus?
1606 2106 1656 2134 Di-

90 2151 238 2190 citui-ignis
251 2151 419 2181 descendisse
432 2158 457 2181 et
471 2152 627 2181 assumsisse
637 2152 738 2181 hostias
748 2153 814 2191 ejus.
826 2154 863 2180 In
873 2153 963 2187 Abel,
980 2152 1079 2191 inquit,
1096 2153 1232 2190 inspexit,
1245 2158 1271 2179 ec
1287 2153 1318 2179 in
1327 2152 1437 2180 hostias
1449 2154 1519 2191 ejus.
1532 2153 1563 2181 In
1575 2153 1657 2192 Syro-

90 2209 151 2228 rum
165 2206 253 2228 autem
266 2198 377 2238 lingua,
395 2200 435 2228 Et
450 2201 564 2238 ignivit,
578 2199 670 2227 habet.
687 2200 756 2228 Cum
771 2206 796 2227 et
812 2199 838 2227 in
852 2199 941 2227 verbis
954 2206 979 2227 et
994 2199 1021 2227 in
1034 2198 1160 2238 operibus
1171 2198 1228 2237 ejus
1243 2198 1400 2227 testificatus
1411 2199 1445 2227 sit
1459 2198 1616 2238 dejustitia,
1630 2208 1656 2230 et

91 2256 154 2274 cum
167 2256 229 2275 eum
246 2252 354 2285 propter
370 2256 397 2274 se
406 2246 568 2274 exstinctum
577 2245 693 2281 videret,
706 2246 821 2274 necdum
836 2246 858 2274 ei
871 2245 1012 2281 retribuit,
1028 2245 1073 2274 sed
1089 2245 1178 2273 adhuc
1189 2245 1227 2273 sic
1241 2244 1354 2274 dimisit.

130 2294 235 2323 Nostrae
252 2300 341 2322 autem
356 2303 398 2322 res
413 2303 465 2322 non
480 2293 546 2322 tales
565 2300 636 2322 sunt.
655 2293 808 2329 Quomodo,
828 2293 941 2332 inquit?
956 2293 1002 2332 qui
1015 2293 1086 2322 enim
1101 2299 1127 2321 et
1139 2292 1262 2332 exempla
1278 2292 1361 2321 multa
1376 2292 1518 2331 habemus,
1530 2301 1555 2323 et
1565 2294 1653 2324 horta-

91 2347 179 2370 menta
188 2347 268 2379 atque
276 2341 476 2378 consolationes,
485 2341 575 2371 decem
588 2341 673 2370 millia
682 2349 707 2370 et
721 2342 796 2380 signa
806 2348 831 2370 et
844 2341 973 2370 miracula
987 2341 1064 2370 sacta.
1077 2340 1193 2370 Proinde
1202 2340 1270 2369 illud
1279 2348 1334 2369 erat
1345 2351 1407 2369 vera
1418 2341 1493 2370 fides.
1507 2344 1574 2378 Quae
1583 2342 1656 2372 enim

90 2389 221 2418 miracula
233 2388 278 2417 ille
288 2387 371 2425 vidit,
385 2395 414 2418 ut
425 2389 543 2418 crederet
555 2389 618 2428 quia
635 2390 686 2418 erit
699 2401 714 2418 a
730 2391 786 2418 Deo
800 2389 948 2428 aliquando
963 2389 1105 2418 retributio
1118 2389 1250 2418 bonorum
1261 2389 1275 2417 Ξ)
1290 2399 1376 2417 nonne
1386 2399 1419 2417 ex
1429 2388 1483 2418 fide
1494 2389 1550 2419 sola
1561 2390 1656 2420 habuit

91 2434 160 2464 hanc
178 2434 334 2464 virtutem?
352 2434 427 2470 Quid
447 2442 496 2470 est,
514 2436 554 2464 Ec
567 2443 719 2475 propterea
738 2443 868 2466 mortuus
885 2437 983 2465 adhuc
1001 2437 1131 2476 loquitur
1146 2439 1158 2464 Ρ
1172 2437 1212 2464 Ne
1223 2436 1250 2464 in
1264 2435 1376 2464 multam
1391 2446 1434 2464 eos
1445 2435 1655 2475 desperationem

93 2481 246 2519 adduceret,
261 2482 379 2512 ostendit
387 2494 449 2512 eum
462 2494 496 2512 ex
508 2491 584 2523 parte
599 2485 759 2523 perfruitum
774 2484 959 2514 retributione.
973 2484 1117 2521 Quomodo
1128 2484 1141 2513 Ρ
1154 2483 1308 2524 Speculatio
1321 2484 1420 2523 quippe
1433 2484 1491 2523 ejus
1506 2484 1590 2514 multa
1603 2493 1652 2520 est,

94 2531 134 2558 Et
145 2531 241 2560 adhuc
253 2532 383 2571 loquitur
399 2544 405 2559 :
421 2531 473 2560 hoc
487 2538 536 2569 cst,
547 2531 681 2562 interemit
697 2533 807 2572 quidem
822 2544 894 2571 eum,
911 2533 958 2562 sed
973 2543 1025 2562 non
1040 2543 1100 2562 cum
1115 2542 1145 2561 eo
1158 2532 1292 2561 interemit
1308 2532 1366 2571 ejus
1381 2531 1494 2570 gloriam
1505 2539 1585 2571 atque
1597 2544 1655 2562 me-

95 2577 204 2607 moriam
217 2591 223 2606 :
238 2589 290 2609 non
303 2586 342 2608 est
353 2579 398 2608 ille
409 2585 531 2609 mortuus
547 2591 552 2607 :
568 2590 631 2619 ergo
646 2590 693 2611 nec
705 2591 752 2611 vos
765 2581 925 2612 moriemini.
941 2583 1050 2619 Quanto
1065 2581 1135 2610 enim
1150 2581 1210 2620 quis
1225 2580 1360 2610 acerbiora
1372 2590 1464 2619 passus
1478 2579 1568 2618 fuerit,
1583 2587 1655 2611 tanto
