1875 2856
449 112 460 124 Α
518 100 697 123 ENCOMlUM
724 100 754 123 S.
782 100 938 123 GnEGORu
966 100 1239 124 ILLUMlNATonts.
1572 87 1658 134 1067

97 305 218 336 Titulus
232 307 263 337 et
274 304 450 337 encomium
462 311 544 334 nunc
559 302 664 341 accipe
679 304 712 332 ut
727 302 879 333 habentur
905 303 936 333 in
950 303 1061 334 Codice
1074 303 1127 342 qui
1147 304 1292 334 trecentis
1314 304 1434 335 circiter
1448 304 1561 336 abhinc
1577 304 1664 335 annis

551 369 742 409 conscriptus
751 368 872 400 videtur
887 372 917 400 et
931 370 1030 401 littera
1048 373 1074 401 C
1086 370 1265 401 innotescit.

752 465 1087 480 ψ

206 554 305 583 Sermo
319 555 414 582 sancti
427 553 550 581 loannis
566 551 769 588 chrysostomi
784 551 1055 589 Constantinopolis
1069 554 1195 592 episcopi
1206 555 1242 583 de
1256 562 1358 584 sancto
1371 556 1577 587 Illuminatore

580 617 692 654 Illagno
709 615 860 653 Gregorio,
874 613 1020 653 Pontifici&
1035 616 1089 643 Dei
1105 618 1206 643 nostri.

139 724 178 752 Ut
190 722 290 751 diversi
310 728 372 750 sunt
386 721 545 760 multiplicis
559 720 662 759 generis
675 721 752 749 flores
767 719 811 758 qui
827 727 952 759 provecto
967 720 1037 748 veris
1052 727 1170 759 tempore
1181 722 1253 751 soliis
1266 722 1503 753 diversicoloribus
1514 733 1644 755 ornantur
1656 738 1661 754 :
1728 731 1738 751 1
1753 747 1757 751 .

99 771 137 800 ita
153 770 259 799 varium
283 776 321 798 cst
342 775 368 797 et
382 768 522 796 abundans
543 767 694 796 encomium
716 767 834 795 virorum
847 789 854 800 ,
872 766 918 804 qui
932 766 1034 795 divinis
1046 767 1152 806 praediti
1168 776 1229 797 sunt
1251 770 1360 798 dotibus
1373 793 1379 804 ‚
1395 782 1461 809 quas
1478 782 1583 800 cernere
1608 780 1663 801 tan·
1676 763 1823 784 9¹⁶⁰oe¹¹¹³¹¹¹'''

100 824 158 846 tum
171 817 256 846 oculis
273 823 353 854 atque
366 817 392 844 in
408 815 535 854 apotheca
547 815 643 843 mentis
654 825 809 843 coacervare
824 824 875 842 uon
888 814 1008 852 suflicit3
1025 824 1099 843 mens
1120 815 1190 844 enim
1209 816 1269 845 ideo
1282 818 1385 856 colligit
1400 825 1424 846 et
1436 819 1527 858 lingua
1541 827 1645 849 enarrat
1657 842 1664 858 ‚

101 872 131 894 ut
145 864 353 904 quamplurimis
367 863 447 891 simul
467 863 609 901 largiatur.

141 912 296 951 Ingrediens
313 911 396 949 igitur
410 911 436 938 in
450 910 579 951 floriferas
595 909 727 937 virtutum
742 919 816 937 areas
835 908 934 937 streuui
952 909 1078 948 martyris
1092 915 1117 937 et
1137 910 1268 949 supplicia
1288 913 1423 951 perpessi,
1439 912 1503 942 solis
1524 914 1666 953 splenden-

99 960 135 989 tis
148 981 156 995 ,
169 966 194 987 et
209 959 343 998 pontilicis
367 957 498 985 Armeniae
519 956 631 995 Majoris
650 955 841 984 illuminatoris
856 967 865 993 3
883 955 1095 994 protcmlensque
1110 957 1205 985 mentis
1226 959 1316 987 oculos
1333 970 1413 998 super
1432 960 1587 998 florigerum
1616 972 1669 1000 qno

98 1005 186 1044 fulget
199 1004 279 1033 decus
295 1017 300 1032 :
321 1004 409 1032 nescio
433 1010 523 1031 utrum
539 1014 567 1031 ea
580 1026 587 1036 ,
601 1013 658 1041 quae
686 1002 827 1041 complecti
856 1002 967 1040 quidem
982 1013 1107 1042 possum,
1123 1005 1243 1033 encomio
1263 1007 1397 1044 sapienter
1413 1006 1518 1045 digesto
1544 1008 1669 1046 prosequi

99 1053 200 1092 possim
214 1064 222 1089 ;
239 1051 306 1080 mihi
318 1060 432 1088 namque
456 1049 621 1078 desiderium
645 1057 683 1078 est
699 1049 788 1078 omnia
800 1060 942 1088 congerere
953 1073 961 1087 ,
979 1061 1073 1079 vereor
1094 1058 1180 1080 tamen
1196 1063 1229 1081 ne
1243 1053 1362 1092 plurima
1375 1054 1442 1082 mibi
1454 1054 1589 1083 excidant.

138 1101 199 1130 Jam
215 1110 278 1128 vero
290 1097 415 1137 apiculae,
431 1097 481 1125 alis
494 1096 614 1136 praeditae
629 1096 745 1128 levibus,
761 1096 854 1124 beatus
870 1097 915 1125 ille
930 1097 1026 1125 similis
1042 1099 1139 1128 merito
1156 1099 1222 1127 mihi
1244 1100 1359 1129 videtur.
1372 1101 1407 1129 Et
1422 1112 1486 1130 sane
1499 1109 1527 1130 ut
1543 1102 1665 1130 admira-
1679 1113 1715 1132 823

101 1146 174 1174 tione
188 1145 300 1184 dignum
311 1151 349 1172 est
360 1142 472 1182 apiculae
487 1153 564 1182 opus,
576 1142 613 1170 ita
627 1148 654 1170 'et
664 1142 750 1170 sancti
763 1142 888 1180 Gregorii
904 1144 1017 1172 virtutes
1028 1144 1131 1173 animos
1143 1145 1250 1184 rapiunt
1268 1158 1274 1173 :
1292 1153 1373 1184 utque
1386 1157 1462 1175 nemo
1474 1147 1542 1176 valet
1554 1155 1665 1188 stupen-

100 1193 167 1222 dum
182 1193 256 1221 illius
267 1192 384 1220 laborem
397 1197 444 1219 aut
454 1200 575 1218 sermone
585 1196 631 1218 aut
644 1189 750 1228 ingenio
764 1189 882 1227 assequi,
898 1189 932 1217 ita
947 1197 972 1218 ct
986 1191 1069 1219 sancti
1085 1191 1166 1231 hujus
1181 1192 1254 1221 dotes
1269 1193 1382 1222 eximias
1402 1195 1522 1224 encomio
1539 1196 1668 1234 prosequi

99 1240 204 1270 nemini
217 1239 382 1268 conceditur.

141 1285 375 1323 Quemadmodum
389 1291 477 1313 autem
491 1284 565 1323 apis,
580 1283 643 1312 licet
657 1289 750 1322 sponte
766 1283 867 1312 seratur
882 1283 908 1312 in
926 1283 1065 1313 universos
1080 1283 1157 1314 flores
1174 1291 1201 1314 ut
1221 1296 1266 1315 eos
1281 1286 1392 1325 ambiat,
1407 1297 1458 1316 non
1473 1294 1559 1327 potest
1577 1295 1663 1318 tamen

101 1345 212 1364 succum
222 1345 327 1363 omnem
340 1333 460 1369 illorum,
476 1332 511 1361 ob
524 1331 624 1359 virium
638 1331 805 1365 tenuitatem,
822 1338 974 1370 asportare;
988 1331 1101 1369 ideoque
1114 1332 1204 1371 seligit
1217 1344 1263 1369 ea,
1279 1344 1338 1371 quae
1351 1334 1377 1362 in
1393 1334 1481 1363 medio
1496 1335 1592 1364 ssorum
1604 1337 1670 1364 emi-

99 1389 163 1410 cant
177 1389 203 1410 ct
217 1381 357 1410 subtiliora
372 1386 432 1408 sunt
444 1403 451 1415 ,
473 1386 502 1407 ut
524 1378 574 1406 alis
591 1378 648 1406 suis
670 1384 810 1416 congreget
824 1384 902 1415 atque
923 1377 986 1406 inde
1006 1378 1093 1406 mellis
1114 1379 1206 1407 favum
1221 1379 1344 1408 conficiat
1361 1392 1366 1406 :
1383 1380 1419 1408 ita
1437 1388 1462 1409 ct
1480 1392 1528 1420 ego
1541 1392 1570 1410 ea
1582 1404 1591 1419 ,
1607 1392 1668 1420 quae

100 1429 244 1469 complecti
260 1435 351 1468 potero
361 1450 367 1462 ,
379 1426 541 1455 coacervabo
553 1426 580 1454 in
596 1432 699 1460 mente,
711 1432 735 1453 et
753 1436 873 1453 sermone
886 1426 1018 1464 proferam
1029 1448 1037 1461 ‚
1050 1432 1079 1454 ut
1094 1425 1174 1454 odore
1189 1426 1264 1455 suavi
1280 1437 1356 1455 nares
1372 1438 1488 1456 recreem
1505 1439 1598 1457 eorum
1620 1429 1667 1466 qui

101 1486 176 1505 sacra
189 1474 323 1504 celebrant
335 1472 460 1512 mysteria
470 1479 495 1501 et
509 1472 592 1500 sancti
605 1471 730 1509 Gregorii
744 1471 894 1500 encomium
909 1471 1003 1499 audire
1018 1471 1144 1509 gestiunt.

141 1524 203 1553 Jam
225 1532 290 1550 vero
310 1519 445 1559 quomodo
467 1518 608 1557 appellabo
632 1517 785 1557 pontificem
811 1517 900 1553 bunc,
923 1517 972 1546 nisi
993 1518 1122 1546 solemia
1143 1518 1263 1557 partibus
1288 1519 1474 1549 Orientalibus
1496 1528 1663 1556 nascentem,
1734 1521 1765 1543 Π.

101 1570 180 1609 cujus
197 1568 333 1597 radiorum
344 1566 470 1606 splendor
484 1564 611 1603 usquead
622 1571 728 1603 gentem
742 1565 898 1593 Graecorum
917 1564 1025 1603 pertigit
1037 1564 1049 1592 Ξ)
1064 1565 1087 1592 O
1102 1563 1269 1603 prodigium!
1285 1565 1313 1594 Si
1325 1566 1385 1604 quis
1397 1566 1504 1595 hortum
1517 1568 1616 1606 plantis
1627 1568 1666 1597 in·
1679 1554 1751 1605 „1:¹³2
1773 1559 1821 1606 ¹2³⁵}

100 1624 200 1646 sertum
221 1616 298 1652 velit,
320 1615 403 1654 spinae
420 1613 538 1653 primum
559 1612 765 1646 exscindantur,
784 1611 990 1649 evellunturque
1012 1611 1099 1639 noxiae
1120 1611 1232 1647 radices,
1256 1623 1304 1641 nec
1319 1613 1377 1642 sine
1398 1614 1487 1652 aliqua
1504 1614 1666 1645 difficultate
1701 1601 1820 1643 G·‘··s¹·¹r⁵u2·

100 1665 196 1694 hortus
215 1664 260 1692 ille
282 1663 419 1702 plantatur
436 1672 443 1689 ι
460 1660 506 1689 sed
525 1660 615 1699 magni
635 1660 761 1698 martyris
776 1666 800 1687 et
815 1659 947 1698 supplicia
971 1659 1087 1697 perpessi
1104 1659 1241 1698 pontilicis
1262 1660 1357 1688 hortus
1377 1661 1404 1689 in
1419 1661 1508 1690 medio
1525 1662 1665 1701 spinarum
1691 1645 1820 1699 Agfflffss':¹{

100 1711 274 1751 germinavit,
289 1710 323 1739 ad
338 1710 432 1738 caelum
448 1719 532 1746 usque
546 1707 665 1747 pertigit,
680 1714 705 1735 et
715 1706 849 1745 angelicos
864 1706 952 1735 emisit
967 1706 1055 1741 flores,
1074 1717 1188 1744 quorum
1207 1707 1270 1735 folia
1283 1707 1412 1746 speciosis
1428 1709 1548 1737 nitebant
1563 1710 1665 1739 colori—
1717 1710 1822 1744 §vrrilstss

100 1759 151 1788 bus
165 1772 172 1787 ε
187 1769 240 1788 non
255 1757 378 1796 equidem
394 1757 496 1795 spinas,
513 1755 625 1783 carduos
635 1762 661 1783 et
676 1754 741 1782 alias
756 1754 900 1782 noxiarum
916 1753 1060 1782 herbarum
1075 1754 1178 1782 radices
1190 1754 1372 1783 exscindendo
1384 1762 1409 1784 et
1425 1756 1608 1795 projiciendo,
1619 1758 1665 1786 sed
1700 1740 1819 1791 Ess'muss'ffissn

98 1817 143 1835 eas
156 1807 183 1835 in
195 1805 376 1835 suaveolentes
389 1804 467 1832 ssores
477 1810 502 1832 et
512 1803 621 1831 arbores
634 1802 777 1841 pomiferas
792 1800 1017 1836 transformando,
1031 1800 1158 1829 rhamnos
1171 1801 1291 1829 reddidit
1303 1812 1382 1840 poma
1393 1802 1506 1832 serentes
1520 1803 1664 1844 odorifera,
1692 1802 1783 1822 ¹¹⁰¹·¹·²¹⁵
1800 1807 1821 1822 0¹

98 1853 260 1891 carduisque
268 1852 343 1881 dedit
356 1858 384 1880 ut
396 1861 468 1879 rosas
482 1850 590 1879 ederent
600 1857 625 1878 et
641 1849 718 1878 ssores
731 1849 864 1887 speciosos
875 1855 954 1887 atque
968 1849 1130 1887 fragrantem
1143 1848 1293 1877 emittentes
1305 1848 1423 1879 odorem.
1702 1833 1820 1884 ffiffi'fsffl}

138 1899 239 1928 Felices
256 1900 297 1934 (1)
318 1897 486 1936 Riplisimem
504 1902 528 1924 ct
544 1895 670 1923 Caianam
688 1894 806 1934 praedico
819 1907 825 1922 :
837 1905 913 1932 quae,
925 1905 986 1923 eu.n
1001 1894 1119 1922 radicem
1133 1895 1290 1923 sumsissent
1301 1918 1308 1931 ‚
1337 1896 1408 1924 unde
1425 1898 1588 1936 propagines
1602 1905 1666 1927 ortae
1678 1895 1767 1930 ¹¹⁰.‘¹'''¹¹
1788 1894 1831 1915 ᾧ*

1693 1930 1730 1947 cit.

99 1953 161 1975 sunt
175 1953 201 1974 et
221 1945 299 1984 longe
313 1945 418 1982 lateque
431 1943 538 1971 diffusae
549 1965 556 1979 ,
575 1943 745 1970 intraverunt
760 1942 786 1970 in
802 1943 935 1982 Majorem
952 1942 1108 1971 Armeniam
1118 1964 1126 1979 7
1143 1943 1220 1981 cujus
1236 1953 1268 1971 ne
1282 1943 1411 1972 minimus
1426 1944 1536 1982 quidem
1551 1946 1666 1984 angulus

100 1993 264 2033 protectione
278 2001 414 2021 ramorum
429 1990 537 2018 illarum
553 1989 698 2018 destitutus
712 1989 771 2018 suit.

139 2041 164 2070 O
180 2037 352 2080 prodigium!
367 2038 447 2066 homo
458 2047 600 2076 corporeus
615 2037 779 2076 incorporeis
791 2037 946 2076 agminibus
962 2037 1060 2066 similis
1073 2044 1128 2073 est;
1145 2037 1210 2073 imo,
1222 2037 1244 2065 si
1256 2037 1293 2066 sic
1304 2037 1377 2076 loqui
1390 2038 1461 2075 licet,
1474 2039 1601 2078 angelicis
1615 2050 1667 2079 po-

99 2088 151 2117 tior
162 2088 314 2127 spiritibus.
329 2086 431 2114 Horum
446 2085 516 2113 enim
530 2095 614 2123 neque
628 2095 724 2124 corpus
738 2095 824 2123 neque
835 2085 954 2113 membra
966 2085 1109 2124 suppliciis
1122 2092 1145 2113 et
1158 2084 1302 2114 doloribus
1315 2085 1432 2114 obnoxia
1445 2093 1506 2115 sunt
1518 2098 1526 2124 ;
1544 2087 1590 2115 ille
1602 2097 1666 2117 vero

98 2135 127 2164 in
138 2146 165 2163 se
176 2135 282 2163 dolores
291 2133 399 2162 admisit
411 2139 436 2160 et
451 2138 580 2160 tormenta
595 2142 666 2170 quae,
683 2128 884 2171 perinde'atque
894 2132 933 2160 illi
946 2132 991 2170 qui
1007 2132 1127 2171 corporis
1143 2139 1204 2160 sunt
1218 2139 1351 2171 expertes,
1362 2133 1484 2171 pertulit.

140 2183 270 2211 Praeterea
280 2188 306 2210 ct
321 2181 372 2209 alia
388 2179 472 2208 multa
487 2185 549 2207 sunt
564 2179 590 2206 in
605 2189 635 2207 eo
650 2189 744 2217 genera
758 2179 902 2208 virtutum.
920 2179 1043 2209 Similem
1060 2179 1131 2207 enim
1145 2179 1223 2207 illum
1238 2180 1315 2208 Petro
1330 2187 1355 2208 et
1368 2180 1452 2208 Paulo
1464 2179 1553 2208 dicere
1564 2181 1660 2210 ausim.
1725 2178 1770 2200 ¹¹¹·

100 2230 222 2268 Namque
234 2229 302 2258 sicut
315 2228 354 2256 illi
369 2227 473 2265 magnis
488 2226 644 2262 conatibus,
665 2236 813 2264 magnaque
826 2226 927 2255 virtute
940 2227 1031 2266 plagas
1046 2225 1234 2256 Occidentales
1249 2227 1283 2254 ab
1299 2226 1451 2255 idololatria
1467 2235 1663 2257 revocaverunt
1711 2211 1818 2232 D⁰⁰¹s¹¹¹⁴¹

1676 2244 1743 2264 sancti
1763 2241 1819 2263 Gre-

99 2277 134 2306 ad
149 2278 222 2306 viam
236 2286 295 2314 quae
310 2274 343 2303 ad
356 2275 535 2313 cognitionem
548 2274 598 2302 Dei
613 2273 735 2313 perducit
752 2285 758 2302 ε
772 2275 808 2302 ita
822 2281 847 2303 et
866 2274 961 2303 beatus
974 2274 1124 2313 Gregorius
1138 2273 1288 2303 orientales
1303 2281 1391 2313 partes
1400 2274 1590 2313 praedicatione
1601 2275 1664 2304 illu·
1677 2276 1732 2310 gorii
1764 2274 1819 2308 ΠΙ..-

101 2323 207 2354 stravit.
230 2322 330 2351 Docuit
348 2322 418 2350 enim
431 2321 491 2348 illas
505 2319 647 2348 colendum
659 2331 715 2349 esse
733 2321 850 2355 Patrem,
869 2321 968 2349 Filium
981 2328 1006 2349 et
1021 2321 1153 2360 Spiritum
1168 2328 1289 2349 sanctum
1308 2333 1314 2348 :
1331 2321 1455 2350 Verbum
1470 2332 1484 2350 a
1498 2322 1577 2350 Patre
1590 2322 1665 2351 indi·
1678 2310 1802 2327 miuaions.

103 2370 218 2398 viduum
234 2368 390 2397 assumsisse
401 2377 498 2406 corpus
512 2377 546 2395 ex
561 2367 675 2406 Virgine
692 2378 698 2393 ε
720 2367 867 2406 perfectum
886 2368 973 2395 Deum
993 2367 1092 2396 sactum
1107 2377 1163 2396 esse
1178 2366 1312 2396 hominem
1328 2368 1472 2406 perfectum
1485 2390 1493 2406 ,
1520 2374 1601 2407 atque
1619 2380 1667 2408 pcl-

104 2417 270 2446 nativitatem
280 2415 380 2444 doloris
391 2421 526 2454 expertem
541 2414 744 2453 incorruptibile
758 2425 855 2454 corpus
867 2414 1029 2444 assumsisse.

140 2506 165 2539 (l
178 2505 186 2535 )
199 2503 234 2528 De
248 2502 448 2536 Ripbsimeinfra
461 2502 556 2527 mentio
565 2501 680 2527 habetur.
