1906 2846
125 533 158 553 Ex
172 532 256 552 Comm.

117 565 217 584 iuJoan.
231 566 258 583 't.
273 576 278 580 ·

119 595 141 615 8.
159 602 179 621 p.
193 594 231 621 230,

118 624 141 648 Β,
156 625 187 651 (ὶῑ

132 899 136 921 l
153 901 211 921 llud.
235 909 257 928 p.

116 932 192 957 56..-t,
206 933 233 959 Β]

112 1105 189 1131 [ua-t.
207 1106 231 1131 n]

116 1137 144 1156 Pl
150 1146 184 1158 σι’.
192 1138 252 1160 10.ss-

125 1682 157 1701 Ῐῖι
172 1681 246 1709 lutet-p

116 1714 222 1734 llexaem.

611 192 640 215 S.
667 192 806 215 JOANNts
832 191 1013 214 cnm'sos'T.

272 186 340 231 724

272 258 339 292 lem,
355 261 510 288 mortuum,
530 254 695 291 projectum,
718 253 850 281 vermium
870 262 955 280 eseam
970 252 1011 279 sa-

271 310 361 336 ctum,
386 300 489 329 nudum
513 299 548 326 ab
573 299 698 327 omnibus
723 298 781 327 istis
807 305 940 332 stantem,
964 308 1012 326 nec

269 347 416 385 quidquam
433 345 541 373 omuino
557 355 647 372 secum
666 351 802 383 asportare
814 345 931 383 potuisse
947 344 1013 381 (non

269 393 339 420 euim
359 392 439 420 simul
462 391 667 430 peregrinantur
681 401 742 419 cum
758 390 807 427 iis,
825 390 871 428 qui
889 390 953 418 hinc
966 390 1015 418 de-

269 438 392 473 cedunt),
417 436 462 465 sed
485 436 574 465 omnia
599 436 643 464 hie
662 436 816 474 reliquisse,
833 436 887 464 sola
912 436 1014 464 malitia

270 484 438 521 collectisque
459 483 509 510 sibi
529 493 562 510 ex
584 493 613 510 ea
638 489 806 521 peccatorum
831 482 942 510 sarcinis
962 483 1013 510 cir-

271 529 435 557 cumdatum.
460 529 557 557 Merito
582 539 644 556 saue
670 528 705 556 ab
726 528 844 566 antiquis
875 528 946 556 dicta
975 535 1013 556 est

271 575 358 603 manis
380 574 484 613 gloria:
503 574 590 602 inanis
614 575 685 602 euim
705 581 743 602 est
756 574 841 609 intus,
863 585 913 602 non
929 573 1012 612 quid-

271 633 351 660 quam
367 621 432 649 utile
455 620 573 656 liabens;
594 621 640 649 sed
659 620 736 649 sicuti
761 620 843 649 larvae
863 620 1011 659 splendidae

269 668 377 707 quidem
398 674 423 695 et
449 667 578 695 amabiles
605 677 660 695 esse
682 667 827 703 videntur,
852 667 1011 695 intrinsecus

268 721 357 743 autem
380 714 470 742 inanes
489 719 567 749 sunt;
590 712 692 741 idcirco
713 713 793 740 etiam
814 712 932 741 faciebus
948 723 1011 740 cor-

268 761 356 800 poreis
379 766 407 787 ut
431 759 596 787 venustiores
611 759 663 786 sint
676 781 684 795 ,
703 758 836 786 neminem
849 765 937 786 tamen
952 768 1012 785 um-

269 816 349 844 quam
374 805 407 834 ad
427 805 468 833 sui
485 811 606 844 aspectus
623 815 753 833 amorem<
766 805 917 833 allexerunt
940 817 945 831 :
973 805 1012 833 sic

269 852 361 886 etiam,
388 852 443 879 imo
469 850 594 878 miserius
619 850 686 888 quid
710 857 770 885 est,
797 851 872 889 apud
898 850 1011 888 vulgum

269 897 378 935 quaesita
395 896 488 935 gloria.
504 896 579 924 Nihil
597 896 666 924 euim
689 896 724 924 ita
749 896 800 925 Dei
820 896 1012 935 benignitatem

267 944 416 977 abalienat,
435 950 460 972 et
480 943 606 981 gehennae
622 942 745 971 incendio
766 943 865 978 tradit,
880 943 948 971 sicut
963 954 1012 971 su—

268 991 367 1030 pet-biae
384 989 514 1029 tyrannis.
536 989 599 1017 Haec
621 989 642 1017 si
663 989 734 1017 enim
752 990 829 1018 nobis
850 989 932 1023 adsit,
955 991 1012 1019 sive

266 1036 469 1076 temperantiam
482 1057 489 1069 ,
504 1035 561 1063 sive
574 1034 756 1073 virginitatem
771 1057 778 1070 ,
795 1035 852 1063 sive
860 1035 1011 1074 jejunium,

266 1083 324 1111 sive
351 1093 460 1121 preces,
487 1081 543 1109 sive
567 1081 763 1120 eleemosynam
782 1103 790 1116 ,
816 1081 873 1109 sive
900 1081 1010 1119 quidvis

266 1128 340 1156 aliud
352 1135 516 1167 praestemus,
529 1133 584 1155 tota
599 1134 687 1154 nostra
701 1127 754 1155 vita
771 1127 801 1154 fit
816 1127 935 1165 impura:
951 1130 1010 1155 Im-

266 1175 392 1202 mundus
403 1174 490 1207 enim,
516 1173 617 1210 inquit,
635 1172 714 1211 apud
734 1173 830 1200 Deum
852 1180 893 1200 est
917 1175 1010 1201 omnis

266 1230 419 1259 arrogans.
439 1221 559 1248 Tantum
580 1218 682 1246 malum
708 1225 745 1246 est
761 1218 847 1246 inanis
863 1219 964 1257 gloria,
983 1226 1010 1247 ut

266 1277 317 1294 non
334 1265 414 1294 modo
429 1275 471 1294 eos
485 1287 491 1299 ‚
507 1274 574 1301 quos
591 1264 670 1292 semel
690 1263 774 1303 cepit,
790 1264 824 1292 ad
840 1265 937 1292 vitium
960 1265 1009 1293 im-

267 1312 364 1351 pellat,
382 1311 429 1340 sed
448 1311 527 1340 etiam
552 1321 604 1338 una
631 1321 690 1339 cum
713 1310 861 1338 virtutibus
877 1311 986 1339 exsistat
1002 1324 1007 1339 ε

266 1365 369 1386 etcum
396 1368 442 1385 nos
463 1356 525 1385 inde
545 1357 640 1395 ejicere
662 1356 769 1394 nequit,
791 1356 817 1384 in
845 1356 901 1395 ipsa
918 1356 1009 1384 eadem

266 1406 365 1434 virtute
390 1414 519 1442 maguum
544 1403 674 1431 damnum
703 1409 847 1441 operatur,
877 1402 1010 1430 molestias

266 1450 376 1488 quidem
392 1450 520 1478 sustinere
535 1459 647 1487 cogens,
663 1448 795 1476 fructibus
809 1458 871 1477 vero
891 1449 1009 1486 privans.

267 1497 326 1524 Non
351 1496 422 1524 enim
445 1495 492 1533 qui
520 1502 661 1532 utramque
687 1493 840 1528 desiderat,
870 1500 1011 1531 utramque

267 1541 392 1579 consequi
409 1541 479 1569 valet
495 1552 500 1567 :
516 1540 578 1568 licet
589 1539 696 1576 quidem
710 1545 850 1576 utramque
865 1539 989 1576 consequi
1003 1561 1009 1572 ,

267 1588 289 1615 si
312 1598 363 1615 non
390 1594 545 1625 utramque,
566 1585 612 1613 sed
634 1596 714 1613 unam
737 1596 795 1622 quae
817 1595 850 1613 ex
876 1585 939 1613 caelo
954 1592 1008 1620 est,

267 1633 502 1671 concupiscamus-3
519 1632 564 1669 qui
580 1642 641 1659 vero
655 1638 795 1668 utramque
808 1638 894 1667 amat,
911 1638 1011 1659 utram-

250 1690 318 1717 -que
342 1678 454 1717 adipisci
479 1677 578 1715 nequit.
595 1677 649 1711 Qui
674 1676 744 1704 enim
766 1676 826 1705 ideo
842 1683 871 1705 ut
896 1677 1010 1714 gloriam

266 1724 338 1763 apud
362 1724 481 1752 hormines
502 1730 611 1751 venetur
624 1745 631 1759 ,
657 1722 760 1760 aliquid
781 1723 844 1750 boni
868 1730 1012 1762 operatur,

267 1772 323 1799 sive
338 1771 387 1798 ista
411 1770 464 1798 frui
486 1770 572 1798 valeat
589 1769 645 1797 sire
669 1780 740 1804 non,
763 1770 942 1798 sufficientem
966 1770 1011 1799 hic

266 1817 368 1855 accepit
388 1815 535 1844 mercedem
546 1839 553 1850 ,
575 1826 621 1843 nec
637 1815 718 1843 ullam
735 1815 773 1843 ibi
794 1816 902 1855 recipiet
917 1827 966 1855 pro
981 1827 1011 1845 eo

267 1863 478 1890 retributionem.
498 1861 608 1895 Quare?
628 1861 698 1895 Quia
714 1861 880 1899 praeveniens
894 1863 1011 1900 seipsum

266 1909 385 1947 privavit
396 1907 495 1947 judicis
508 1907 669 1936 liberalitate
679 1929 686 1942 ,
708 1907 850 1946 pra¹serens
866 1908 1011 1936 humanam

267 1954 380 1992 gloriam
404 1953 468 1993 justi
486 1953 592 1983 Judicis
612 1952 725 1981 calculo.
749 1953 803 1988 Qui
824 1964 887 1981 vero
902 1953 937 1982 ob
963 1954 1012 1982 hoc

266 2001 355 2039 ipsum
371 2000 512 2028 dumtaxat
526 1999 664 2039 spirituale
685 1999 795 2037 aliquod
812 2010 879 2038 opus
894 2001 1012 2039 peragit,

268 2053 296 2074 ut
317 2047 367 2075 soli
380 2046 419 2075 illi
445 2046 547 2085 placeat
562 2045 687 2085 pervigili
702 2045 797 2081 oculo,
821 2045 886 2074 huic
902 2053 927 2074 et
951 2047 1011 2075 the·-

267 2105 362 2122 saurus
392 2095 519 2122 immotus
546 2100 635 2122 manet
663 2100 687 2121 et
721 2093 830 2121 virtutis
857 2094 1011 2132 iutegritas3

267 2141 390 2178 bonaque
401 2151 435 2168 ex
446 2151 476 2168 eo
487 2150 545 2179 spes
558 2139 671 2167 multam
683 2139 740 2178 jam
755 2139 806 2178 ipsi
821 2141 938 2178 suggerit
951 2151 1012 2168 con—

267 2186 424 2214 solationem
443 2197 448 2212 :
472 2195 502 2213 ac
526 2192 702 2222 praeterquam
718 2184 790 2222 quod
811 2185 838 2212 in
862 2191 919 2213 tuta
943 2196 1012 2224 penu

268 2231 313 2259 illa
327 2238 476 2260 asservetur
488 2231 510 2259 ei
526 2231 667 2259 retributio
677 2253 683 2263 ‚
702 2231 844 2258 bominum
856 2242 961 2269 quoque
976 2243 1014 2260 se-

268 2284 363 2316 quetur
376 2278 443 2305 bona
456 2277 627 2305 existimatio.
651 2278 730 2305 Tunc
744 2277 814 2304 enim
831 2276 916 2316 ipsam
928 2278 1014 2306 abun-

268 2323 376 2352 dantius
399 2334 581 2361 assequemur,
596 2323 616 2350 si
632 2333 689 2350 eam
711 2322 906 2361 despiciamus,
918 2324 939 2351 si
956 2334 1014 2352 cam

268 2380 318 2397 non
332 2369 521 2407 q11ae1·amtts,si
534 2379 591 2397 eam
608 2379 659 2396 nou
677 2375 816 2396 sectemur.
829 2369 974 2398 Enimvero
986 2370 1012 2398 in

269 2414 340 2443 ludis
359 2415 535 2449 circensibus,
546 2415 593 2453 qui
608 2425 689 2452 equos
704 2415 953 2453 agitant,universo
965 2427 1012 2455 po-

270 2462 332 2499 pulo
347 2461 496 2500 plaudente,
512 2468 537 2489 et
551 2468 689 2490 sexcentas
699 2461 799 2489 faustas
810 2461 1013 2491 acclamationes

271 2507 464 2545 profundente.
480 2518 530 2535 non
553 2513 711 2535 convertunt
729 2517 773 2543 se,
790 2517 836 2535 nec
848 2508 1013 2546 voluptatem

272 2553 388 2590 aliquam
402 2564 435 2581 ex
448 2553 507 2581 laeta
522 2553 630 2581 illorum
645 2553 834 2582 acclamatione
845 2554 1010 2593 percipiunt3

273 2597 318 2626 sed
341 2598 372 2625 atl
398 2609 480 2625 unum
502 2599 587 2626 solum
613 2599 774 2637 respiciunt,
803 2610 890 2638 regem
914 2600 1011 2628 scilicet

1043 190 1185 214 AttCtttEP
1192 206 1198 213 .
1227 191 1482 216 CONSTANTINGI’
1489 208 1497 216 .

1021 644 1054 663 ῡιι
1068 663 1074 671 ,

1067 265 1118 280 των
1143 254 1263 281 παλαιῶν
1291 253 1437 287 κενοδοξία·
1452 255 1568 288 διάκενος
1590 257 1640 295 γάρ
1657 258 1726 285 ἐστιν
1747 255 1832 291 ἔνδον,

1068 297 1140 326 οὐδὲν
1151 298 1255 353 ε”γὶουσοίΝ
1263 311 1288 327 τι
1301 310 1442 337 γρησιμον·
1459 300 1517 327 ἀλλ’
1532 299 1621 339 ὥσπερ
1635 301 1668 329 τὰ
1682 307 1836 340 προσωπεῖα

1069 344 1138 372 δοκεῖ
1152 344 1206 381 μὲν
1232 347 1298 372 εἰναι
1319 344 1430 383 λαμπρὰ
1452 356 1496 373 και
1512 345 1662 384 ἐπέραστα,
1679 346 1742 374 κενὰ
1758 347 1784 375 δὲ
1798 347 1837 374 ἔν-

1069 389 1140 417 δοθέν
1162 392 1231 424 ἐστι,
1248 390 1287 418 διο
1304 401 1348 418 και
1364 402 1416 418 των
1431 393 1589 428 σωματικῶν
1607 392 1688 431 ὄψεων
1711 392 1837 430 εὐπρεπέ-

1069 447 1148 474 στερα
1169 435 1245 469 ὄντα,
1267 436 1358 464 οὐδένα
1381 437 1503 464 οὐδέποτε
1519 437 1582 475 πρὸς
1605 437 1648 465 τὸν
1672 438 1757 477 ἔρωτα
1775 439 1836 466 ἰδεῖν

1069 480 1157 508 ἔπεισε
1172 481 1215 509 τὸν
1230 483 1330 510 ἑαυτῶν
1341 493 1346 499 ’
1358 482 1441 515 οὕτω,
1453 484 1551 519 μᾶλλον
1563 482 1589 511 δὲ
1605 483 1762 522 ἀθλιώτερον
1771 506 1778 519 ,
1793 484 1838 511 καὶ

1068 529 1083 560 ἡ
1100 526 1173 565 παρὰ
1187 529 1239 555 τῶν
1262 528 1366 556 πολλῶν
1389 527 1457 560 δόξα.
1471 528 1553 556 Οὐδὲν
1569 528 1619 567 γὰρ
1635 527 1702 556 οὕτω
1722 532 1768 564 τῆς
1790 531 1836 558 τοῦ

1068 573 1137 600 Θεοῦ
1157 572 1355 611 φιλανθρωπίας
1376 574 1523 612 ἀλλοτριοῖ,
1540 575 1584 602 καὶ
1601 577 1638 613 τῷ
1662 577 1709 609 τῆς
1731 575 1836 613 γεέννης

1067 617 1233 655 παραδίδωσι
1254 618 1334 657 πυρὶ,
1355 621 1420 653 ὡςὴ
1439 622 1486 653 τῆς
1501 620 1679 658 ὑπερηφανίας
1703 620 1832 660 τυραννίς.

1073 663 1173 698 Γαύτης
1195 663 1245 702 γὰρ
1270 667 1333 701 ’ἡμῖν
1352 664 1500 703 παρούσης,
1517 665 1564 693 κᾶν
1588 666 1771 705 σωφροσύνην,
1785 666 1834 694 κᾶν

1066 709 1224 747 παρθενίαν,
1237 709 1285 737 κᾶν
1299 710 1421 744 νηστείαν
1433 733 1439 744 ,
1457 711 1505 738 κᾶν
1521 711 1615 750 εὐχὰς,
1628 711 1676 740 κᾶν
1691 712 1836 750 ἐλεημοσύ-

1066 766 1128 790 νην,
1140 755 1188 783 κδιν
1204 757 1287 784 ὁτιοῦν
1303 757 1475 794 ἐπιτελῶμεν,
1490 757 1558 789 ἄπας
1575 760 1650 794 ἡμῶν
1667 760 1679 786 ὁ
1696 757 1750 796 βίος
1764 759 1834 787 ἀκοί-

1067 804 1160 840 θαρτος
1181 802 1290 839 γίνεται·
1302 801 1459 841 Ἀκάθαρτος
1473 803 1541 841 γὰρ,
1558 803 1622 842 φησὶ
1634 826 1641 839 ,
1653 804 1727 842 παρὰ
1745 804 1835 844 Κυρίῳ

1067 852 1118 879 πᾶς
1130 847 1331 885 ὓψηλοκάρδιος.
1344 848 1477 876 Τοσοῦτόν
1493 851 1562 877 ἐστιν
1573 852 1589 884 ἡ
1603 849 1733 883 κενοδοξία
1744 849 1835 884 κακὸν,

1067 894 1107 921 ὅτι
1131 895 1159 921 οὐ
1179 893 1255 930 μόνον
1278 894 1343 932 πρὸς
1362 893 1456 922 κακίαν
1482 895 1543 923 ὠθεῖ
1559 894 1617 927 τοὺς
1629 895 1752 930 ἁλόντας,
1767 896 1835 924 ἀλλὰ

1068 938 1113 966 καὶ
1127 943 1184 971 ταῖς
1199 940 1303 978 ἀρεταῖς
1316 940 1501 978 παρυφέστηκε
1512 952 1517 958 ·
1532 940 1577 968 καὶ
1597 941 1658 968 ὅταν
1673 943 1743 977 ἡμᾶς
1765 942 1835 968 ἐκεῖ-’-

1067 986 1108 1012 Οεν
1131 984 1250 1013 ἐκὸαλεῖν
1269 985 1305 1023 μὴ
1322 987 1433 1024 δυνηθῇ,
1453 987 1479 1013 ἐν
1499 987 1564 1024 αὐτῇ
1585 988 1617 1024 τῇ
1637 988 1716 1024 οἰρετζῗΙ
1733 985 1834 1020 πολλὴν

1065 1029 1115 1064 τὴν
1137 1030 1233 1067 ζημίαν
1255 1031 1408 1068 ἐργάζεται,
1424 1030 1482 1063 τοὺς
1505 1031 1551 1068 μὲν
1574 1030 1668 1063 πόνους
1688 1033 1834 1064 ὑποστῆναι

1066 1075 1265 1113 ἀναγκάζουσα,
1283 1088 1334 1104 των
1356 1076 1382 1104 δὲ
1398 1088 1506 1114 καρπυν
1526 1077 1715 1115 ἀποστερουσα.
1728 1077 1768 1104 Οὐ
1782 1076 1834 1114 γάρ

1066 1121 1136 1148 ἐστιν
1161 1121 1314 1177 ἀμφρτέρων
1334 1121 1485 1159 ἐφιέμενον,
1502 1121 1657 1177 ἀμφοτέρων
1667 1125 1776 1177 τυχεῖν·
1789 1132 1834 1148 τυ-

1064 1169 1121 1203 χεῖν
1139 1165 1170 1202 μὲ
1173 1178 1184 1193 ν
1199 1166 1249 1205 γὰρ
1263 1166 1333 1194 ἔστιν
1350 1169 1459 1205 ιιῖιςροτἓ
1455 1179 1517 1201 οων,
1529 1168 1590 1195 ὅταν
1608 1167 1644 1204 μὴ
1661 1165 1833 1205 ἀμφοτέρων,

1066 1211 1133 1239 ἀλλὰ
1145 1213 1191 1245 τῆς
1204 1224 1264 1249 ωας
1276 1213 1459 1249 ἐπιθυμῶμεν,
1473 1225 1518 1246 της
1530 1215 1559 1240 ἐκ
1573 1216 1624 1241 τῶν
1641 1214 1766 1251 οὐρανων
1779 1213 1834 1248 ἆυ.-

1800 1255 1807 1265 Ξ

1809 1258 1834 1285 O

1066 1302 1117 1341 γὰρ
1130 1302 1172 1331 διὰ
1188 1303 1217 1330 τὸ
1236 1306 1365 1341 θηρᾶσθαι
1383 1302 1429 1337 τὴν
1444 1302 1517 1341 παρὰ
1531 1305 1583 1330 τῶν
1600 1301 1743 1341 ἀνθρώπων
1759 1301 1834 1334 δόξαν

1067 1257 1181 1295 φοτέρων
1207 1257 1233 1286 δὲ
1258 1259 1358 1296 ἐρῶντα
1374 1259 1419 1286 οὐκ
1436 1258 1505 1286 ἔστιν
1523 1258 1676 1296 ἀμφοτέρων
1689 1261 1788 1295 τυχεῖν.

1066 1348 1237 1385 ἐργαζομενός
1253 1360 1277 1376 τι
1297 1350 1348 1376 τῶν
1364 1350 1468 1386 ἀγαθῶν
1478 1370 1484 1381 ,
1498 1348 1546 1376 κᾶν
1562 1359 1589 1376 τε
1605 1347 1700 1383 ταύτης
1713 1348 1834 1376 ἀπολαῦ-

1065 1404 1110 1421 σαι
1125 1394 1221 1430 δυνηθῇ
1237 1394 1285 1421 κᾶν
1301 1406 1329 1422 τε
1345 1393 1381 1431 μὴ
1391 1416 1398 1429 ,
1412 1395 1542 1432 ἀρκοῦσαν
1556 1395 1667 1422 ἐνταῦθα
1682 1393 1773 1432 εἴληφε
1786 1393 1834 1428 τὴν

1066 1438 1194 1475 ἀμοιῧὴν,
1210 1439 1255 1466 καὶ
1272 1439 1398 1476 οὐδεμίαν
1412 1440 1524 1478 λήψεται
1538 1441 1591 1468 ἐκεῖ
1602 1438 1669 1478 ὑπὲρ
1683 1439 1774 1467 τούτου
1788 1438 1836 1473 τὴν

1067 1484 1207 1513 ἀντίδοσιν.
1221 1485 1272 1514 Διὰ
1284 1485 1310 1513 τί
1320 1498 1327 1520 ;
1338 1485 1448 1520 Ἐπειδὴ
1461 1485 1601 1525 προλαὸὼν
1614 1484 1706 1513 ἑαυτὸν
1719 1483 1835 1513 ἀπεστέ-

1066 1541 1130 1568 ρησε
1154 1533 1200 1565 τῆς
1222 1531 1295 1570 παρὰ
1316 1535 1360 1560 τοῦ
1379 1535 1468 1570 κριτοῦ
1490 1531 1654 1570 φιλοτιμίας,
1669 1530 1835 1570 προτιμήσας

1065 1575 1112 1610 τὴν
1127 1576 1200 1615 παρὰ
1212 1578 1264 1604 τῶν
1275 1577 1418 1615 ἀνθρώπων
1433 1576 1508 1609 δόξαν
1518 1579 1564 1612 τῆς
1575 1577 1661 1616 ψήφου
1674 1580 1718 1606 τοῦ
1732 1577 1833 1605 δικαίου

1066 1626 1162 1660 κριτοῦ.
1175 1621 1208 1650 ‘O
1221 1622 1247 1651 δὲ
1259 1623 1291 1650 δι’
1308 1623 1370 1651 αὐτὸ
1383 1625 1459 1651 τοῦτο
1471 1623 1548 1660 μόνον
1565 1622 1735 1662 ἐργαζόμενος
1745 1634 1771 1650 τι
1782 1624 1833 1650 τῶν

1065 1671 1265 1704 πνευματικῶν,
1280 1668 1348 1697 ὥστε
1366 1668 1437 1707 μόνῳ
1452 1668 1543 1708 ἐκείνῳ
1556 1668 1650 1707 ἀρέσαι
1664 1670 1702 1707 τῷ
1719 1668 1833 1705 ἀκοιμή-

1066 1726 1103 1752 τῳ
1119 1715 1246 1753 ὀφθαλμῷ
1257 1737 1263 1749 ,
1278 1714 1323 1742 καὶ
1338 1718 1350 1743 ὁ
1364 1714 1491 1752 Θησαυρὸς
1513 1715 1584 1753 αὐτῷ
1603 1714 1735 1746 ἀνάλωτος
1749 1714 1835 1751 μένει,

1067 1759 1111 1788 καὶ
1126 1759 1159 1787 τὰ
1172 1761 1218 1793 τῆς
1232 1762 1325 1799 ἀρε-»ἧς
1342 1760 1465 1798 ἀκέραια,
1482 1760 1526 1788 καὶ
1541 1762 1557 1794 ἡ
1570 1759 1676 1799 χρηστὴ
1691 1759 1836 1799 προσδοκία

1067 1807 1182 1834 ἐντεῦθεν
1196 1806 1247 1840 ἤδη
1263 1806 1363 1840 πολλὴν
1380 1807 1450 1845 αὐτῷ
1465 1806 1577 1844 παρέχει
1591 1805 1638 1840 τὴν
1654 1805 1833 1845 παραμυθίαν·

1066 1852 1111 1880 καὶ
1126 1852 1193 1889 μετὰ
1207 1855 1252 1880 τοῦ
1268 1854 1293 1880 ἐν
1311 1852 1400 1890 ἀσύλῳ
1415 1853 1527 1890 ταμιείῳ
1542 1851 1642 1886 ἐκείνην
1658 1852 1728 1889 αὐτῷ
1741 1851 1836 1890 διαφυ-

1066 1898 1206 1926 λάττεσθαι
1214 1900 1260 1932 τὴν
1273 1896 1388 1935 ἀμοιὸὴν
1397 1897 1441 1925 καὶ
1448 1900 1464 1932 ἡ
1473 1896 1546 1935 παρὰ
1552 1899 1604 1925 τῶν
1613 1895 1757 1934 ἀνθρώπιον
1770 1899 1832 1925 ἀκο-

1065 1943 1187 1978 λουθήσει
1201 1943 1270 1976 δόξα.
1287 1942 1411 1981 Τότεγὰρ
1419 1944 1498 1977 αὐτῆς
1506 1943 1605 1980 μᾶλλον
1615 1943 1681 1980 μετὰ
1696 1941 1833 1981 δαψιλείας

1067 1989 1243 2027 ἀπολαύομεν,
1255 1989 1317 2018 ὅταν
1334 1990 1412 2022 αὐτῆς
1427 1990 1595 2026 ὓπερορῶμεν
1605 2009 1612 2022 ,
1626 1988 1688 2017 ὅταν
1700 1988 1780 2023 αὐτὴν
1797 1988 1833 2026 μὴ

1067 2037 1202 2073 ζητῶμεν,
1215 2036 1275 2064 ὅταν
1293 2035 1374 2070 αὐτὴν
1391 2035 1428 2073 μὴ
1445 2035 1592 2072 διώκωμεν.
1606 2034 1659 2064 Καὶ
1671 2034 1721 2074 γὰρ
1737 2037 1763 2063 ἓν
1778 2039 1835 2067 ταῖς

1067 2082 1254 2121 ἱπποδρομίαις
1270 2083 1293 2109 οἱ
1311 2081 1368 2114 τοὺς
1382 2083 1477 2113 ἵππους
1498 2080 1657 2116 ἐλαύνοντες,
1673 2080 1770 2113 παντὸς
1789 2083 1834 2110 τοῦ

1069 2128 1152 2166 δήμου
1165 2131 1327 2167 κροτοῦντος,
1338 2128 1382 2156 καὶ
1400 2127 1494 2165 μυρίας
1507 2126 1636 2165 εὐφημίας
1647 2127 1833 2165 καταχέοντος,

1068 2177 1114 2203 οὐκ
1133 2175 1348 2213 ἐπιστρέφονται,
1361 2172 1419 2202 οὔτε
1439 2173 1533 2207 ἡδονήν
1549 2184 1607 2200 τινα
1621 2173 1650 2200 ἐκ
1665 2174 1712 2206 τ’ῆς
1730 2172 1835 2201 ἐκείνων

1070 2220 1198 2259 εὐφημίας
1217 2223 1395 2258 καρποῦνται,
1410 2218 1478 2246 ἀλλὰ
1498 2218 1562 2257 πρὸς
1583 2217 1629 2246 ἕνα
1646 2217 1722 2255 μόνον
1741 2221 1837 2257 ὁρῶσι,

1069 2265 1111 2293 τὸν
1126 2266 1236 2302 βασιλέα
1249 2264 1293 2293 τὸν
1308 2266 1334 2292 ἐν
1351 2265 1422 2302 μέσῳ
1439 2264 1604 2301 καθήμενον,
1620 2263 1665 2291 καὶ
1677 2265 1714 2303 τῷ
1727 2263 1838 2302 νεύματι

1071 2310 1168 2339 εκείνου
1186 2310 1359 2350 προσέχοντες
1374 2309 1471 2341 παντὸς
1488 2311 1636 2348 ὑπερορῶσι
1651 2321 1695 2338 του
1709 2309 1838 2345 πλήθους,

1071 2357 1116 2385 καὶ
1129 2357 1187 2385 τότε
1201 2368 1233 2394 με
1223 2356 1269 2394 ζγα
1281 2367 1426 2395 φρονουσιν,
1441 2355 1545 2383 ἐπειδὰν
1562 2356 1658 2386 ἐκεῖνος
1673 2353 1764 2387 αὐτους
1775 2367 1839 2383 στε-

1070 2403 1192 2441 φανύσας
1207 2401 1313 2439 δοξάσῃ.
1327 2402 1362 2430 Τί
1377 2413 1419 2429 ουν
1436 2401 1530 2439 γένοιτ’
1545 2400 1574 2428 ἂν
1591 2400 1697 2428 ἐκείνων
1713 2401 1838 2428 ἀο)ιώτε-

1071 2460 1155 2487 ρον,
1143 2450 1194 2476 τῶν
1209 2447 1274 2487 πρὸς
1299 2447 1397 2480 επίοειξ
1402 2459 1423 2475 ιν
1444 2445 1589 2485 ἀνθρώπων
1605 2445 1653 2480 τὴν
1669 2445 1765 2485 ἀρετὴν
1789 2458 1838 2484 με·

1068 2499 1186 2533 τιόντων,
1198 2498 1243 2526 καὶ
1253 2501 1309 2530 ταῖς
1320 2496 1451 2532 νηστείαις
1463 2496 1638 2535 ἀφανιζόντων
1652 2495 1686 2524 τὰ
1695 2495 1834 2535 πρόσωπα,

1067 2550 1111 2578 καὶ
1124 2549 1170 2581 τὰς
1186 2548 1264 2587 εὐχὰς
1276 2550 1300 2577 ἐν
1314 2553 1370 2580 ταῖς
1383 2547 1508 2586 ἀμφόδοις
1520 2546 1692 2584 ποιουμένων,
1703 2545 1764 2574 ὅταν
1774 2545 1833 2579 τοὺς

1069 2600 1114 2629 μὲν
1129 2600 1221 2631 πόνους
1234 2598 1398 2637 ὑπομένωσι,
1412 2600 1459 2632 τῆς
1472 2597 1498 2625 δὲ
1512 2597 1625 2635 ἁμοιὸἤς
1636 2597 1832 2635 ἀποστερῶνται
