<?xml version="1.0" encoding="UTF-8"?>
<!DOCTYPE html PUBLIC "-//W3C//DTD XHTML 1.0 Transitional//EN"
    "http://www.w3.org/TR/xhtml1/DTD/xhtml1-transitional.dtd">
<html xmlns="http://www.w3.org/1999/xhtml" xml:lang="en" lang="en">
 <head>
  <title>
</title>
<meta http-equiv="Content-Type" content="text/html;charset=utf-8" />
  <meta name='ocr-system' content='tesseract 3.04.00' />
  <meta name='ocr-capabilities' content='ocr_page ocr_carea ocr_par ocr_line ocrx_word'/>
</head>
<body>
  <div class='ocr_page' id='page_1' title='image "./operaomniaquaeex12johnuoft/operaomniaquaeex12johnuoft_0048.png"; bbox 0 0 1886 2846; ppageno 0'>
   <div class='ocr_carea' id='block_1_1' title="bbox 61 983 202 1098">
    <p class='ocr_par' dir='ltr' id='par_1_1' title="bbox 61 983 202 1035">
     <span class='ocr_line' id='line_1_1' title="bbox 63 983 202 1005; baseline 0.007 -2"><span class='ocrx_word' id='word_1_1' title='bbox 63 984 148 1005; x_wconf 53' lang='lat' dir='ltr'>Manli.</span> <span class='ocrx_word' id='word_1_2' title='bbox 167 983 202 1005; x_wconf 88' lang='lat'>13.</span> 
     </span>
     <span class='ocr_line' id='line_1_2' title="bbox 61 1013 83 1035; baseline 0.045 -1"><span class='ocrx_word' id='word_1_3' title='bbox 61 1013 83 1035; x_wconf 79' lang='lat'>3.</span> 
     </span>
    </p>

    <p class='ocr_par' dir='ltr' id='par_1_2' title="bbox 61 1045 200 1098">
     <span class='ocr_line' id='line_1_3' title="bbox 61 1045 200 1066; baseline 0.007 -1"><span class='ocrx_word' id='word_1_4' title='bbox 61 1047 130 1066; x_wconf 72' lang='lat' dir='ltr'>dmm.</span> <span class='ocrx_word' id='word_1_5' title='bbox 167 1045 200 1066; x_wconf 82' lang='lat'>16.</span> 
     </span>
     <span class='ocr_line' id='line_1_4' title="bbox 61 1076 98 1098; baseline 0.054 -2"><span class='ocrx_word' id='word_1_6' title='bbox 61 1076 98 1098; x_wconf 26' lang='lat'>28*</span> 
     </span>
    </p>
   </div>
   <div class='ocr_carea' id='block_1_2' title="bbox 567 232 972 255">
    <p class='ocr_par' dir='ltr' id='par_1_3' title="bbox 567 232 972 255">
     <span class='ocr_line' id='line_1_5' title="bbox 567 232 972 255; baseline 0.002 -2"><span class='ocrx_word' id='word_1_7' title='bbox 567 232 595 253; x_wconf 74' lang='grc'>5.</span> <span class='ocrx_word' id='word_1_8' title='bbox 625 232 764 254; x_wconf 64' lang='grc' dir='ltr'>3οᾹΝΝΙΞ</span> <span class='ocrx_word' id='word_1_9' title='bbox 792 232 972 255; x_wconf 78' lang='lat' dir='ltr'>CllRYSOST.</span> 
     </span>
    </p>
   </div>
   <div class='ocr_carea' id='block_1_3' title="bbox 1003 231 1451 256">
    <p class='ocr_par' dir='ltr' id='par_1_4' title="bbox 1003 231 1451 256">
     <span class='ocr_line' id='line_1_6' title="bbox 1003 231 1451 256; baseline 0.002 -2"><span class='ocrx_word' id='word_1_10' title='bbox 1003 231 1144 254; x_wconf 77' lang='lat' dir='ltr'>AncfflEP</span> <span class='ocrx_word' id='word_1_11' title='bbox 1151 246 1158 253; x_wconf 82' lang='grc'><strong>.</strong></span> <span class='ocrx_word' id='word_1_12' title='bbox 1185 231 1246 254; x_wconf 55' lang='lat' dir='ltr'>COR</span> <span class='ocrx_word' id='word_1_13' title='bbox 1253 231 1451 256; x_wconf 69' lang='lat' dir='ltr'>STANTtNOP.</span> 
     </span>
    </p>
   </div>
   <div class='ocr_carea' id='block_1_4' title="bbox 661 332 1190 335">
    <p class='ocr_par' dir='ltr' id='par_1_5' title="bbox 661 332 1190 335">
     <span class='ocr_line' id='line_1_7' title="bbox 661 332 1190 335; baseline 0 0"><span class='ocrx_word' id='word_1_14' title='bbox 661 332 1190 335; x_wconf 95' lang='lat' dir='ltr'> </span> 
     </span>
    </p>
   </div>
   <div class='ocr_carea' id='block_1_5' title="bbox 475 425 704 454">
    <p class='ocr_par' dir='ltr' id='par_1_6' title="bbox 475 425 704 454">
     <span class='ocr_line' id='line_1_8' title="bbox 475 425 704 454; baseline 0 0"><span class='ocrx_word' id='word_1_15' title='bbox 475 425 634 454; x_wconf 88' lang='lat' dir='ltr'><strong>HOMILIA</strong></span> <span class='ocrx_word' id='word_1_16' title='bbox 656 426 704 454; x_wconf 90' lang='grc' dir='ltr'><strong>ΙΙΙ.</strong></span> 
     </span>
    </p>
   </div>
   <div class='ocr_carea' id='block_1_6' title="bbox 215 517 955 819">
    <p class='ocr_par' dir='ltr' id='par_1_7' title="bbox 215 517 955 819">
     <span class='ocr_line' id='line_1_9' title="bbox 215 517 952 546; baseline 0 -2"><span class='ocrx_word' id='word_1_17' title='bbox 215 517 281 545; x_wconf 64' lang='lat' dir='ltr'>(Lu).</span> <span class='ocrx_word' id='word_1_18' title='bbox 298 518 319 546; x_wconf 91' lang='lat' dir='ltr'>I.</span> <span class='ocrx_word' id='word_1_19' title='bbox 335 528 363 546; x_wconf 92' lang='lat' dir='ltr'>v.</span> <span class='ocrx_word' id='word_1_20' title='bbox 380 518 407 546; x_wconf 87' lang='grc'>6.</span> <span class='ocrx_word' id='word_1_21' title='bbox 420 519 535 546; x_wconf 84' lang='lat' dir='ltr'>Etcum</span> <span class='ocrx_word' id='word_1_22' title='bbox 549 520 650 546; x_wconf 81' lang='lat' dir='ltr'>iterum</span> <span class='ocrx_word' id='word_1_23' title='bbox 666 518 822 545; x_wconf 80' lang='lat' dir='ltr'><em>introducit</em></span> <span class='ocrx_word' id='word_1_24' title='bbox 834 518 952 544; x_wconf 81' lang='lat' dir='ltr'>Primo-</span> 
     </span>
     <span class='ocr_line' id='line_1_10' title="bbox 253 562 953 601; baseline -0.001 -11"><span class='ocrx_word' id='word_1_25' title='bbox 253 565 384 601; x_wconf 78' lang='lat' dir='ltr'>genitum</span> <span class='ocrx_word' id='word_1_26' title='bbox 396 565 427 591; x_wconf 85' lang='lat' dir='ltr'>in</span> <span class='ocrx_word' id='word_1_27' title='bbox 438 565 532 592; x_wconf 80' lang='lat' dir='ltr'>orbem</span> <span class='ocrx_word' id='word_1_28' title='bbox 548 570 630 591; x_wconf 71' lang='lat' dir='ltr'>terra?</span> <span class='ocrx_word' id='word_1_29' title='bbox 642 585 648 598; x_wconf 91' lang='lat'>,</span> <span class='ocrx_word' id='word_1_30' title='bbox 662 564 731 590; x_wconf 82' lang='lat' dir='ltr'>dicit</span> <span class='ocrx_word' id='word_1_31' title='bbox 745 576 752 589; x_wconf 92' lang='lat'><em>:</em></span> <span class='ocrx_word' id='word_1_32' title='bbox 764 563 805 589; x_wconf 83' lang='lat' dir='ltr'>Et</span> <span class='ocrx_word' id='word_1_33' title='bbox 831 562 953 590; x_wconf 80' lang='lat' dir='ltr'>adorent</span> 
     </span>
     <span class='ocr_line' id='line_1_11' title="bbox 254 608 954 647; baseline 0 -11"><span class='ocrx_word' id='word_1_34' title='bbox 254 618 319 637; x_wconf 82' lang='lat' dir='ltr'>eum</span> <span class='ocrx_word' id='word_1_35' title='bbox 343 619 440 637; x_wconf 82' lang='lat' dir='ltr'>omnes</span> <span class='ocrx_word' id='word_1_36' title='bbox 462 610 560 647; x_wconf 71' lang='lat' dir='ltr'>angeli</span> <span class='ocrx_word' id='word_1_37' title='bbox 580 610 643 636; x_wconf 79' lang='lat' dir='ltr'>Dei.</span> <span class='ocrx_word' id='word_1_38' title='bbox 664 609 692 635; x_wconf 78' lang='grc' dir='ltr'>Τ.</span> <span class='ocrx_word' id='word_1_39' title='bbox 713 608 753 635; x_wconf 83' lang='lat' dir='ltr'>Et</span> <span class='ocrx_word' id='word_1_40' title='bbox 772 608 812 635; x_wconf 81' lang='lat' dir='ltr'>ad</span> <span class='ocrx_word' id='word_1_41' title='bbox 835 608 954 646; x_wconf 81' lang='lat' dir='ltr'><em>angelos</em></span> 
     </span>
     <span class='ocr_line' id='line_1_12' title="bbox 255 653 955 693; baseline -0.001 -11"><span class='ocrx_word' id='word_1_42' title='bbox 255 656 371 693; x_wconf 80' lang='lat' dir='ltr'>quidem</span> <span class='ocrx_word' id='word_1_43' title='bbox 387 656 456 683; x_wconf 77' lang='lat' dir='ltr'>dicit</span> <span class='ocrx_word' id='word_1_44' title='bbox 470 667 477 681; x_wconf 90' lang='lat'><em>:</em></span> <span class='ocrx_word' id='word_1_45' title='bbox 497 656 553 691; x_wconf 84' lang='lat' dir='ltr'>Qui</span> <span class='ocrx_word' id='word_1_46' title='bbox 573 655 649 692; x_wconf 81' lang='lat' dir='ltr'>facit</span> <span class='ocrx_word' id='word_1_47' title='bbox 672 653 793 691; x_wconf 78' lang='lat' dir='ltr'><em>angelos</em></span> <span class='ocrx_word' id='word_1_48' title='bbox 807 663 874 681; x_wconf 77' lang='lat' dir='ltr'>suos</span> <span class='ocrx_word' id='word_1_49' title='bbox 899 656 955 692; x_wconf 84' lang='lat' dir='ltr'>spi-</span> 
     </span>
     <span class='ocr_line' id='line_1_13' title="bbox 257 698 953 737; baseline -0.001 -10"><span class='ocrx_word' id='word_1_50' title='bbox 257 701 341 735; x_wconf 81' lang='lat' dir='ltr'>ritus,</span> <span class='ocrx_word' id='word_1_51' title='bbox 364 706 390 728; x_wconf 83' lang='lat' dir='ltr'>et</span> <span class='ocrx_word' id='word_1_52' title='bbox 416 701 562 727; x_wconf 68' lang='lat' dir='ltr'>ministros</span> <span class='ocrx_word' id='word_1_53' title='bbox 594 708 660 726; x_wconf 76' lang='lat' dir='ltr'>suos</span> <span class='ocrx_word' id='word_1_54' title='bbox 682 698 836 737; x_wconf 81' lang='lat' dir='ltr'><em>flammam</em></span> <span class='ocrx_word' id='word_1_55' title='bbox 860 700 953 737; x_wconf 80' lang='lat' dir='ltr'>ignis.-</span> 
     </span>
     <span class='ocr_line' id='line_1_14' title="bbox 255 744 955 774; baseline -0.001 0"><span class='ocrx_word' id='word_1_56' title='bbox 255 746 282 774; x_wconf 77' lang='grc'>8.</span> <span class='ocrx_word' id='word_1_57' title='bbox 298 746 339 773; x_wconf 84' lang='lat' dir='ltr'>ad</span> <span class='ocrx_word' id='word_1_58' title='bbox 360 745 472 772; x_wconf 75' lang='lat' dir='ltr'>Filium</span> <span class='ocrx_word' id='word_1_59' title='bbox 493 750 591 772; x_wconf 78' lang='lat' dir='ltr'>autem</span> <span class='ocrx_word' id='word_1_60' title='bbox 603 755 611 770; x_wconf 86' lang='grc'>.·</span> <span class='ocrx_word' id='word_1_61' title='bbox 628 744 761 772; x_wconf 80' lang='lat' dir='ltr'><em>Thronus</em></span> <span class='ocrx_word' id='word_1_62' title='bbox 786 749 851 772; x_wconf 81' lang='lat' dir='ltr'>tuus</span> <span class='ocrx_word' id='word_1_63' title='bbox 875 745 955 774; x_wconf 80' lang='lat' dir='ltr'>Dens</span> 
     </span>
     <span class='ocr_line' id='line_1_15' title="bbox 254 790 551 819; baseline -0.007 0"><span class='ocrx_word' id='word_1_64' title='bbox 254 793 285 818; x_wconf 85' lang='lat' dir='ltr'>in</span> <span class='ocrx_word' id='word_1_65' title='bbox 297 790 433 819; x_wconf 75' lang='lat' dir='ltr'>soeculum</span> <span class='ocrx_word' id='word_1_66' title='bbox 443 790 551 818; x_wconf 78' lang='lat' dir='ltr'>soeculi.</span> 
     </span>
    </p>
   </div>
   <div class='ocr_carea' id='block_1_7' title="bbox 211 885 991 1706">
    <p class='ocr_par' dir='ltr' id='par_1_8' title="bbox 211 885 991 1706">
     <span class='ocr_line' id='line_1_16' title="bbox 253 885 956 923; baseline 0 -9"><span class='ocrx_word' id='word_1_67' title='bbox 253 888 264 914; x_wconf 92' lang='grc'>1</span> <span class='ocrx_word' id='word_1_68' title='bbox 275 909 281 915; x_wconf 92' lang='grc'><em>.</em></span> <span class='ocrx_word' id='word_1_69' title='bbox 294 886 425 914; x_wconf 86' lang='lat' dir='ltr'>Dominus</span> <span class='ocrx_word' id='word_1_70' title='bbox 437 885 546 923; x_wconf 87' lang='lat' dir='ltr'>quidem</span> <span class='ocrx_word' id='word_1_71' title='bbox 557 892 645 914; x_wconf 85' lang='lat' dir='ltr'>noster</span> <span class='ocrx_word' id='word_1_72' title='bbox 656 887 733 916; x_wconf 84' lang='lat' dir='ltr'>Jcsus</span> <span class='ocrx_word' id='word_1_73' title='bbox 743 886 865 915; x_wconf 86' lang='lat' dir='ltr'>Christus</span> <span class='ocrx_word' id='word_1_74' title='bbox 877 897 956 914; x_wconf 83' lang='lat' dir='ltr'>suum</span> 
     </span>
     <span class='ocr_line' id='line_1_17' title="bbox 215 931 990 970; baseline -0.001 -10"><span class='ocrx_word' id='word_1_75' title='bbox 215 932 240 960; x_wconf 87' lang='lat' dir='ltr'>in</span> <span class='ocrx_word' id='word_1_76' title='bbox 257 942 337 960; x_wconf 84' lang='lat' dir='ltr'>carne</span> <span class='ocrx_word' id='word_1_77' title='bbox 351 931 498 960; x_wconf 78' lang='lat' dir='ltr'>adveutum</span> <span class='ocrx_word' id='word_1_78' title='bbox 508 938 586 960; x_wconf 76' lang='lat' dir='ltr'>vocat</span> <span class='ocrx_word' id='word_1_79' title='bbox 596 942 731 970; x_wconf 83' lang='lat' dir='ltr'>egressum</span> <span class='ocrx_word' id='word_1_80' title='bbox 743 932 785 961; x_wconf 84' lang='lat' dir='ltr'>vel</span> <span class='ocrx_word' id='word_1_81' title='bbox 797 932 900 960; x_wconf 81' lang='lat' dir='ltr'>exitum</span> <span class='ocrx_word' id='word_1_82' title='bbox 911 943 916 959; x_wconf 91' lang='lat'><strong>:</strong></span> <span class='ocrx_word' id='word_1_83' title='bbox 927 939 956 960; x_wconf 87' lang='lat' dir='ltr'>ut</span> <span class='ocrx_word' id='word_1_84' title='bbox 973 937 990 959; x_wconf 91' lang='grc' dir='ltr'><em>Β</em></span> 
     </span>
     <span class='ocr_line' id='line_1_18' title="bbox 215 977 955 1018; baseline 0.003 -12"><span class='ocrx_word' id='word_1_85' title='bbox 215 978 321 1016; x_wconf 83' lang='lat' dir='ltr'>quando</span> <span class='ocrx_word' id='word_1_86' title='bbox 335 977 413 1015; x_wconf 82' lang='lat' dir='ltr'>dicit,</span> <span class='ocrx_word' id='word_1_87' title='bbox 430 979 514 1007; x_wconf 63' lang='lat' dir='ltr'>Exiit</span> <span class='ocrx_word' id='word_1_88' title='bbox 536 981 586 1018; x_wconf 81' lang='lat' dir='ltr'>qui</span> <span class='ocrx_word' id='word_1_89' title='bbox 603 981 728 1007; x_wconf 76' lang='lat' dir='ltr'>seminat</span> <span class='ocrx_word' id='word_1_90' title='bbox 743 980 784 1007; x_wconf 84' lang='lat' dir='ltr'>ad</span> <span class='ocrx_word' id='word_1_91' title='bbox 806 981 955 1008; x_wconf 81' lang='lat' dir='ltr'>seminan-</span> 
     </span>
     <span class='ocr_line' id='line_1_19' title="bbox 215 1025 952 1063; baseline -0.001 -11"><span class='ocrx_word' id='word_1_92' title='bbox 215 1025 282 1053; x_wconf 77' lang='lat' dir='ltr'>dum</span> <span class='ocrx_word' id='word_1_93' title='bbox 292 1037 303 1058; x_wconf 89' lang='lat'><em>;</em></span> <span class='ocrx_word' id='word_1_94' title='bbox 318 1031 343 1052; x_wconf 88' lang='lat' dir='ltr'>et</span> <span class='ocrx_word' id='word_1_95' title='bbox 359 1034 461 1061; x_wconf 80' lang='lat' dir='ltr'>rursus,</span> <span class='ocrx_word' id='word_1_96' title='bbox 476 1025 540 1063; x_wconf 77' lang='lat' dir='ltr'>Ego</span> <span class='ocrx_word' id='word_1_97' title='bbox 555 1035 574 1053; x_wconf 82' lang='lat' dir='ltr'><em>a</em></span> <span class='ocrx_word' id='word_1_98' title='bbox 591 1026 681 1053; x_wconf 81' lang='lat' dir='ltr'>Patre</span> <span class='ocrx_word' id='word_1_99' title='bbox 695 1027 782 1060; x_wconf 72' lang='lat' dir='ltr'>exivi,</span> <span class='ocrx_word' id='word_1_100' title='bbox 800 1032 826 1053; x_wconf 79' lang='lat' dir='ltr'>et</span> <span class='ocrx_word' id='word_1_101' title='bbox 842 1027 930 1053; x_wconf 81' lang='lat' dir='ltr'>venio</span> <span class='ocrx_word' id='word_1_102' title='bbox 944 1037 952 1051; x_wconf 89' lang='lat'><em>:</em></span> 
     </span>
     <span class='ocr_line' id='line_1_20' title="bbox 213 1069 954 1099; baseline 0 -1"><span class='ocrx_word' id='word_1_103' title='bbox 213 1077 237 1098; x_wconf 86' lang='lat' dir='ltr'>ct</span> <span class='ocrx_word' id='word_1_104' title='bbox 253 1069 347 1098; x_wconf 86' lang='lat' dir='ltr'>multis</span> <span class='ocrx_word' id='word_1_105' title='bbox 361 1069 389 1098; x_wconf 91' lang='lat' dir='ltr'>in</span> <span class='ocrx_word' id='word_1_106' title='bbox 402 1069 469 1098; x_wconf 88' lang='lat' dir='ltr'>locis</span> <span class='ocrx_word' id='word_1_107' title='bbox 491 1070 542 1098; x_wconf 91' lang='lat' dir='ltr'>hoc</span> <span class='ocrx_word' id='word_1_108' title='bbox 555 1069 664 1099; x_wconf 88' lang='lat' dir='ltr'>videris.</span> <span class='ocrx_word' id='word_1_109' title='bbox 688 1071 790 1099; x_wconf 79' lang='lat' dir='ltr'>Paulus</span> <span class='ocrx_word' id='word_1_110' title='bbox 811 1077 901 1098; x_wconf 87' lang='lat' dir='ltr'>autem</span> <span class='ocrx_word' id='word_1_111' title='bbox 924 1070 954 1099; x_wconf 85' lang='lat' dir='ltr'>id</span> 
     </span>
     <span class='ocr_line' id='line_1_21' title="bbox 213 1116 954 1155; baseline 0.001 -11"><span class='ocrx_word' id='word_1_112' title='bbox 213 1123 291 1145; x_wconf 79' lang='lat' dir='ltr'>vocat</span> <span class='ocrx_word' id='word_1_113' title='bbox 306 1116 456 1155; x_wconf 82' lang='lat' dir='ltr'>ingressum</span> <span class='ocrx_word' id='word_1_114' title='bbox 480 1116 572 1145; x_wconf 89' lang='lat' dir='ltr'>dicens</span> <span class='ocrx_word' id='word_1_115' title='bbox 586 1128 592 1144; x_wconf 75' lang='grc' dir='ltr'><strong><em>ε</em></strong></span> <span class='ocrx_word' id='word_1_116' title='bbox 606 1117 646 1145; x_wconf 72' lang='lat' dir='ltr'>Et</span> <span class='ocrx_word' id='word_1_117' title='bbox 661 1127 726 1145; x_wconf 82' lang='lat' dir='ltr'>cum</span> <span class='ocrx_word' id='word_1_118' title='bbox 743 1118 847 1145; x_wconf 85' lang='lat' dir='ltr'>iterum</span> <span class='ocrx_word' id='word_1_119' title='bbox 861 1118 954 1145; x_wconf 78' lang='lat' dir='ltr'>intro-</span> 
     </span>
     <span class='ocr_line' id='line_1_22' title="bbox 213 1163 954 1201; baseline 0 -10"><span class='ocrx_word' id='word_1_120' title='bbox 213 1163 292 1191; x_wconf 80' lang='lat' dir='ltr'><em>ducit</em></span> <span class='ocrx_word' id='word_1_121' title='bbox 308 1164 541 1201; x_wconf 81' lang='lat' dir='ltr'>Primogenitum</span> <span class='ocrx_word' id='word_1_122' title='bbox 565 1165 597 1190; x_wconf 84' lang='lat' dir='ltr'>in</span> <span class='ocrx_word' id='word_1_123' title='bbox 622 1164 719 1191; x_wconf 85' lang='lat' dir='ltr'>orbem</span> <span class='ocrx_word' id='word_1_124' title='bbox 745 1170 826 1191; x_wconf 83' lang='lat' dir='ltr'>lerroe</span> <span class='ocrx_word' id='word_1_125' title='bbox 839 1175 850 1196; x_wconf 86' lang='grc'>,-</span> <span class='ocrx_word' id='word_1_126' title='bbox 863 1163 954 1191; x_wconf 86' lang='lat' dir='ltr'>dicens</span> 
     </span>
     <span class='ocr_line' id='line_1_23' title="bbox 212 1209 955 1249; baseline 0.001 -12"><span class='ocrx_word' id='word_1_127' title='bbox 212 1209 437 1238; x_wconf 79' lang='lat' dir='ltr'>introductionem</span> <span class='ocrx_word' id='word_1_128' title='bbox 460 1209 531 1237; x_wconf 87' lang='lat' dir='ltr'>hauc</span> <span class='ocrx_word' id='word_1_129' title='bbox 558 1209 646 1238; x_wconf 84' lang='lat' dir='ltr'>carnis</span> <span class='ocrx_word' id='word_1_130' title='bbox 671 1210 876 1249; x_wconf 83' lang='lat' dir='ltr'>susceptionem.</span> <span class='ocrx_word' id='word_1_131' title='bbox 899 1210 955 1239; x_wconf 87' lang='lat' dir='ltr'>Cur</span> 
     </span>
     <span class='ocr_line' id='line_1_24' title="bbox 212 1255 955 1294; baseline 0.001 -10"><span class='ocrx_word' id='word_1_132' title='bbox 212 1256 270 1284; x_wconf 80' lang='lat' dir='ltr'>haec</span> <span class='ocrx_word' id='word_1_133' title='bbox 282 1266 323 1284; x_wconf 81' lang='lat' dir='ltr'>res</span> <span class='ocrx_word' id='word_1_134' title='bbox 335 1255 410 1284; x_wconf 80' lang='lat' dir='ltr'>varie</span> <span class='ocrx_word' id='word_1_135' title='bbox 424 1255 588 1293; x_wconf 81' lang='lat' dir='ltr'>enuntiatur,</span> <span class='ocrx_word' id='word_1_136' title='bbox 606 1262 632 1284; x_wconf 86' lang='lat' dir='ltr'>et</span> <span class='ocrx_word' id='word_1_137' title='bbox 648 1256 725 1294; x_wconf 87' lang='lat' dir='ltr'>cujus</span> <span class='ocrx_word' id='word_1_138' title='bbox 741 1256 878 1285; x_wconf 83' lang='lat' dir='ltr'>occasione</span> <span class='ocrx_word' id='word_1_139' title='bbox 897 1256 955 1285; x_wconf 64' lang='lat' dir='ltr'>haec</span> 
     </span>
     <span class='ocr_line' id='line_1_25' title="bbox 212 1301 955 1340; baseline 0.003 -11"><span class='ocrx_word' id='word_1_140' title='bbox 212 1301 364 1330; x_wconf 78' lang='lat' dir='ltr'>dicuntur?</span> <span class='ocrx_word' id='word_1_141' title='bbox 378 1302 421 1330; x_wconf 77' lang='lat' dir='ltr'>Ex</span> <span class='ocrx_word' id='word_1_142' title='bbox 432 1301 490 1340; x_wconf 87' lang='lat' dir='ltr'>ipsa</span> <span class='ocrx_word' id='word_1_143' title='bbox 502 1301 647 1330; x_wconf 82' lang='lat' dir='ltr'>verborum</span> <span class='ocrx_word' id='word_1_144' title='bbox 660 1302 855 1340; x_wconf 80' lang='lat' dir='ltr'>significatione</span> <span class='ocrx_word' id='word_1_145' title='bbox 870 1303 955 1331; x_wconf 81' lang='lat' dir='ltr'>mani-</span> 
     </span>
     <span class='ocr_line' id='line_1_26' title="bbox 213 1347 955 1386; baseline 0.001 -10"><span class='ocrx_word' id='word_1_146' title='bbox 213 1348 309 1377; x_wconf 82' lang='lat' dir='ltr'>festum</span> <span class='ocrx_word' id='word_1_147' title='bbox 323 1354 370 1376; x_wconf 87' lang='lat' dir='ltr'>est.</span> <span class='ocrx_word' id='word_1_148' title='bbox 386 1347 510 1376; x_wconf 81' lang='lat' dir='ltr'>Christus</span> <span class='ocrx_word' id='word_1_149' title='bbox 525 1347 633 1386; x_wconf 77' lang='lat' dir='ltr'>qiiidem</span> <span class='ocrx_word' id='word_1_150' title='bbox 648 1347 794 1377; x_wconf 80' lang='lat' dir='ltr'>adventum</span> <span class='ocrx_word' id='word_1_151' title='bbox 808 1359 888 1377; x_wconf 88' lang='lat' dir='ltr'>suum</span> <span class='ocrx_word' id='word_1_152' title='bbox 900 1359 955 1377; x_wconf 88' lang='lat' dir='ltr'>me-</span> 
     </span>
     <span class='ocr_line' id='line_1_27' title="bbox 213 1394 955 1424; baseline 0.001 -2"><span class='ocrx_word' id='word_1_153' title='bbox 213 1394 264 1422; x_wconf 85' lang='lat' dir='ltr'>rito</span> <span class='ocrx_word' id='word_1_154' title='bbox 278 1400 356 1423; x_wconf 80' lang='lat' dir='ltr'>vocat</span> <span class='ocrx_word' id='word_1_155' title='bbox 369 1394 472 1423; x_wconf 83' lang='lat' dir='ltr'>exitum</span> <span class='ocrx_word' id='word_1_156' title='bbox 485 1405 491 1420; x_wconf 91' lang='lat'>:</span> <span class='ocrx_word' id='word_1_157' title='bbox 505 1404 611 1422; x_wconf 84' lang='lat' dir='ltr'>eramus</span> <span class='ocrx_word' id='word_1_158' title='bbox 627 1394 697 1422; x_wconf 88' lang='lat' dir='ltr'>enim</span> <span class='ocrx_word' id='word_1_159' title='bbox 715 1400 791 1422; x_wconf 74' lang='lat' dir='ltr'>extra</span> <span class='ocrx_word' id='word_1_160' title='bbox 805 1395 902 1423; x_wconf 89' lang='lat' dir='ltr'>Deum.</span> <span class='ocrx_word' id='word_1_161' title='bbox 916 1397 955 1424; x_wconf 78' lang='lat' dir='ltr'>Ac</span> 
     </span>
     <span class='ocr_line' id='line_1_28' title="bbox 212 1439 991 1479; baseline -0.001 -11"><span class='ocrx_word' id='word_1_162' title='bbox 212 1440 281 1469; x_wconf 82' lang='lat' dir='ltr'>sicut</span> <span class='ocrx_word' id='word_1_163' title='bbox 291 1440 318 1468; x_wconf 91' lang='lat' dir='ltr'>in</span> <span class='ocrx_word' id='word_1_164' title='bbox 330 1439 402 1478; x_wconf 80' lang='lat' dir='ltr'>regia</span> <span class='ocrx_word' id='word_1_165' title='bbox 414 1439 459 1477; x_wconf 86' lang='lat' dir='ltr'>qui</span> <span class='ocrx_word' id='word_1_166' title='bbox 474 1446 537 1467; x_wconf 89' lang='lat' dir='ltr'>sunt</span> <span class='ocrx_word' id='word_1_167' title='bbox 552 1439 579 1468; x_wconf 88' lang='lat' dir='ltr'>in</span> <span class='ocrx_word' id='word_1_168' title='bbox 595 1440 710 1469; x_wconf 82' lang='lat' dir='ltr'>vinculis</span> <span class='ocrx_word' id='word_1_169' title='bbox 725 1447 750 1468; x_wconf 86' lang='lat' dir='ltr'>et</span> <span class='ocrx_word' id='word_1_170' title='bbox 765 1450 854 1479; x_wconf 84' lang='lat' dir='ltr'>regem</span> <span class='ocrx_word' id='word_1_171' title='bbox 871 1441 954 1469; x_wconf 78' lang='lat' dir='ltr'>offen-</span> <span class='ocrx_word' id='word_1_172' title='bbox 973 1444 991 1467; x_wconf 90' lang='lat' dir='ltr'>C</span> 
     </span>
     <span class='ocr_line' id='line_1_29' title="bbox 213 1485 952 1523; baseline 0 -9"><span class='ocrx_word' id='word_1_173' title='bbox 213 1486 320 1521; x_wconf 79' lang='lat' dir='ltr'>derunt,</span> <span class='ocrx_word' id='word_1_174' title='bbox 336 1492 406 1513; x_wconf 78' lang='lat' dir='ltr'>stant</span> <span class='ocrx_word' id='word_1_175' title='bbox 419 1485 484 1513; x_wconf 83' lang='lat' dir='ltr'>foris</span> <span class='ocrx_word' id='word_1_176' title='bbox 492 1496 500 1522; x_wconf 77' lang='lat'>3</span> <span class='ocrx_word' id='word_1_177' title='bbox 522 1485 568 1523; x_wconf 85' lang='lat' dir='ltr'>qui</span> <span class='ocrx_word' id='word_1_178' title='bbox 587 1486 648 1515; x_wconf 70' lang='lat' dir='ltr'>Vult</span> <span class='ocrx_word' id='word_1_179' title='bbox 668 1493 756 1514; x_wconf 83' lang='lat' dir='ltr'>autem</span> <span class='ocrx_word' id='word_1_180' title='bbox 772 1496 816 1515; x_wconf 87' lang='lat' dir='ltr'>eos</span> <span class='ocrx_word' id='word_1_181' title='bbox 830 1486 952 1515; x_wconf 91' lang='lat' dir='ltr'>reconci-</span> 
     </span>
     <span class='ocr_line' id='line_1_30' title="bbox 212 1530 952 1571; baseline 0.003 -12"><span class='ocrx_word' id='word_1_182' title='bbox 212 1532 288 1567; x_wconf 84' lang='lat' dir='ltr'>liare,</span> <span class='ocrx_word' id='word_1_183' title='bbox 307 1541 359 1560; x_wconf 88' lang='lat' dir='ltr'>non</span> <span class='ocrx_word' id='word_1_184' title='bbox 375 1531 446 1570; x_wconf 80' lang='lat' dir='ltr'>ipsos</span> <span class='ocrx_word' id='word_1_185' title='bbox 462 1530 625 1568; x_wconf 86' lang='lat' dir='ltr'>introducit,</span> <span class='ocrx_word' id='word_1_186' title='bbox 641 1531 687 1560; x_wconf 86' lang='lat' dir='ltr'>sed</span> <span class='ocrx_word' id='word_1_187' title='bbox 709 1532 768 1571; x_wconf 87' lang='lat' dir='ltr'>ipse</span> <span class='ocrx_word' id='word_1_188' title='bbox 790 1532 860 1561; x_wconf 84' lang='lat' dir='ltr'>foras</span> <span class='ocrx_word' id='word_1_189' title='bbox 874 1543 952 1571; x_wconf 84' lang='lat' dir='ltr'>egre—</span> 
     </span>
     <span class='ocr_line' id='line_1_31' title="bbox 211 1574 951 1615; baseline 0.001 -11"><span class='ocrx_word' id='word_1_190' title='bbox 211 1576 287 1604; x_wconf 88' lang='lat' dir='ltr'>diens</span> <span class='ocrx_word' id='word_1_191' title='bbox 312 1585 355 1603; x_wconf 86' lang='lat' dir='ltr'>eos</span> <span class='ocrx_word' id='word_1_192' title='bbox 381 1574 540 1613; x_wconf 65' lang='lat' dir='ltr'>alloquitur,</span> <span class='ocrx_word' id='word_1_193' title='bbox 555 1574 640 1604; x_wconf 89' lang='lat' dir='ltr'>donec</span> <span class='ocrx_word' id='word_1_194' title='bbox 654 1576 719 1615; x_wconf 83' lang='lat' dir='ltr'>ipsis</span> <span class='ocrx_word' id='word_1_195' title='bbox 744 1576 835 1615; x_wconf 79' lang='lat' dir='ltr'>dignis</span> <span class='ocrx_word' id='word_1_196' title='bbox 851 1576 951 1605; x_wconf 75' lang='lat' dir='ltr'>effectis</span> 
     </span>
     <span class='ocr_line' id='line_1_32' title="bbox 213 1621 956 1661; baseline 0.001 -11"><span class='ocrx_word' id='word_1_197' title='bbox 213 1628 354 1661; x_wconf 80' lang='lat' dir='ltr'>conspectu</span> <span class='ocrx_word' id='word_1_198' title='bbox 382 1621 462 1659; x_wconf 80' lang='lat' dir='ltr'>regis,</span> <span class='ocrx_word' id='word_1_199' title='bbox 477 1631 520 1649; x_wconf 87' lang='lat' dir='ltr'>eos</span> <span class='ocrx_word' id='word_1_200' title='bbox 541 1621 693 1651; x_wconf 84' lang='lat' dir='ltr'>introducat</span> <span class='ocrx_word' id='word_1_201' title='bbox 712 1634 717 1650; x_wconf 77' lang='lat' dir='ltr'>x</span> <span class='ocrx_word' id='word_1_202' title='bbox 734 1623 769 1650; x_wconf 80' lang='lat' dir='ltr'>ita</span> <span class='ocrx_word' id='word_1_203' title='bbox 795 1622 874 1651; x_wconf 76' lang='lat' dir='ltr'>etiam</span> <span class='ocrx_word' id='word_1_204' title='bbox 893 1623 956 1652; x_wconf 86' lang='lat' dir='ltr'>fecit</span> 
     </span>
     <span class='ocr_line' id='line_1_33' title="bbox 214 1666 955 1706; baseline 0.001 -10"><span class='ocrx_word' id='word_1_205' title='bbox 214 1667 337 1696; x_wconf 89' lang='lat' dir='ltr'>Christus</span> <span class='ocrx_word' id='word_1_206' title='bbox 352 1678 357 1694; x_wconf 73' lang='grc' dir='ltr'>ε</span> <span class='ocrx_word' id='word_1_207' title='bbox 374 1666 408 1695; x_wconf 78' lang='lat' dir='ltr'>ad</span> <span class='ocrx_word' id='word_1_208' title='bbox 429 1677 476 1695; x_wconf 87' lang='lat' dir='ltr'>uos</span> <span class='ocrx_word' id='word_1_209' title='bbox 491 1677 621 1706; x_wconf 74' lang='lat' dir='ltr'>egressus,</span> <span class='ocrx_word' id='word_1_210' title='bbox 634 1668 686 1696; x_wconf 89' lang='lat' dir='ltr'>hoc</span> <span class='ocrx_word' id='word_1_211' title='bbox 706 1675 755 1703; x_wconf 83' lang='lat' dir='ltr'>est,</span> <span class='ocrx_word' id='word_1_212' title='bbox 775 1679 836 1696; x_wconf 86' lang='lat' dir='ltr'>cum</span> <span class='ocrx_word' id='word_1_213' title='bbox 850 1679 955 1697; x_wconf 80' lang='lat' dir='ltr'>carnem</span> 
     </span>
    </p>
   </div>
   <div class='ocr_carea' id='block_1_8' title="bbox 247 1753 973 1788">
    <p class='ocr_par' dir='ltr' id='par_1_9' title="bbox 247 1753 973 1788">
     <span class='ocr_line' id='line_1_34' title="bbox 247 1753 973 1788; baseline 0.003 -11"><span class='ocrx_word' id='word_1_214' title='bbox 247 1754 257 1764; x_wconf 78' lang='lat'><em>‘</em></span> <span class='ocrx_word' id='word_1_215' title='bbox 278 1753 316 1787; x_wconf 75' lang='lat' dir='ltr'>[A.</span> <span class='ocrx_word' id='word_1_216' title='bbox 329 1755 357 1777; x_wconf 88' lang='grc' dir='ltr'>Β.</span> <span class='ocrx_word' id='word_1_217' title='bbox 368 1759 393 1777; x_wconf 83' lang='lat' dir='ltr'>et</span> <span class='ocrx_word' id='word_1_218' title='bbox 403 1754 525 1778; x_wconf 56' lang='lat' dir='ltr'>Commi-l.</span> <span class='ocrx_word' id='word_1_219' title='bbox 539 1758 562 1779; x_wconf 84' lang='grc' dir='ltr'>τί</span> <span class='ocrx_word' id='word_1_220' title='bbox 571 1757 650 1784; x_wconf 70' lang='grc' dir='ltr'>δήποτ’</span> <span class='ocrx_word' id='word_1_221' title='bbox 661 1755 697 1780; x_wconf 67' lang='grc' dir='ltr'>οὖν</span> <span class='ocrx_word' id='word_1_222' title='bbox 709 1757 765 1780; x_wconf 67' lang='grc' dir='ltr'>οὕτω</span> <span class='ocrx_word' id='word_1_223' title='bbox 777 1761 808 1788; x_wconf 82' lang='grc' dir='ltr'>τῷ</span> <span class='ocrx_word' id='word_1_224' title='bbox 820 1758 878 1787; x_wconf 70' lang='grc' dir='ltr'>λόγῳ</span> <span class='ocrx_word' id='word_1_225' title='bbox 891 1757 973 1788; x_wconf 66' lang='grc' dir='ltr'>κέχρη-</span> 
     </span>
    </p>
   </div>
   <div class='ocr_carea' id='block_1_9' title="bbox 215 1796 968 1827">
    <p class='ocr_par' dir='ltr' id='par_1_10' title="bbox 215 1796 968 1827">
     <span class='ocr_line' id='line_1_35' title="bbox 215 1796 968 1827; baseline -0.001 -9"><span class='ocrx_word' id='word_1_226' title='bbox 215 1802 265 1825; x_wconf 64' lang='grc' dir='ltr'>τκι5</span> <span class='ocrx_word' id='word_1_227' title='bbox 281 1796 337 1823; x_wconf 64' lang='grc' dir='ltr'>Εῆλνζ</span> <span class='ocrx_word' id='word_1_228' title='bbox 349 1797 395 1818; x_wconf 80' lang='grc' dir='ltr'>ἐστι</span> <span class='ocrx_word' id='word_1_229' title='bbox 407 1798 437 1819; x_wconf 74' lang='grc' dir='ltr'>τὰ</span> <span class='ocrx_word' id='word_1_230' title='bbox 448 1799 615 1825; x_wconf 68' lang='grc' dir='ltr'>σημαινόμενα,</span> <span class='ocrx_word' id='word_1_231' title='bbox 628 1797 664 1819; x_wconf 76' lang='grc' dir='ltr'>καὶ</span> <span class='ocrx_word' id='word_1_232' title='bbox 681 1798 741 1819; x_wconf 70' lang='grc' dir='ltr'>κατὰ</span> <span class='ocrx_word' id='word_1_233' title='bbox 753 1798 775 1819; x_wconf 85' lang='grc' dir='ltr'><em>τί</em></span> <span class='ocrx_word' id='word_1_234' title='bbox 788 1798 883 1827; x_wconf 61' lang='grc' dir='ltr'>εἴρηται.</span> <span class='ocrx_word' id='word_1_235' title='bbox 898 1797 968 1825; x_wconf 77' lang='grc' dir='ltr'>ὁμέν.</span> 
     </span>
    </p>
   </div>
   <div class='ocr_carea' id='block_1_10' title="bbox 1299 427 1481 467">
    <p class='ocr_par' dir='ltr' id='par_1_11' title="bbox 1299 427 1481 467">
     <span class='ocr_line' id='line_1_36' title="bbox 1299 427 1481 467; baseline 0.011 -12"><span class='ocrx_word' id='word_1_236' title='bbox 1299 427 1430 457; x_wconf 73' lang='grc' dir='ltr'>οΜιΛιΑ</span> <span class='ocrx_word' id='word_1_237' title='bbox 1448 428 1481 467; x_wconf 73' lang='grc' dir='ltr'>γ’.</span> 
     </span>
    </p>
   </div>
   <div class='ocr_carea' id='block_1_11' title="bbox 1008 516 1774 826">
    <p class='ocr_par' dir='ltr' id='par_1_12' title="bbox 1008 516 1774 826">
     <span class='ocr_line' id='line_1_37' title="bbox 1008 516 1772 559; baseline 0.007 -13"><span class='ocrx_word' id='word_1_238' title='bbox 1008 516 1093 546; x_wconf 52' lang='grc' dir='ltr'>υΟταν</span> <span class='ocrx_word' id='word_1_239' title='bbox 1109 518 1136 547; x_wconf 75' lang='grc' dir='ltr'>δὲ</span> <span class='ocrx_word' id='word_1_240' title='bbox 1151 518 1231 547; x_wconf 81' lang='grc' dir='ltr'>πάλιν</span> <span class='ocrx_word' id='word_1_241' title='bbox 1246 519 1373 558; x_wconf 75' lang='grc' dir='ltr'>εἰσαγάγῃ</span> <span class='ocrx_word' id='word_1_242' title='bbox 1389 520 1432 549; x_wconf 83' lang='grc' dir='ltr'>τὸν</span> <span class='ocrx_word' id='word_1_243' title='bbox 1446 521 1610 559; x_wconf 74' lang='grc' dir='ltr'>πρωτότοκον</span> <span class='ocrx_word' id='word_1_244' title='bbox 1624 523 1660 555; x_wconf 81' lang='grc' dir='ltr'>εἷς</span> <span class='ocrx_word' id='word_1_245' title='bbox 1674 522 1721 556; x_wconf 79' lang='grc' dir='ltr'>τὴν</span> <span class='ocrx_word' id='word_1_246' title='bbox 1737 525 1772 551; x_wconf 78' lang='grc' dir='ltr'>οἱ·</span> 
     </span>
     <span class='ocr_line' id='line_1_38' title="bbox 1049 563 1773 607; baseline 0.006 -16"><span class='ocrx_word' id='word_1_247' title='bbox 1049 563 1189 601; x_wconf 80' lang='grc' dir='ltr'>κουμένην,</span> <span class='ocrx_word' id='word_1_248' title='bbox 1200 564 1271 603; x_wconf 76' lang='grc' dir='ltr'>λέγει</span> <span class='ocrx_word' id='word_1_249' title='bbox 1283 576 1288 582; x_wconf 90' lang='grc'>’</span> <span class='ocrx_word' id='word_1_250' title='bbox 1301 565 1347 593; x_wconf 84' lang='grc' dir='ltr'>καὶ</span> <span class='ocrx_word' id='word_1_251' title='bbox 1358 567 1614 604; x_wconf 81' lang='grc' dir='ltr'>προσκυνησάτωσαν</span> <span class='ocrx_word' id='word_1_252' title='bbox 1627 569 1698 607; x_wconf 77' lang='grc' dir='ltr'>αὐτῷ</span> <span class='ocrx_word' id='word_1_253' title='bbox 1708 568 1773 597; x_wconf 85' lang='grc' dir='ltr'>πάν-</span> 
     </span>
     <span class='ocr_line' id='line_1_39' title="bbox 1050 609 1773 651; baseline 0.008 -14"><span class='ocrx_word' id='word_1_254' title='bbox 1050 621 1090 642; x_wconf 80' lang='grc' dir='ltr'>τες</span> <span class='ocrx_word' id='word_1_255' title='bbox 1105 609 1211 648; x_wconf 79' lang='grc' dir='ltr'>ἄγγελοι</span> <span class='ocrx_word' id='word_1_256' title='bbox 1223 612 1309 639; x_wconf 79' lang='grc' dir='ltr'>Θεοῦ·</span> <span class='ocrx_word' id='word_1_257' title='bbox 1327 611 1370 640; x_wconf 76' lang='grc' dir='ltr'>καὶ</span> <span class='ocrx_word' id='word_1_258' title='bbox 1382 611 1447 650; x_wconf 84' lang='grc' dir='ltr'>πρὸς</span> <span class='ocrx_word' id='word_1_259' title='bbox 1460 611 1507 649; x_wconf 83' lang='grc' dir='ltr'>μὲν</span> <span class='ocrx_word' id='word_1_260' title='bbox 1521 612 1579 646; x_wconf 70' lang='grc' dir='ltr'>τοὺς</span> <span class='ocrx_word' id='word_1_261' title='bbox 1594 614 1719 651; x_wconf 80' lang='grc' dir='ltr'>ἀγγέλους</span> <span class='ocrx_word' id='word_1_262' title='bbox 1731 614 1773 642; x_wconf 77' lang='grc' dir='ltr'>λέ-</span> 
     </span>
     <span class='ocr_line' id='line_1_40' title="bbox 1048 656 1773 697; baseline 0.006 -14"><span class='ocrx_word' id='word_1_263' title='bbox 1048 667 1088 693; x_wconf 85' lang='grc' dir='ltr'>γει</span> <span class='ocrx_word' id='word_1_264' title='bbox 1100 667 1105 672; x_wconf 88' lang='grc'><em>·</em></span> <span class='ocrx_word' id='word_1_265' title='bbox 1121 658 1134 684; x_wconf 82' lang='grc' dir='ltr'>ὁ</span> <span class='ocrx_word' id='word_1_266' title='bbox 1148 657 1231 684; x_wconf 81' lang='grc' dir='ltr'>ποιῶν</span> <span class='ocrx_word' id='word_1_267' title='bbox 1245 656 1303 690; x_wconf 77' lang='grc' dir='ltr'>τοὺς</span> <span class='ocrx_word' id='word_1_268' title='bbox 1324 657 1448 696; x_wconf 80' lang='grc' dir='ltr'>ἀγγέλους</span> <span class='ocrx_word' id='word_1_269' title='bbox 1462 660 1540 687; x_wconf 72' lang='grc' dir='ltr'>αὑτοῦ</span> <span class='ocrx_word' id='word_1_270' title='bbox 1553 658 1708 697; x_wconf 77' lang='grc' dir='ltr'>πνεύματα,</span> <span class='ocrx_word' id='word_1_271' title='bbox 1728 659 1773 687; x_wconf 84' lang='grc' dir='ltr'>καὶ</span> 
     </span>
     <span class='ocr_line' id='line_1_41' title="bbox 1047 701 1774 743; baseline 0.006 -14"><span class='ocrx_word' id='word_1_272' title='bbox 1047 701 1107 734; x_wconf 74' lang='grc' dir='ltr'>τοὺς</span> <span class='ocrx_word' id='word_1_273' title='bbox 1128 701 1292 741; x_wconf 74' lang='grc' dir='ltr'>λειτουργοὺς</span> <span class='ocrx_word' id='word_1_274' title='bbox 1315 705 1394 731; x_wconf 69' lang='grc' dir='ltr'>αὑτοῦ</span> <span class='ocrx_word' id='word_1_275' title='bbox 1419 704 1500 743; x_wconf 76' lang='grc' dir='ltr'>πυρὸς</span> <span class='ocrx_word' id='word_1_276' title='bbox 1522 703 1606 743; x_wconf 81' lang='grc' dir='ltr'>φλόγα</span> <span class='ocrx_word' id='word_1_277' title='bbox 1617 716 1623 722; x_wconf 93' lang='grc'><em>·</em></span> <span class='ocrx_word' id='word_1_278' title='bbox 1654 704 1719 743; x_wconf 80' lang='grc' dir='ltr'>πρὸς</span> <span class='ocrx_word' id='word_1_279' title='bbox 1746 704 1774 733; x_wconf 82' lang='grc' dir='ltr'>δὲ</span> 
     </span>
     <span class='ocr_line' id='line_1_42' title="bbox 1048 747 1774 787; baseline 0.006 -13"><span class='ocrx_word' id='word_1_280' title='bbox 1048 747 1091 775; x_wconf 85' lang='grc' dir='ltr'>τὸν</span> <span class='ocrx_word' id='word_1_281' title='bbox 1107 747 1183 775; x_wconf 82' lang='grc' dir='ltr'>Υἷόν·</span> <span class='ocrx_word' id='word_1_282' title='bbox 1205 750 1218 776; x_wconf 99' lang='lat'>6</span> <span class='ocrx_word' id='word_1_283' title='bbox 1235 749 1321 787; x_wconf 81' lang='grc' dir='ltr'>θρόνος</span> <span class='ocrx_word' id='word_1_284' title='bbox 1340 760 1385 778; x_wconf 85' lang='grc' dir='ltr'>σου</span> <span class='ocrx_word' id='word_1_285' title='bbox 1402 751 1415 778; x_wconf 88' lang='lat'>6</span> <span class='ocrx_word' id='word_1_286' title='bbox 1432 750 1500 782; x_wconf 79' lang='grc' dir='ltr'>Θεὸς</span> <span class='ocrx_word' id='word_1_287' title='bbox 1519 751 1556 783; x_wconf 82' lang='grc' dir='ltr'>εἷς</span> <span class='ocrx_word' id='word_1_288' title='bbox 1572 750 1616 779; x_wconf 83' lang='grc' dir='ltr'>τὸν</span> <span class='ocrx_word' id='word_1_289' title='bbox 1633 751 1716 779; x_wconf 81' lang='grc' dir='ltr'>αἰῶνα</span> <span class='ocrx_word' id='word_1_290' title='bbox 1729 753 1774 780; x_wconf 74' lang='grc' dir='ltr'>τοῦ</span> 
     </span>
     <span class='ocr_line' id='line_1_43' title="bbox 1049 794 1148 826; baseline 0.01 -5"><span class='ocrx_word' id='word_1_291' title='bbox 1049 794 1148 826; x_wconf 78' lang='grc' dir='ltr'>αἰῶνος.</span> 
     </span>
    </p>
   </div>
   <div class='ocr_carea' id='block_1_12' title="bbox 1007 885 1775 1707">
    <p class='ocr_par' dir='ltr' id='par_1_13' title="bbox 1007 885 1775 1707">
     <span class='ocr_line' id='line_1_44' title="bbox 1048 885 1770 928; baseline 0.006 -14"><span class='ocrx_word' id='word_1_292' title='bbox 1048 885 1082 915; x_wconf 88' lang='grc' dir='ltr'><strong>Ὁ</strong></span> <span class='ocrx_word' id='word_1_293' title='bbox 1099 885 1146 923; x_wconf 80' lang='grc' dir='ltr'>μὲν</span> <span class='ocrx_word' id='word_1_294' title='bbox 1158 886 1253 925; x_wconf 80' lang='grc' dir='ltr'>Κύριος</span> <span class='ocrx_word' id='word_1_295' title='bbox 1268 889 1343 925; x_wconf 75' lang='grc' dir='ltr'>ἡμῶν</span> <span class='ocrx_word' id='word_1_296' title='bbox 1360 888 1461 923; x_wconf 73' lang='grc' dir='ltr'>Ἰησοῦς</span> <span class='ocrx_word' id='word_1_297' title='bbox 1478 888 1592 927; x_wconf 81' lang='grc' dir='ltr'>Χριστὸς</span> <span class='ocrx_word' id='word_1_298' title='bbox 1606 888 1654 924; x_wconf 80' lang='grc' dir='ltr'>τὴν</span> <span class='ocrx_word' id='word_1_299' title='bbox 1668 900 1770 928; x_wconf 85' lang='grc' dir='ltr'>παρου-</span> 
     </span>
     <span class='ocr_line' id='line_1_45' title="bbox 1010 931 1772 972; baseline 0.004 -12"><span class='ocrx_word' id='word_1_300' title='bbox 1010 931 1067 960; x_wconf 86' lang='grc' dir='ltr'>σίαν</span> <span class='ocrx_word' id='word_1_301' title='bbox 1091 934 1168 961; x_wconf 77' lang='grc' dir='ltr'>αὑτοῦ</span> <span class='ocrx_word' id='word_1_302' title='bbox 1183 932 1230 968; x_wconf 84' lang='grc' dir='ltr'>τὴν</span> <span class='ocrx_word' id='word_1_303' title='bbox 1245 933 1369 972; x_wconf 81' lang='grc' dir='ltr'>ἔνσαρκον</span> <span class='ocrx_word' id='word_1_304' title='bbox 1381 933 1466 966; x_wconf 82' lang='grc' dir='ltr'>ἔξοδον</span> <span class='ocrx_word' id='word_1_305' title='bbox 1480 935 1555 962; x_wconf 83' lang='grc' dir='ltr'>καλεῖ</span> <span class='ocrx_word' id='word_1_306' title='bbox 1567 945 1572 952; x_wconf 80' lang='lat'><strong>‘</strong></span> <span class='ocrx_word' id='word_1_307' title='bbox 1596 931 1648 963; x_wconf 69' lang='grc' dir='ltr'>οἷον</span> <span class='ocrx_word' id='word_1_308' title='bbox 1661 937 1696 968; x_wconf 84' lang='grc' dir='ltr'>ὡς</span> <span class='ocrx_word' id='word_1_309' title='bbox 1710 935 1772 964; x_wconf 81' lang='grc' dir='ltr'>ὅταν</span> 
     </span>
     <span class='ocr_line' id='line_1_46' title="bbox 1008 977 1771 1019; baseline 0.004 -14"><span class='ocrx_word' id='word_1_310' title='bbox 1008 977 1072 1016; x_wconf 81' lang='grc' dir='ltr'>λέγῃ</span> <span class='ocrx_word' id='word_1_311' title='bbox 1083 999 1090 1013; x_wconf 81' lang='lat'><em>‚</em></span> <span class='ocrx_word' id='word_1_312' title='bbox 1107 977 1231 1013; x_wconf 74' lang='grc' dir='ltr'>Ἐξῆλθεν</span> <span class='ocrx_word' id='word_1_313' title='bbox 1253 981 1266 1007; x_wconf 82' lang='grc' dir='ltr'>ὁ</span> <span class='ocrx_word' id='word_1_314' title='bbox 1287 978 1400 1017; x_wconf 76' lang='grc' dir='ltr'>σπείρων</span> <span class='ocrx_word' id='word_1_315' title='bbox 1422 981 1466 1007; x_wconf 83' lang='grc' dir='ltr'>τοῧ</span> <span class='ocrx_word' id='word_1_316' title='bbox 1482 984 1602 1019; x_wconf 80' lang='grc' dir='ltr'>σπεῖραι·</span> <span class='ocrx_word' id='word_1_317' title='bbox 1624 980 1669 1008; x_wconf 78' lang='grc' dir='ltr'>καὶ</span> <span class='ocrx_word' id='word_1_318' title='bbox 1683 980 1771 1014; x_wconf 82' lang='grc' dir='ltr'>πάλιν,</span> 
     </span>
     <span class='ocr_line' id='line_1_47' title="bbox 1009 1023 1772 1063; baseline 0.003 -12"><span class='ocrx_word' id='word_1_319' title='bbox 1009 1023 1081 1061; x_wconf 79' lang='grc' dir='ltr'>Ἐγὼ</span> <span class='ocrx_word' id='word_1_320' title='bbox 1107 1025 1136 1052; x_wconf 81' lang='grc' dir='ltr'>ἐκ</span> <span class='ocrx_word' id='word_1_321' title='bbox 1158 1026 1204 1052; x_wconf 69' lang='grc' dir='ltr'>τοῦ</span> <span class='ocrx_word' id='word_1_322' title='bbox 1225 1024 1330 1063; x_wconf 80' lang='grc' dir='ltr'>Πατρός</span> <span class='ocrx_word' id='word_1_323' title='bbox 1353 1036 1402 1062; x_wconf 88' lang='grc' dir='ltr'>μου</span> <span class='ocrx_word' id='word_1_324' title='bbox 1423 1024 1547 1061; x_wconf 70' lang='grc' dir='ltr'>ἐξῆλθον,</span> <span class='ocrx_word' id='word_1_325' title='bbox 1565 1025 1610 1054; x_wconf 83' lang='grc' dir='ltr'>καὶ</span> <span class='ocrx_word' id='word_1_326' title='bbox 1629 1025 1704 1060; x_wconf 83' lang='grc' dir='ltr'>ἥκω·</span> <span class='ocrx_word' id='word_1_327' title='bbox 1727 1025 1772 1053; x_wconf 79' lang='grc' dir='ltr'>καὶ</span> 
     </span>
     <span class='ocr_line' id='line_1_48' title="bbox 1008 1070 1771 1109; baseline 0 -11"><span class='ocrx_word' id='word_1_328' title='bbox 1008 1071 1143 1109; x_wconf 72' lang='grc' dir='ltr'>πολλαχοῦ</span> <span class='ocrx_word' id='word_1_329' title='bbox 1163 1074 1238 1099; x_wconf 80' lang='grc' dir='ltr'>τοῦτο</span> <span class='ocrx_word' id='word_1_330' title='bbox 1256 1070 1306 1098; x_wconf 76' lang='grc' dir='ltr'>ἴδοι</span> <span class='ocrx_word' id='word_1_331' title='bbox 1326 1082 1366 1102; x_wconf 81' lang='grc' dir='ltr'>τις</span> <span class='ocrx_word' id='word_1_332' title='bbox 1387 1071 1427 1099; x_wconf 81' lang='grc' dir='ltr'>ἄν.</span> <span class='ocrx_word' id='word_1_333' title='bbox 1461 1070 1494 1100; x_wconf 78' lang='lat' dir='ltr'>‘O</span> <span class='ocrx_word' id='word_1_334' title='bbox 1510 1070 1538 1100; x_wconf 77' lang='grc' dir='ltr'>δὲ</span> <span class='ocrx_word' id='word_1_335' title='bbox 1552 1071 1658 1103; x_wconf 78' lang='grc' dir='ltr'>Παῦλος</span> <span class='ocrx_word' id='word_1_336' title='bbox 1673 1071 1771 1100; x_wconf 80' lang='grc' dir='ltr'>εἴσοδον</span> 
     </span>
     <span class='ocr_line' id='line_1_49' title="bbox 1009 1115 1773 1155; baseline 0.004 -13"><span class='ocrx_word' id='word_1_337' title='bbox 1009 1115 1088 1149; x_wconf 78' lang='grc' dir='ltr'>αὐτὴν</span> <span class='ocrx_word' id='word_1_338' title='bbox 1104 1117 1179 1145; x_wconf 82' lang='grc' dir='ltr'>καλεῖ</span> <span class='ocrx_word' id='word_1_339' title='bbox 1198 1116 1280 1155; x_wconf 76' lang='grc' dir='ltr'>λέγων</span> <span class='ocrx_word' id='word_1_340' title='bbox 1293 1128 1299 1134; x_wconf 88' lang='grc'><em>·</em></span> <span class='ocrx_word' id='word_1_341' title='bbox 1323 1115 1410 1145; x_wconf 70' lang='lat' dir='ltr'>‘&#39;Ox-etv</span> <span class='ocrx_word' id='word_1_342' title='bbox 1434 1115 1461 1144; x_wconf 77' lang='grc' dir='ltr'>δὲ</span> <span class='ocrx_word' id='word_1_343' title='bbox 1483 1117 1564 1145; x_wconf 83' lang='grc' dir='ltr'>πάλιν</span> <span class='ocrx_word' id='word_1_344' title='bbox 1587 1116 1713 1155; x_wconf 72' lang='grc' dir='ltr'>εἰσαγάγῃ</span> <span class='ocrx_word' id='word_1_345' title='bbox 1728 1116 1773 1145; x_wconf 82' lang='grc' dir='ltr'>τὸν</span> 
     </span>
     <span class='ocr_line' id='line_1_50' title="bbox 1007 1162 1773 1201; baseline 0 -11"><span class='ocrx_word' id='word_1_346' title='bbox 1007 1162 1172 1200; x_wconf 80' lang='grc' dir='ltr'>πρωτότοκον</span> <span class='ocrx_word' id='word_1_347' title='bbox 1200 1164 1235 1195; x_wconf 78' lang='grc' dir='ltr'>εἷς</span> <span class='ocrx_word' id='word_1_348' title='bbox 1258 1162 1305 1197; x_wconf 79' lang='grc' dir='ltr'>τὴν</span> <span class='ocrx_word' id='word_1_349' title='bbox 1320 1163 1490 1200; x_wconf 82' lang='grc' dir='ltr'>οἰκουμένην·</span> <span class='ocrx_word' id='word_1_350' title='bbox 1514 1162 1662 1201; x_wconf 80' lang='grc' dir='ltr'>εἰσαγωγὴν</span> <span class='ocrx_word' id='word_1_351' title='bbox 1676 1163 1773 1198; x_wconf 83' lang='grc' dir='ltr'>ταύτην</span> 
     </span>
     <span class='ocr_line' id='line_1_51' title="bbox 1007 1208 1774 1248; baseline 0.003 -12"><span class='ocrx_word' id='word_1_352' title='bbox 1007 1208 1090 1244; x_wconf 78' lang='grc' dir='ltr'>λέγων</span> <span class='ocrx_word' id='word_1_353' title='bbox 1105 1208 1152 1243; x_wconf 83' lang='grc' dir='ltr'>τὴν</span> <span class='ocrx_word' id='word_1_354' title='bbox 1169 1211 1215 1243; x_wconf 70' lang='grc' dir='ltr'>τῆς</span> <span class='ocrx_word' id='word_1_355' title='bbox 1227 1209 1322 1248; x_wconf 75' lang='grc' dir='ltr'>σαρκὸς</span> <span class='ocrx_word' id='word_1_356' title='bbox 1336 1209 1475 1248; x_wconf 69' lang='grc' dir='ltr'>ἀνάληψιν.</span> <span class='ocrx_word' id='word_1_357' title='bbox 1486 1209 1500 1224; x_wconf 86' lang='lat'>*</span> <span class='ocrx_word' id='word_1_358' title='bbox 1516 1209 1552 1238; x_wconf 89' lang='grc' dir='ltr'>Τί</span> <span class='ocrx_word' id='word_1_359' title='bbox 1563 1209 1661 1243; x_wconf 82' lang='grc' dir='ltr'>δήποτε</span> <span class='ocrx_word' id='word_1_360' title='bbox 1674 1208 1702 1238; x_wconf 78' lang='grc' dir='ltr'>δὲ</span> <span class='ocrx_word' id='word_1_361' title='bbox 1712 1208 1774 1247; x_wconf 84' lang='grc' dir='ltr'>περὶ</span> 
     </span>
     <span class='ocr_line' id='line_1_52' title="bbox 1009 1254 1772 1294; baseline 0.001 -12"><span class='ocrx_word' id='word_1_362' title='bbox 1009 1255 1087 1283; x_wconf 70' lang='grc' dir='ltr'>αὐτοῦ</span> <span class='ocrx_word' id='word_1_363' title='bbox 1103 1254 1231 1294; x_wconf 71' lang='grc' dir='ltr'>διαφόρως</span> <span class='ocrx_word' id='word_1_364' title='bbox 1244 1256 1281 1294; x_wconf 77' lang='grc' dir='ltr'>τῷ</span> <span class='ocrx_word' id='word_1_365' title='bbox 1295 1255 1366 1294; x_wconf 81' lang='grc' dir='ltr'>λόγῳ</span> <span class='ocrx_word' id='word_1_366' title='bbox 1376 1255 1537 1294; x_wconf 77' lang='grc' dir='ltr'>κέχρηνται,</span> <span class='ocrx_word' id='word_1_367' title='bbox 1551 1254 1676 1284; x_wconf 77' lang='grc' dir='ltr'>καὶκατὰ</span> <span class='ocrx_word' id='word_1_368' title='bbox 1690 1254 1717 1283; x_wconf 83' lang='grc' dir='ltr'>τί</span> <span class='ocrx_word' id='word_1_369' title='bbox 1730 1254 1772 1283; x_wconf 77' lang='grc' dir='ltr'>οὕ-</span> 
     </span>
     <span class='ocr_line' id='line_1_53' title="bbox 1008 1300 1773 1338; baseline 0.001 -10"><span class='ocrx_word' id='word_1_370' title='bbox 1008 1312 1060 1333; x_wconf 78' lang='grc' dir='ltr'>τως</span> <span class='ocrx_word' id='word_1_371' title='bbox 1071 1300 1189 1338; x_wconf 81' lang='grc' dir='ltr'>εἴρηται;</span> <span class='ocrx_word' id='word_1_372' title='bbox 1204 1301 1289 1335; x_wconf 83' lang='grc' dir='ltr'>Δῆλόν</span> <span class='ocrx_word' id='word_1_373' title='bbox 1304 1303 1359 1330; x_wconf 79' lang='grc' dir='ltr'>ἐστι</span> <span class='ocrx_word' id='word_1_374' title='bbox 1376 1302 1421 1330; x_wconf 84' lang='grc' dir='ltr'>καὶ</span> <span class='ocrx_word' id='word_1_375' title='bbox 1442 1302 1488 1329; x_wconf 84' lang='grc' dir='ltr'>ἀπ’</span> <span class='ocrx_word' id='word_1_376' title='bbox 1505 1302 1589 1329; x_wconf 79' lang='grc' dir='ltr'>αὐτῶν</span> <span class='ocrx_word' id='word_1_377' title='bbox 1603 1303 1655 1329; x_wconf 83' lang='grc' dir='ltr'>τῶν</span> <span class='ocrx_word' id='word_1_378' title='bbox 1671 1313 1773 1338; x_wconf 84' lang='grc' dir='ltr'>σημαι-</span> 
     </span>
     <span class='ocr_line' id='line_1_54' title="bbox 1009 1345 1775 1385; baseline 0 -11"><span class='ocrx_word' id='word_1_379' title='bbox 1009 1346 1132 1383; x_wconf 83' lang='grc' dir='ltr'>νομένων.</span> <span class='ocrx_word' id='word_1_380' title='bbox 1159 1346 1193 1375; x_wconf 83' lang='lat' dir='ltr'>‘O</span> <span class='ocrx_word' id='word_1_381' title='bbox 1205 1346 1251 1384; x_wconf 76' lang='grc' dir='ltr'>μὲν</span> <span class='ocrx_word' id='word_1_382' title='bbox 1266 1346 1317 1385; x_wconf 78' lang='grc' dir='ltr'>γὰρ</span> <span class='ocrx_word' id='word_1_383' title='bbox 1328 1347 1441 1385; x_wconf 77' lang='grc' dir='ltr'>Χριστὸς</span> <span class='ocrx_word' id='word_1_384' title='bbox 1456 1346 1539 1379; x_wconf 78' lang='grc' dir='ltr'>ἔξοδον</span> <span class='ocrx_word' id='word_1_385' title='bbox 1553 1345 1601 1381; x_wconf 73' lang='grc' dir='ltr'>τὴν</span> <span class='ocrx_word' id='word_1_386' title='bbox 1616 1348 1708 1375; x_wconf 77' lang='grc' dir='ltr'>ἑαυτοῦ</span> <span class='ocrx_word' id='word_1_387' title='bbox 1722 1358 1775 1375; x_wconf 85' lang='grc' dir='ltr'>πα-</span> 
     </span>
     <span class='ocr_line' id='line_1_55' title="bbox 1011 1388 1775 1431; baseline 0 -11"><span class='ocrx_word' id='word_1_388' title='bbox 1011 1392 1116 1431; x_wconf 79' lang='grc' dir='ltr'>ρουσίαν</span> <span class='ocrx_word' id='word_1_389' title='bbox 1131 1391 1236 1424; x_wconf 82' lang='grc' dir='ltr'>εἰκότως</span> <span class='ocrx_word' id='word_1_390' title='bbox 1253 1393 1341 1420; x_wconf 77' lang='grc' dir='ltr'>καλεῖ·</span> <span class='ocrx_word' id='word_1_391' title='bbox 1353 1391 1402 1425; x_wconf 82' lang='grc' dir='ltr'>ἔξω</span> <span class='ocrx_word' id='word_1_392' title='bbox 1414 1391 1464 1430; x_wconf 82' lang='grc' dir='ltr'>γὰρ</span> <span class='ocrx_word' id='word_1_393' title='bbox 1478 1388 1546 1429; x_wconf 67' lang='grc' dir='ltr'>ἦμεν</span> <span class='ocrx_word' id='word_1_394' title='bbox 1557 1395 1602 1421; x_wconf 79' lang='grc' dir='ltr'>τοῦ</span> <span class='ocrx_word' id='word_1_395' title='bbox 1616 1393 1697 1421; x_wconf 71' lang='grc' dir='ltr'>Θεοῦ.</span> <span class='ocrx_word' id='word_1_396' title='bbox 1720 1391 1775 1420; x_wconf 83' lang='grc' dir='ltr'>Καὶ</span> 
     </span>
     <span class='ocr_line' id='line_1_56' title="bbox 1009 1437 1774 1477; baseline 0 -11"><span class='ocrx_word' id='word_1_397' title='bbox 1009 1437 1127 1477; x_wconf 69' lang='grc' dir='ltr'>καθάπερ</span> <span class='ocrx_word' id='word_1_398' title='bbox 1142 1440 1168 1467; x_wconf 79' lang='grc' dir='ltr'>ἐν</span> <span class='ocrx_word' id='word_1_399' title='bbox 1182 1442 1236 1470; x_wconf 83' lang='grc' dir='ltr'>τοῖς</span> <span class='ocrx_word' id='word_1_400' title='bbox 1253 1437 1393 1476; x_wconf 80' lang='grc' dir='ltr'>βασιλείοις</span> <span class='ocrx_word' id='word_1_401' title='bbox 1408 1440 1432 1466; x_wconf 85' lang='grc' dir='ltr'>οἱ</span> <span class='ocrx_word' id='word_1_402' title='bbox 1446 1438 1581 1475; x_wconf 75' lang='grc' dir='ltr'>δεσμῶται</span> <span class='ocrx_word' id='word_1_403' title='bbox 1600 1437 1644 1466; x_wconf 82' lang='grc' dir='ltr'>καὶ</span> <span class='ocrx_word' id='word_1_404' title='bbox 1658 1449 1774 1476; x_wconf 79' lang='grc' dir='ltr'>προσκε-</span> 
     </span>
     <span class='ocr_line' id='line_1_57' title="bbox 1008 1484 1774 1523; baseline 0 -11"><span class='ocrx_word' id='word_1_405' title='bbox 1008 1485 1147 1523; x_wconf 77' lang='grc' dir='ltr'>κρουκότες</span> <span class='ocrx_word' id='word_1_406' title='bbox 1160 1486 1198 1523; x_wconf 82' lang='grc' dir='ltr'>τῷ</span> <span class='ocrx_word' id='word_1_407' title='bbox 1215 1485 1327 1523; x_wconf 77' lang='grc' dir='ltr'>βασιλεῖ,</span> <span class='ocrx_word' id='word_1_408' title='bbox 1342 1484 1390 1518; x_wconf 83' lang='grc' dir='ltr'>ἔξω</span> <span class='ocrx_word' id='word_1_409' title='bbox 1405 1484 1560 1520; x_wconf 69' lang='grc' dir='ltr'>ἑστήκασιν·</span> <span class='ocrx_word' id='word_1_410' title='bbox 1574 1487 1588 1513; x_wconf 89' lang='lat'>6</span> <span class='ocrx_word' id='word_1_411' title='bbox 1602 1484 1628 1512; x_wconf 79' lang='grc' dir='ltr'>’δὲ</span> <span class='ocrx_word' id='word_1_412' title='bbox 1643 1484 1774 1523; x_wconf 76' lang='grc' dir='ltr'>βουλόμε-</span> 
     </span>
     <span class='ocr_line' id='line_1_58' title="bbox 1009 1529 1775 1569; baseline 0.001 -12"><span class='ocrx_word' id='word_1_413' title='bbox 1009 1541 1050 1562; x_wconf 88' lang='grc' dir='ltr'>νος</span> <span class='ocrx_word' id='word_1_414' title='bbox 1067 1529 1159 1563; x_wconf 78' lang='grc' dir='ltr'>αὐτοὺς</span> <span class='ocrx_word' id='word_1_415' title='bbox 1173 1530 1336 1563; x_wconf 76' lang='grc' dir='ltr'>καταλλάξαι</span> <span class='ocrx_word' id='word_1_416' title='bbox 1346 1552 1353 1566; x_wconf 91' lang='lat'><em>,</em></span> <span class='ocrx_word' id='word_1_417' title='bbox 1370 1532 1415 1559; x_wconf 87' lang='grc' dir='ltr'>οὐκ</span> <span class='ocrx_word' id='word_1_418' title='bbox 1435 1531 1506 1559; x_wconf 83' lang='grc' dir='ltr'>ἔνδον</span> <span class='ocrx_word' id='word_1_419' title='bbox 1518 1529 1624 1562; x_wconf 77' lang='grc' dir='ltr'>τούτους</span> <span class='ocrx_word' id='word_1_420' title='bbox 1636 1529 1775 1569; x_wconf 55' lang='grc' dir='ltr'>ΰείσάγων,</span> 
     </span>
     <span class='ocr_line' id='line_1_59' title="bbox 1011 1575 1775 1613; baseline -0.001 -9"><span class='ocrx_word' id='word_1_421' title='bbox 1011 1576 1067 1604; x_wconf 76' lang='grc' dir='ltr'>ἀλλ’</span> <span class='ocrx_word' id='word_1_422' title='bbox 1086 1576 1163 1608; x_wconf 77' lang='grc' dir='ltr'>αὖτὸς</span> <span class='ocrx_word' id='word_1_423' title='bbox 1181 1576 1253 1609; x_wconf 81' lang='grc' dir='ltr'>ἐξιὼν</span> <span class='ocrx_word' id='word_1_424' title='bbox 1270 1575 1318 1609; x_wconf 82' lang='grc' dir='ltr'>ἔξω</span> <span class='ocrx_word' id='word_1_425' title='bbox 1332 1575 1431 1608; x_wconf 76' lang='grc' dir='ltr'>τούτοις</span> <span class='ocrx_word' id='word_1_426' title='bbox 1445 1575 1608 1613; x_wconf 79' lang='grc' dir='ltr'>διαλέγεται,</span> <span class='ocrx_word' id='word_1_427' title='bbox 1623 1575 1671 1608; x_wconf 77' lang='grc' dir='ltr'>ἕως</span> <span class='ocrx_word' id='word_1_428' title='bbox 1685 1575 1716 1603; x_wconf 78' lang='grc' dir='ltr'>ἂν</span> <span class='ocrx_word' id='word_1_429' title='bbox 1729 1577 1775 1604; x_wconf 79' lang='grc' dir='ltr'>αὖ-</span> 
     </span>
     <span class='ocr_line' id='line_1_60' title="bbox 1010 1620 1775 1659; baseline 0.001 -11"><span class='ocrx_word' id='word_1_430' title='bbox 1010 1620 1068 1652; x_wconf 74' lang='grc' dir='ltr'>τοὺς</span> <span class='ocrx_word' id='word_1_431' title='bbox 1080 1621 1248 1655; x_wconf 76' lang='grc' dir='ltr'>καταστήσας</span> <span class='ocrx_word' id='word_1_432' title='bbox 1261 1620 1344 1653; x_wconf 74' lang='grc' dir='ltr'>ἀξίους</span> <span class='ocrx_word' id='word_1_433' title='bbox 1356 1622 1402 1655; x_wconf 81' lang='grc' dir='ltr'>τ’ῆς</span> <span class='ocrx_word' id='word_1_434' title='bbox 1414 1621 1496 1659; x_wconf 67' lang='grc' dir='ltr'>ὄψεως</span> <span class='ocrx_word' id='word_1_435' title='bbox 1509 1623 1553 1649; x_wconf 64' lang='grc' dir='ltr'>τοῦ</span> <span class='ocrx_word' id='word_1_436' title='bbox 1566 1621 1694 1659; x_wconf 77' lang='grc' dir='ltr'>βασιλέως</span> <span class='ocrx_word' id='word_1_437' title='bbox 1705 1622 1775 1649; x_wconf 62' lang='lat' dir='ltr'>eicon&lt;</span> 
     </span>
     <span class='ocr_line' id='line_1_61' title="bbox 1011 1668 1774 1707; baseline 0.001 -11"><span class='ocrx_word' id='word_1_438' title='bbox 1011 1668 1079 1706; x_wconf 73' lang='grc' dir='ltr'>γάγη</span> <span class='ocrx_word' id='word_1_439' title='bbox 1093 1680 1098 1684; x_wconf 92' lang='grc'><em>·</em></span> <span class='ocrx_word' id='word_1_440' title='bbox 1116 1668 1182 1696; x_wconf 74' lang='grc' dir='ltr'>οὕτω</span> <span class='ocrx_word' id='word_1_441' title='bbox 1196 1668 1240 1696; x_wconf 78' lang='grc' dir='ltr'>καὶ</span> <span class='ocrx_word' id='word_1_442' title='bbox 1256 1670 1269 1696; x_wconf 87' lang='lat'>6</span> <span class='ocrx_word' id='word_1_443' title='bbox 1283 1668 1397 1706; x_wconf 77' lang='grc' dir='ltr'>Χριστὸς</span> <span class='ocrx_word' id='word_1_444' title='bbox 1417 1668 1547 1703; x_wconf 76' lang='grc' dir='ltr'>ἐποίησεν.</span> <span class='ocrx_word' id='word_1_445' title='bbox 1576 1668 1705 1702; x_wconf 54' lang='lat' dir='ltr'>’ligem—‚bv</span> <span class='ocrx_word' id='word_1_446' title='bbox 1723 1669 1774 1707; x_wconf 79' lang='grc' dir='ltr'>γὰρ</span> 
     </span>
    </p>
   </div>
   <div class='ocr_carea' id='block_1_13' title="bbox 1023 1753 1638 1826">
    <p class='ocr_par' dir='ltr' id='par_1_14' title="bbox 1023 1753 1638 1826">
     <span class='ocr_line' id='line_1_62' title="bbox 1023 1753 1232 1786; baseline 0.005 -9"><span class='ocrx_word' id='word_1_447' title='bbox 1023 1754 1054 1778; x_wconf 81' lang='lat' dir='ltr'>Et</span> <span class='ocrx_word' id='word_1_448' title='bbox 1068 1755 1103 1778; x_wconf 87' lang='lat' dir='ltr'>sic</span> <span class='ocrx_word' id='word_1_449' title='bbox 1115 1753 1232 1786; x_wconf 57' lang='lat' dir='ltr'>Mutina]</span> 
     </span>
     <span class='ocr_line' id='line_1_63' title="bbox 1054 1793 1638 1826; baseline 0.002 -9"><span class='ocrx_word' id='word_1_450' title='bbox 1054 1801 1063 1812; x_wconf 70' lang='grc' dir='ltr'>ε</span> <span class='ocrx_word' id='word_1_451' title='bbox 1083 1793 1121 1826; x_wconf 79' lang='grc' dir='ltr'>[Α.</span> <span class='ocrx_word' id='word_1_452' title='bbox 1137 1794 1164 1818; x_wconf 85' lang='lat' dir='ltr'>B.</span> <span class='ocrx_word' id='word_1_453' title='bbox 1179 1793 1303 1818; x_wconf 36' lang='lat' dir='ltr'>Commeli</span> <span class='ocrx_word' id='word_1_454' title='bbox 1318 1799 1342 1817; x_wconf 80' lang='lat' dir='ltr'>et</span> <span class='ocrx_word' id='word_1_455' title='bbox 1355 1801 1433 1826; x_wconf 82' lang='lat' dir='ltr'><em>marg.</em></span> <span class='ocrx_word' id='word_1_456' title='bbox 1447 1793 1523 1819; x_wconf 76' lang='lat' dir='ltr'>Savil.</span> <span class='ocrx_word' id='word_1_457' title='bbox 1537 1793 1638 1826; x_wconf 66' lang='grc' dir='ltr'>εἰσάγει]</span> 
     </span>
    </p>
   </div>
   <div class='ocr_carea' id='block_1_14' title="bbox 635 1895 1358 1925">
    <p class='ocr_par' dir='ltr' id='par_1_15' title="bbox 635 1895 1358 1925">
     <span class='ocr_line' id='line_1_64' title="bbox 635 1895 1358 1925; baseline 0.001 -1"><span class='ocrx_word' id='word_1_458' title='bbox 635 1895 809 1924; x_wconf 81' lang='lat' dir='ltr'><strong>MUTIANO</strong></span> <span class='ocrx_word' id='word_1_459' title='bbox 831 1895 1084 1925; x_wconf 75' lang='lat' dir='ltr'>SCHOLASTICO</span> <span class='ocrx_word' id='word_1_460' title='bbox 1106 1896 1358 1925; x_wconf 84' lang='lat' dir='ltr'>INTERPRETE.</span> 
     </span>
    </p>
   </div>
   <div class='ocr_carea' id='block_1_15' title="bbox 215 1987 1779 2640">
    <p class='ocr_par' dir='ltr' id='par_1_16' title="bbox 215 1987 1779 2640">
     <span class='ocr_line' id='line_1_65' title="bbox 256 1987 1776 2026; baseline 0 -10"><span class='ocrx_word' id='word_1_461' title='bbox 256 1990 283 2016; x_wconf 87' lang='grc'>’1.</span> <span class='ocrx_word' id='word_1_462' title='bbox 298 1988 338 2016; x_wconf 78' lang='lat' dir='ltr'>Et</span> <span class='ocrx_word' id='word_1_463' title='bbox 353 1997 417 2015; x_wconf 81' lang='lat' dir='ltr'>cum</span> <span class='ocrx_word' id='word_1_464' title='bbox 433 1988 536 2015; x_wconf 83' lang='lat' dir='ltr'>iterum</span> <span class='ocrx_word' id='word_1_465' title='bbox 552 1987 709 2015; x_wconf 80' lang='lat' dir='ltr'>introducit</span> <span class='ocrx_word' id='word_1_466' title='bbox 725 1988 955 2026; x_wconf 81' lang='lat' dir='ltr'>Primogenitum</span> <span class='ocrx_word' id='word_1_467' title='bbox 969 1990 999 2015; x_wconf 85' lang='lat' dir='ltr'>in</span> <span class='ocrx_word' id='word_1_468' title='bbox 1014 1989 1109 2016; x_wconf 80' lang='lat' dir='ltr'>orbem</span> <span class='ocrx_word' id='word_1_469' title='bbox 1126 1994 1220 2026; x_wconf 80' lang='lat' dir='ltr'>terroe,</span> <span class='ocrx_word' id='word_1_470' title='bbox 1237 1989 1307 2017; x_wconf 82' lang='lat' dir='ltr'>dicit</span> <span class='ocrx_word' id='word_1_471' title='bbox 1320 2000 1326 2015; x_wconf 93' lang='grc'>.·</span> <span class='ocrx_word' id='word_1_472' title='bbox 1339 1989 1379 2017; x_wconf 85' lang='grc' dir='ltr'>Ει</span> <span class='ocrx_word' id='word_1_473' title='bbox 1393 1988 1514 2016; x_wconf 81' lang='lat' dir='ltr'>adorent</span> <span class='ocrx_word' id='word_1_474' title='bbox 1526 1998 1590 2016; x_wconf 86' lang='lat' dir='ltr'>eum</span> <span class='ocrx_word' id='word_1_475' title='bbox 1605 1997 1703 2017; x_wconf 85' lang='lat' dir='ltr'>omnes</span> <span class='ocrx_word' id='word_1_476' title='bbox 1718 1998 1776 2016; x_wconf 85' lang='lat' dir='ltr'>an-</span> 
     </span>
     <span class='ocr_line' id='line_1_66' title="bbox 215 2034 1776 2076; baseline 0.001 -14"><span class='ocrx_word' id='word_1_477' title='bbox 215 2035 273 2073; x_wconf 75' lang='lat' dir='ltr'>geli</span> <span class='ocrx_word' id='word_1_478' title='bbox 286 2035 352 2062; x_wconf 84' lang='lat' dir='ltr'>Dei.</span> <span class='ocrx_word' id='word_1_479' title='bbox 366 2035 406 2062; x_wconf 79' lang='lat' dir='ltr'>Et</span> <span class='ocrx_word' id='word_1_480' title='bbox 418 2034 459 2062; x_wconf 81' lang='lat' dir='ltr'>ad</span> <span class='ocrx_word' id='word_1_481' title='bbox 470 2034 590 2073; x_wconf 81' lang='lat' dir='ltr'>angelos</span> <span class='ocrx_word' id='word_1_482' title='bbox 604 2034 720 2072; x_wconf 80' lang='lat' dir='ltr'>quidem</span> <span class='ocrx_word' id='word_1_483' title='bbox 734 2035 805 2063; x_wconf 81' lang='lat' dir='ltr'>dicit</span> <span class='ocrx_word' id='word_1_484' title='bbox 817 2047 825 2062; x_wconf 92' lang='lat'><em>:</em></span> <span class='ocrx_word' id='word_1_485' title='bbox 842 2036 899 2073; x_wconf 80' lang='lat' dir='ltr'>Qui</span> <span class='ocrx_word' id='word_1_486' title='bbox 909 2036 985 2074; x_wconf 75' lang='lat' dir='ltr'>facit</span> <span class='ocrx_word' id='word_1_487' title='bbox 998 2035 1118 2074; x_wconf 81' lang='lat' dir='ltr'>angelos</span> <span class='ocrx_word' id='word_1_488' title='bbox 1128 2046 1194 2064; x_wconf 83' lang='lat' dir='ltr'>suos</span> <span class='ocrx_word' id='word_1_489' title='bbox 1204 2037 1334 2074; x_wconf 80' lang='lat' dir='ltr'>spiritus,</span> <span class='ocrx_word' id='word_1_490' title='bbox 1344 2041 1372 2063; x_wconf 83' lang='lat' dir='ltr'>et</span> <span class='ocrx_word' id='word_1_491' title='bbox 1385 2037 1532 2063; x_wconf 83' lang='lat' dir='ltr'>ministros</span> <span class='ocrx_word' id='word_1_492' title='bbox 1544 2034 1776 2076; x_wconf 77' lang='lat' dir='ltr'>suosflammmn</span> 
     </span>
     <span class='ocr_line' id='line_1_67' title="bbox 216 2081 1778 2121; baseline 0 -11"><span class='ocrx_word' id='word_1_493' title='bbox 216 2084 292 2121; x_wconf 80' lang='lat' dir='ltr'>ignis</span> <span class='ocrx_word' id='word_1_494' title='bbox 307 2093 314 2108; x_wconf 88' lang='lat'>:</span> <span class='ocrx_word' id='word_1_495' title='bbox 327 2082 366 2110; x_wconf 79' lang='lat' dir='ltr'>acl</span> <span class='ocrx_word' id='word_1_496' title='bbox 381 2081 490 2109; x_wconf 81' lang='lat' dir='ltr'>Filium</span> <span class='ocrx_word' id='word_1_497' title='bbox 502 2088 599 2110; x_wconf 69' lang='lat' dir='ltr'>aretem</span> <span class='ocrx_word' id='word_1_498' title='bbox 617 2094 625 2108; x_wconf 90' lang='grc'>.-</span> <span class='ocrx_word' id='word_1_499' title='bbox 638 2082 772 2111; x_wconf 77' lang='lat' dir='ltr'>Thronus</span> <span class='ocrx_word' id='word_1_500' title='bbox 785 2089 850 2111; x_wconf 78' lang='lat' dir='ltr'>tuus</span> <span class='ocrx_word' id='word_1_501' title='bbox 864 2084 946 2111; x_wconf 83' lang='lat' dir='ltr'>Deus</span> <span class='ocrx_word' id='word_1_502' title='bbox 960 2085 991 2111; x_wconf 82' lang='lat' dir='ltr'>in</span> <span class='ocrx_word' id='word_1_503' title='bbox 1006 2083 1143 2111; x_wconf 63' lang='lat' dir='ltr'>saeculum</span> <span class='ocrx_word' id='word_1_504' title='bbox 1157 2083 1268 2120; x_wconf 82' lang='lat' dir='ltr'>soeculi,</span> <span class='ocrx_word' id='word_1_505' title='bbox 1281 2084 1367 2121; x_wconf 79' lang='lat' dir='ltr'>virga</span> <span class='ocrx_word' id='word_1_506' title='bbox 1378 2083 1535 2120; x_wconf 68' lang='lat' dir='ltr'>aequitatis,</span> <span class='ocrx_word' id='word_1_507' title='bbox 1546 2083 1633 2120; x_wconf 80' lang='lat' dir='ltr'>virga</span> <span class='ocrx_word' id='word_1_508' title='bbox 1644 2083 1727 2120; x_wconf 81' lang='lat' dir='ltr'>regni</span> <span class='ocrx_word' id='word_1_509' title='bbox 1736 2083 1778 2110; x_wconf 82' lang='lat' dir='ltr'>tui</span> 
     </span>
     <span class='ocr_line' id='line_1_68' title="bbox 217 2127 1777 2166; baseline -0.001 -9"><span class='ocrx_word' id='word_1_510' title='bbox 217 2128 350 2157; x_wconf 85' lang='lat' dir='ltr'>Dominus</span> <span class='ocrx_word' id='word_1_511' title='bbox 373 2127 483 2166; x_wconf 82' lang='lat' dir='ltr'>quidem</span> <span class='ocrx_word' id='word_1_512' title='bbox 495 2135 583 2156; x_wconf 84' lang='lat' dir='ltr'>noster</span> <span class='ocrx_word' id='word_1_513' title='bbox 598 2130 675 2157; x_wconf 86' lang='lat' dir='ltr'>Jcsus</span> <span class='ocrx_word' id='word_1_514' title='bbox 689 2129 815 2158; x_wconf 82' lang='lat' dir='ltr'>Chrictus</span> <span class='ocrx_word' id='word_1_515' title='bbox 830 2129 974 2158; x_wconf 80' lang='lat' dir='ltr'>adventum</span> <span class='ocrx_word' id='word_1_516' title='bbox 990 2140 1069 2158; x_wconf 89' lang='lat' dir='ltr'>suum</span> <span class='ocrx_word' id='word_1_517' title='bbox 1081 2129 1213 2158; x_wconf 81' lang='lat' dir='ltr'>carnalem</span> <span class='ocrx_word' id='word_1_518' title='bbox 1224 2129 1326 2157; x_wconf 84' lang='lat' dir='ltr'>exitum</span> <span class='ocrx_word' id='word_1_519' title='bbox 1335 2134 1421 2165; x_wconf 77' lang='lat' dir='ltr'>vocat,</span> <span class='ocrx_word' id='word_1_520' title='bbox 1431 2127 1500 2156; x_wconf 75' lang='lat' dir='ltr'>sicut</span> <span class='ocrx_word' id='word_1_521' title='bbox 1511 2127 1593 2156; x_wconf 84' lang='lat' dir='ltr'>habes</span> <span class='ocrx_word' id='word_1_522' title='bbox 1612 2137 1674 2156; x_wconf 91' lang='lat' dir='ltr'>cum</span> <span class='ocrx_word' id='word_1_523' title='bbox 1683 2127 1755 2156; x_wconf 75' lang='lat' dir='ltr'>dixit</span> <span class='ocrx_word' id='word_1_524' title='bbox 1772 2139 1777 2155; x_wconf 74' lang='grc' dir='ltr'>ε</span> 
     </span>
     <span class='ocr_line' id='line_1_69' title="bbox 218 2173 1778 2215; baseline -0.001 -12"><span class='ocrx_word' id='word_1_525' title='bbox 218 2175 301 2203; x_wconf 53' lang='lat' dir='ltr'>Eat-iit</span> <span class='ocrx_word' id='word_1_526' title='bbox 323 2176 373 2214; x_wconf 81' lang='lat' dir='ltr'>qui</span> <span class='ocrx_word' id='word_1_527' title='bbox 397 2176 523 2203; x_wconf 77' lang='lat' dir='ltr'>seminat</span> <span class='ocrx_word' id='word_1_528' title='bbox 535 2175 576 2202; x_wconf 80' lang='lat' dir='ltr'>ad</span> <span class='ocrx_word' id='word_1_529' title='bbox 587 2176 807 2210; x_wconf 59' lang='lat' dir='ltr'>seminandum</span> <span class='ocrx_word' id='word_1_530' title='bbox 822 2183 848 2205; x_wconf 86' lang='lat' dir='ltr'>et</span> <span class='ocrx_word' id='word_1_531' title='bbox 871 2176 979 2214; x_wconf 82' lang='lat' dir='ltr'>iterum,</span> <span class='ocrx_word' id='word_1_532' title='bbox 998 2177 1062 2215; x_wconf 86' lang='lat' dir='ltr'>Ego</span> <span class='ocrx_word' id='word_1_533' title='bbox 1075 2187 1095 2204; x_wconf 85' lang='lat' dir='ltr'><em>a</em></span> <span class='ocrx_word' id='word_1_534' title='bbox 1106 2177 1196 2204; x_wconf 80' lang='lat' dir='ltr'>Patre</span> <span class='ocrx_word' id='word_1_535' title='bbox 1209 2177 1286 2204; x_wconf 74' lang='lat' dir='ltr'>exivi</span> <span class='ocrx_word' id='word_1_536' title='bbox 1298 2182 1325 2204; x_wconf 82' lang='lat' dir='ltr'>et</span> <span class='ocrx_word' id='word_1_537' title='bbox 1337 2177 1417 2209; x_wconf 80' lang='lat' dir='ltr'>veni,</span> <span class='ocrx_word' id='word_1_538' title='bbox 1439 2181 1489 2203; x_wconf 87' lang='lat' dir='ltr'>etc.</span> <span class='ocrx_word' id='word_1_539' title='bbox 1499 2185 1505 2201; x_wconf 90' lang='lat'>:</span> <span class='ocrx_word' id='word_1_540' title='bbox 1517 2181 1542 2202; x_wconf 85' lang='lat' dir='ltr'>et</span> <span class='ocrx_word' id='word_1_541' title='bbox 1552 2173 1604 2202; x_wconf 87' lang='lat' dir='ltr'>hoc</span> <span class='ocrx_word' id='word_1_542' title='bbox 1617 2173 1645 2202; x_wconf 90' lang='lat' dir='ltr'>in</span> <span class='ocrx_word' id='word_1_543' title='bbox 1654 2173 1778 2213; x_wconf 86' lang='lat' dir='ltr'>plurimis</span> 
     </span>
     <span class='ocr_line' id='line_1_70' title="bbox 221 2219 1779 2259; baseline 0.001 -11"><span class='ocrx_word' id='word_1_544' title='bbox 221 2220 424 2259; x_wconf 77' lang='lat' dir='ltr'>Scripturarum</span> <span class='ocrx_word' id='word_1_545' title='bbox 435 2219 500 2248; x_wconf 87' lang='lat' dir='ltr'>locis</span> <span class='ocrx_word' id='word_1_546' title='bbox 515 2219 611 2259; x_wconf 83' lang='lat' dir='ltr'>poterit</span> <span class='ocrx_word' id='word_1_547' title='bbox 625 2221 750 2250; x_wconf 79' lang='lat' dir='ltr'>inveniri.</span> <span class='ocrx_word' id='word_1_548' title='bbox 761 2222 861 2251; x_wconf 87' lang='lat' dir='ltr'>Paulus</span> <span class='ocrx_word' id='word_1_549' title='bbox 875 2229 964 2251; x_wconf 82' lang='lat' dir='ltr'>autem</span> <span class='ocrx_word' id='word_1_550' title='bbox 978 2222 1117 2251; x_wconf 88' lang='lat' dir='ltr'>introitum</span> <span class='ocrx_word' id='word_1_551' title='bbox 1130 2222 1231 2251; x_wconf 81' lang='lat' dir='ltr'>Christi</span> <span class='ocrx_word' id='word_1_552' title='bbox 1245 2228 1324 2251; x_wconf 72' lang='lat' dir='ltr'>vocat</span> <span class='ocrx_word' id='word_1_553' title='bbox 1337 2221 1484 2250; x_wconf 79' lang='lat' dir='ltr'>adveutum</span> <span class='ocrx_word' id='word_1_554' title='bbox 1497 2243 1505 2257; x_wconf 89' lang='lat'>‚</span> <span class='ocrx_word' id='word_1_555' title='bbox 1521 2220 1611 2249; x_wconf 84' lang='lat' dir='ltr'>dicens</span> <span class='ocrx_word' id='word_1_556' title='bbox 1627 2231 1634 2247; x_wconf 90' lang='lat'>·.</span> <span class='ocrx_word' id='word_1_557' title='bbox 1651 2221 1721 2249; x_wconf 85' lang='lat' dir='ltr'>Cum</span> <span class='ocrx_word' id='word_1_558' title='bbox 1738 2222 1779 2249; x_wconf 87' lang='lat' dir='ltr'>in-</span> 
     </span>
     <span class='ocr_line' id='line_1_71' title="bbox 223 2266 1775 2309; baseline 0.001 -14"><span class='ocrx_word' id='word_1_559' title='bbox 223 2268 352 2295; x_wconf 65' lang='lat' dir='ltr'>traduxit</span> <span class='ocrx_word' id='word_1_560' title='bbox 366 2268 594 2306; x_wconf 77' lang='lat' dir='ltr'>Primogem&#39;tum</span> <span class='ocrx_word' id='word_1_561' title='bbox 610 2268 641 2295; x_wconf 84' lang='lat' dir='ltr'>in</span> <span class='ocrx_word' id='word_1_562' title='bbox 656 2269 753 2296; x_wconf 80' lang='lat' dir='ltr'>orbem</span> <span class='ocrx_word' id='word_1_563' title='bbox 765 2275 858 2297; x_wconf 79' lang='lat' dir='ltr'>terroe.</span> <span class='ocrx_word' id='word_1_564' title='bbox 875 2269 1017 2298; x_wconf 87' lang='lat' dir='ltr'>Introitum</span> <span class='ocrx_word' id='word_1_565' title='bbox 1029 2280 1091 2309; x_wconf 83' lang='lat' dir='ltr'>ergo</span> <span class='ocrx_word' id='word_1_566' title='bbox 1105 2269 1294 2298; x_wconf 79' lang='lat' dir='ltr'>assumtionem</span> <span class='ocrx_word' id='word_1_567' title='bbox 1308 2268 1394 2297; x_wconf 80' lang='lat' dir='ltr'>carnis</span> <span class='ocrx_word' id='word_1_568' title='bbox 1410 2268 1535 2307; x_wconf 81' lang='lat' dir='ltr'>appellat.</span> <span class='ocrx_word' id='word_1_569' title='bbox 1547 2266 1601 2296; x_wconf 82' lang='lat' dir='ltr'>Sed</span> <span class='ocrx_word' id='word_1_570' title='bbox 1615 2266 1713 2305; x_wconf 82' lang='lat' dir='ltr'>quaeris</span> <span class='ocrx_word' id='word_1_571' title='bbox 1724 2267 1775 2296; x_wconf 84' lang='lat' dir='ltr'>sor-</span> 
     </span>
     <span class='ocr_line' id='line_1_72' title="bbox 223 2313 1779 2356; baseline 0 -14"><span class='ocrx_word' id='word_1_572' title='bbox 223 2321 301 2351; x_wconf 73' lang='lat' dir='ltr'>tasse,</span> <span class='ocrx_word' id='word_1_573' title='bbox 317 2324 364 2342; x_wconf 87' lang='lat' dir='ltr'>cur</span> <span class='ocrx_word' id='word_1_574' title='bbox 381 2314 491 2351; x_wconf 82' lang='lat' dir='ltr'>talibus,</span> <span class='ocrx_word' id='word_1_575' title='bbox 507 2314 551 2343; x_wconf 76' lang='lat' dir='ltr'>vel</span> <span class='ocrx_word' id='word_1_576' title='bbox 565 2313 678 2343; x_wconf 84' lang='lat' dir='ltr'>diversis</span> <span class='ocrx_word' id='word_1_577' title='bbox 692 2321 783 2343; x_wconf 78' lang='lat' dir='ltr'>utatur</span> <span class='ocrx_word' id='word_1_578' title='bbox 797 2316 959 2346; x_wconf 81' lang='lat' dir='ltr'>nominibus.</span> <span class='ocrx_word' id='word_1_579' title='bbox 977 2317 1192 2356; x_wconf 79' lang='lat' dir='ltr'>Significationes</span> <span class='ocrx_word' id='word_1_580' title='bbox 1216 2315 1326 2355; x_wconf 83' lang='lat' dir='ltr'>quidem</span> <span class='ocrx_word' id='word_1_581' title='bbox 1347 2316 1481 2344; x_wconf 86' lang='lat' dir='ltr'>dictorum</span> <span class='ocrx_word' id='word_1_582' title='bbox 1504 2314 1650 2343; x_wconf 81' lang='lat' dir='ltr'>manisestae</span> <span class='ocrx_word' id='word_1_583' title='bbox 1666 2320 1738 2351; x_wconf 87' lang='lat' dir='ltr'>sunt,</span> <span class='ocrx_word' id='word_1_584' title='bbox 1753 2321 1779 2343; x_wconf 89' lang='lat' dir='ltr'>et</span> 
     </span>
     <span class='ocr_line' id='line_1_73' title="bbox 220 2361 1777 2403; baseline -0.001 -14"><span class='ocrx_word' id='word_1_585' title='bbox 220 2361 366 2390; x_wconf 76' lang='lat' dir='ltr'>secundum</span> <span class='ocrx_word' id='word_1_586' title='bbox 380 2361 446 2400; x_wconf 77' lang='lat' dir='ltr'>quid</span> <span class='ocrx_word' id='word_1_587' title='bbox 459 2361 618 2390; x_wconf 85' lang='lat' dir='ltr'>alterutrum</span> <span class='ocrx_word' id='word_1_588' title='bbox 632 2361 738 2390; x_wconf 80' lang='lat' dir='ltr'>dicatur</span> <span class='ocrx_word' id='word_1_589' title='bbox 750 2370 871 2402; x_wconf 54' lang='lat' dir='ltr'>apparet</span> <span class='ocrx_word' id='word_1_590' title='bbox 889 2363 1013 2392; x_wconf 86' lang='lat' dir='ltr'>Christus</span> <span class='ocrx_word' id='word_1_591' title='bbox 1027 2363 1138 2403; x_wconf 87' lang='lat' dir='ltr'>quidem</span> <span class='ocrx_word' id='word_1_592' title='bbox 1152 2363 1247 2392; x_wconf 84' lang='lat' dir='ltr'>merito</span> <span class='ocrx_word' id='word_1_593' title='bbox 1265 2363 1367 2392; x_wconf 68' lang='lat' dir='ltr'>exitum</span> <span class='ocrx_word' id='word_1_594' title='bbox 1384 2369 1474 2392; x_wconf 75' lang='lat' dir='ltr'>vocat:</span> <span class='ocrx_word' id='word_1_595' title='bbox 1486 2361 1552 2391; x_wconf 83' lang='lat' dir='ltr'>foris</span> <span class='ocrx_word' id='word_1_596' title='bbox 1564 2361 1635 2389; x_wconf 86' lang='lat' dir='ltr'>enim</span> <span class='ocrx_word' id='word_1_597' title='bbox 1646 2370 1750 2389; x_wconf 75' lang='lat' dir='ltr'>eramus</span> <span class='ocrx_word' id='word_1_598' title='bbox 1761 2371 1777 2388; x_wconf 77' lang='grc' dir='ltr'>ει</span> 
     </span>
     <span class='ocr_line' id='line_1_74' title="bbox 222 2406 1778 2451; baseline -0.001 -15"><span class='ocrx_word' id='word_1_599' title='bbox 222 2410 288 2443; x_wconf 88' lang='lat' dir='ltr'>Deo,</span> <span class='ocrx_word' id='word_1_600' title='bbox 301 2409 379 2437; x_wconf 90' lang='lat' dir='ltr'>sicuti</span> <span class='ocrx_word' id='word_1_601' title='bbox 393 2408 440 2447; x_wconf 85' lang='lat' dir='ltr'>qui</span> <span class='ocrx_word' id='word_1_602' title='bbox 452 2415 514 2437; x_wconf 88' lang='lat' dir='ltr'>sunt</span> <span class='ocrx_word' id='word_1_603' title='bbox 526 2415 601 2437; x_wconf 80' lang='lat' dir='ltr'>extra</span> <span class='ocrx_word' id='word_1_604' title='bbox 617 2409 718 2448; x_wconf 82' lang='lat' dir='ltr'>regales</span> <span class='ocrx_word' id='word_1_605' title='bbox 731 2409 806 2438; x_wconf 80' lang='lat' dir='ltr'>aulas</span> <span class='ocrx_word' id='word_1_606' title='bbox 816 2410 842 2438; x_wconf 91' lang='lat' dir='ltr'>in</span> <span class='ocrx_word' id='word_1_607' title='bbox 854 2410 970 2439; x_wconf 78' lang='lat' dir='ltr'>vinculis</span> <span class='ocrx_word' id='word_1_608' title='bbox 982 2411 1111 2451; x_wconf 82' lang='lat' dir='ltr'>colligati,</span> <span class='ocrx_word' id='word_1_609' title='bbox 1122 2411 1203 2450; x_wconf 85' lang='lat' dir='ltr'>etqui</span> <span class='ocrx_word' id='word_1_610' title='bbox 1218 2410 1317 2439; x_wconf 78' lang='lat' dir='ltr'>habent</span> <span class='ocrx_word' id='word_1_611' title='bbox 1331 2409 1403 2450; x_wconf 80' lang='lat' dir='ltr'>apud</span> <span class='ocrx_word' id='word_1_612' title='bbox 1416 2419 1504 2449; x_wconf 81' lang='lat' dir='ltr'>regem</span> <span class='ocrx_word' id='word_1_613' title='bbox 1515 2419 1564 2448; x_wconf 87' lang='lat' dir='ltr'>pro</span> <span class='ocrx_word' id='word_1_614' title='bbox 1580 2406 1666 2446; x_wconf 88' lang='lat' dir='ltr'>culpis</span> <span class='ocrx_word' id='word_1_615' title='bbox 1678 2406 1778 2445; x_wconf 87' lang='lat' dir='ltr'>aliqui-</span> 
     </span>
     <span class='ocr_line' id='line_1_75' title="bbox 221 2454 1777 2497; baseline -0.001 -14"><span class='ocrx_word' id='word_1_616' title='bbox 221 2456 272 2483; x_wconf 83' lang='lat' dir='ltr'>bus</span> <span class='ocrx_word' id='word_1_617' title='bbox 286 2455 431 2493; x_wconf 79' lang='lat' dir='ltr'>osfensam3</span> <span class='ocrx_word' id='word_1_618' title='bbox 450 2455 608 2496; x_wconf 85' lang='lat' dir='ltr'>hujusmodi</span> <span class='ocrx_word' id='word_1_619' title='bbox 624 2456 723 2496; x_wconf 84' lang='lat' dir='ltr'>quippe</span> <span class='ocrx_word' id='word_1_620' title='bbox 737 2467 751 2485; x_wconf 82' lang='lat' dir='ltr'>a</span> <span class='ocrx_word' id='word_1_621' title='bbox 766 2457 849 2496; x_wconf 79' lang='lat' dir='ltr'>regali</span> <span class='ocrx_word' id='word_1_622' title='bbox 863 2457 924 2485; x_wconf 76' lang='lat' dir='ltr'>aula</span> <span class='ocrx_word' id='word_1_623' title='bbox 937 2458 1001 2487; x_wconf 82' lang='lat' dir='ltr'>soris</span> <span class='ocrx_word' id='word_1_624' title='bbox 1012 2459 1114 2488; x_wconf 74' lang='lat' dir='ltr'>exclusi</span> <span class='ocrx_word' id='word_1_625' title='bbox 1134 2466 1193 2488; x_wconf 88' lang='lat' dir='ltr'>sunt</span> <span class='ocrx_word' id='word_1_626' title='bbox 1207 2458 1271 2497; x_wconf 89' lang='lat' dir='ltr'>:qui</span> <span class='ocrx_word' id='word_1_627' title='bbox 1287 2468 1349 2487; x_wconf 79' lang='lat' dir='ltr'>vero</span> <span class='ocrx_word' id='word_1_628' title='bbox 1363 2457 1480 2487; x_wconf 83' lang='lat' dir='ltr'>volucrit</span> <span class='ocrx_word' id='word_1_629' title='bbox 1503 2455 1561 2484; x_wconf 85' lang='lat' dir='ltr'>istis</span> <span class='ocrx_word' id='word_1_630' title='bbox 1572 2454 1677 2483; x_wconf 77' lang='lat' dir='ltr'>veniam</span> <span class='ocrx_word' id='word_1_631' title='bbox 1693 2454 1777 2494; x_wconf 84' lang='lat' dir='ltr'>impe-</span> 
     </span>
     <span class='ocr_line' id='line_1_76' title="bbox 221 2502 1777 2546; baseline 0 -15"><span class='ocrx_word' id='word_1_632' title='bbox 221 2510 300 2540; x_wconf 80' lang='lat' dir='ltr'>trare,</span> <span class='ocrx_word' id='word_1_633' title='bbox 316 2513 366 2531; x_wconf 87' lang='lat' dir='ltr'>non</span> <span class='ocrx_word' id='word_1_634' title='bbox 382 2504 498 2542; x_wconf 82' lang='lat' dir='ltr'>primum</span> <span class='ocrx_word' id='word_1_635' title='bbox 514 2505 584 2544; x_wconf 88' lang='lat' dir='ltr'>ipsos</span> <span class='ocrx_word' id='word_1_636' title='bbox 607 2505 632 2533; x_wconf 88' lang='lat' dir='ltr'>in</span> <span class='ocrx_word' id='word_1_637' title='bbox 654 2505 742 2534; x_wconf 84' lang='lat' dir='ltr'>aulam</span> <span class='ocrx_word' id='word_1_638' title='bbox 756 2506 825 2544; x_wconf 81' lang='lat' dir='ltr'>regis</span> <span class='ocrx_word' id='word_1_639' title='bbox 839 2505 994 2544; x_wconf 82' lang='lat' dir='ltr'>introducit,</span> <span class='ocrx_word' id='word_1_640' title='bbox 1010 2507 1055 2535; x_wconf 86' lang='lat' dir='ltr'>scd</span> <span class='ocrx_word' id='word_1_641' title='bbox 1070 2508 1126 2546; x_wconf 86' lang='lat' dir='ltr'>ipse</span> <span class='ocrx_word' id='word_1_642' title='bbox 1141 2507 1212 2536; x_wconf 79' lang='lat' dir='ltr'>sosas</span> <span class='ocrx_word' id='word_1_643' title='bbox 1225 2505 1371 2545; x_wconf 82' lang='lat' dir='ltr'>egreditur,</span> <span class='ocrx_word' id='word_1_644' title='bbox 1389 2505 1480 2543; x_wconf 80' lang='lat' dir='ltr'>ibique</span> <span class='ocrx_word' id='word_1_645' title='bbox 1499 2514 1560 2532; x_wconf 87' lang='lat' dir='ltr'>cum</span> <span class='ocrx_word' id='word_1_646' title='bbox 1574 2503 1611 2532; x_wconf 88' lang='lat' dir='ltr'>eis</span> <span class='ocrx_word' id='word_1_647' title='bbox 1625 2502 1777 2532; x_wconf 81' lang='lat' dir='ltr'>commiscet</span> 
     </span>
     <span class='ocr_line' id='line_1_77' title="bbox 223 2550 1774 2594; baseline 0.001 -17"><span class='ocrx_word' id='word_1_648' title='bbox 223 2550 415 2579; x_wconf 63' lang='lat' dir='ltr'>sermonicandi</span> <span class='ocrx_word' id='word_1_649' title='bbox 430 2551 576 2589; x_wconf 80' lang='lat' dir='ltr'>negotium,</span> <span class='ocrx_word' id='word_1_650' title='bbox 592 2563 676 2590; x_wconf 79' lang='lat' dir='ltr'>usquc</span> <span class='ocrx_word' id='word_1_651' title='bbox 687 2552 752 2582; x_wconf 90' lang='lat' dir='ltr'>dum</span> <span class='ocrx_word' id='word_1_652' title='bbox 767 2563 810 2581; x_wconf 85' lang='lat' dir='ltr'>eos</span> <span class='ocrx_word' id='word_1_653' title='bbox 825 2560 954 2582; x_wconf 81' lang='lat' dir='ltr'>correctos</span> <span class='ocrx_word' id='word_1_654' title='bbox 967 2553 1071 2591; x_wconf 74' lang='lat' dir='ltr'>reddat,</span> <span class='ocrx_word' id='word_1_655' title='bbox 1086 2562 1111 2583; x_wconf 82' lang='lat' dir='ltr'>ct</span> <span class='ocrx_word' id='word_1_656' title='bbox 1124 2554 1218 2594; x_wconf 80' lang='lat' dir='ltr'>dignos</span> <span class='ocrx_word' id='word_1_657' title='bbox 1233 2554 1330 2583; x_wconf 76' lang='lat' dir='ltr'>efficiat</span> <span class='ocrx_word' id='word_1_658' title='bbox 1344 2564 1396 2592; x_wconf 86' lang='lat' dir='ltr'>quo</span> <span class='ocrx_word' id='word_1_659' title='bbox 1409 2552 1478 2591; x_wconf 80' lang='lat' dir='ltr'>regis</span> <span class='ocrx_word' id='word_1_660' title='bbox 1492 2551 1578 2580; x_wconf 82' lang='lat' dir='ltr'>vultui</span> <span class='ocrx_word' id='word_1_661' title='bbox 1594 2550 1774 2591; x_wconf 75' lang='lat' dir='ltr'>repraescntari</span> 
     </span>
     <span class='ocr_line' id='line_1_78' title="bbox 223 2598 1773 2640; baseline 0.001 -15"><span class='ocrx_word' id='word_1_662' title='bbox 223 2604 380 2626; x_wconf 73' lang='lat' dir='ltr'>mercantur.</span> <span class='ocrx_word' id='word_1_663' title='bbox 395 2598 438 2626; x_wconf 64' lang='lat' dir='ltr'>Sic</span> <span class='ocrx_word' id='word_1_664' title='bbox 455 2598 532 2627; x_wconf 76' lang='lat' dir='ltr'>ctiam</span> <span class='ocrx_word' id='word_1_665' title='bbox 550 2599 674 2628; x_wconf 66' lang='lat' dir='ltr'>Christus</span> <span class='ocrx_word' id='word_1_666' title='bbox 694 2601 778 2630; x_wconf 82' lang='lat' dir='ltr'>essccit</span> <span class='ocrx_word' id='word_1_667' title='bbox 791 2613 796 2628; x_wconf 89' lang='grc'>.-</span> <span class='ocrx_word' id='word_1_668' title='bbox 810 2610 929 2639; x_wconf 75' lang='lat' dir='ltr'>egressus</span> <span class='ocrx_word' id='word_1_669' title='bbox 945 2601 1043 2640; x_wconf 75' lang='lat' dir='ltr'>quippe</span> <span class='ocrx_word' id='word_1_670' title='bbox 1059 2602 1092 2630; x_wconf 74' lang='lat' dir='ltr'>ad</span> <span class='ocrx_word' id='word_1_671' title='bbox 1108 2613 1163 2639; x_wconf 74' lang='lat' dir='ltr'>uos,</span> <span class='ocrx_word' id='word_1_672' title='bbox 1180 2602 1229 2632; x_wconf 83' lang='lat' dir='ltr'>hoc</span> <span class='ocrx_word' id='word_1_673' title='bbox 1243 2609 1279 2631; x_wconf 80' lang='lat' dir='ltr'>cst</span> <span class='ocrx_word' id='word_1_674' title='bbox 1293 2624 1300 2637; x_wconf 86' lang='lat'><em>,</em></span> <span class='ocrx_word' id='word_1_675' title='bbox 1315 2611 1419 2629; x_wconf 73' lang='lat' dir='ltr'>caruem</span> <span class='ocrx_word' id='word_1_676' title='bbox 1435 2610 1550 2629; x_wconf 76' lang='lat' dir='ltr'>sumens,</span> <span class='ocrx_word' id='word_1_677' title='bbox 1566 2605 1589 2627; x_wconf 81' lang='lat' dir='ltr'>ct</span> <span class='ocrx_word' id='word_1_678' title='bbox 1605 2599 1773 2637; x_wconf 77' lang='lat' dir='ltr'>colloquutus</span> 
     </span>
    </p>
   </div>
  </div>
 </body>
</html>
