1906 2846
243 158 311 201 55],
574 166 602 188 s.

632 165 772 187 JOANNJS
799 164 980 187 CHRYSOST.
1011 164 1168 190 Ancmm‘.
1198 167 1467 191 CONSTANTINOP.

240 243 296 260 rein
311 235 514 268 assequerentur
532 226 761 254 resurrectionem.
779 226 834 252 Cur
849 224 929 260 enim,
939 224 984 252 dic
1003 231 1020 254 C
1040 228 1133 263 ζῆσαι,
1156 229 1204 257 οὐκ
1231 229 1433 264 neonifio-qaam
1455 230 1503 257 οὐκ
1529 225 1580 267 ἆρα
1603 230 1644 258 ὅτι
1670 231 1806 270 κρείττονα

240 277 318 314 mihi,
333 286 393 304 cum
413 275 502 302 liceret
522 272 622 305 vivere,
639 270 804 298 noluerunt?
818 279 905 298 annon
920 270 983 307 quia

239 323 323 351 vitam
344 318 532 358 exspectabant
547 316 706 345 meliorem?
723 315 758 343 Et
773 315 820 353 qui
835 315 903 343 alios
919 326 983 344 sus-

240 368 351 395 citarant
360 388 368 401 ,
384 364 435 402 ipsi
450 363 519 391 mori
534 362 671 400 elegerunt
682 383 691 398 ,
713 367 742 388 ut
756 360 895 389 meliorem
910 371 982 389 asse-

238 418 380 450 querentur
414 408 634 437 resurrectionem
647 430 655 444 ,
683 417 736 435 non
765 406 846 435 talem
873 407 981 445 qualem

1038 273 1203 310 προσεδόκων
1218 274 1303 309 ζωήν,
1319 274 1372 303 Καὶ
1387 275 1410 302 οἱ
1426 273 1485 305 τοὺς
1495 274 1590 307 ἄλλους
1602 276 1809 311 ἀναστήσαντες,

1039 318 1112 346 αὐτοὶ
1133 317 1234 348 εἵλοντο
1250 321 1401 354 ἀποθανεῖν,
1415 317 1484 347 ὥστε
1511 319 1658 358 κρείττονος
1685 321 1805 350 ἀναστά-

1037 374 1103 396 σεως
1118 369 1217 403 τυχεῖν,
1231 366 1260 393 οὐ
1281 364 1416 400 τοιαύτης,
1433 364 1488 396 οἵας
1514 363 1547 392 τὰ
1569 364 1664 393 παιδία
1683 367 1734 394 τῶν
1759 379 1805 404 γυ-

1036 412 1144 438 ναικῶν.
1163 410 1296 439 Ἐνταῧθοί
1312 422 1357 448 μοι
1378 410 1506 438 δοκεῖκαὶ
1519 410 1563 438 τὸν
1579 410 1705 445 Ἰωάννην
1726 412 1809 439 αἰνίτ-

85 480 163 499 ᾸΜΗΗ(
174 491 180 498 Ἰ
238 459 313 498 pueri
329 457 482 486 mulierum.
495 456 545 484 Hic
559 454 626 484 mihi
641 454 752 484 videtur
764 461 789 483 et
801 455 930 484 Joannem
943 454 982 483 in-

87 511 179 537 itu-usta
206 514 226 529 ει
239 515 318 532 nuere
332 510 357 532 et
373 502 503 532 Jacobum
516 513 522 528 :
536 500 772 538 ἀποτυμπανῑσμός
786 499 858 528 enim
877 507 915 528 est
936 510 982 529 ca—

1036 458 1144 491 τεσθαι,
1158 457 1203 485 καὶ
1225 456 1255 485 τὸ
1267 456 1395 485 Ἰάκωέον
1408 468 1414 473 ·
1438 457 1677 494 ἀποτυμπανισμὸς
1698 456 1749 495 γὰρ
1763 457 1807 486 λέ·

90 542 95 559 ¹
140 542 143 560 1
1036 512 1110 538 γεται
1125 504 1139 530 ὁ
1153 502 1379 540 ἀποκεφαλισμός.
1394 501 1475 536 Ἐξῆν
1492 503 1579 535 αὐτοῖς
1593 505 1655 542 ὃρᾷν
1669 503 1713 531 τὸν
1724 503 1808 538 ἥλιον,

85 556 89 561 κ
101 551 136 560 ιΙΙΗ
148 549 178 560 *U*
188 550 224 561 c]-

85 578 130 599 1¹³⁰
143 577 205 593 1111117

238 552 303 591 pitis
313 550 473 590 amputatio.
490 548 599 577 Licebat
612 548 649 576 eis
663 547 756 577 videre
769 548 851 576 solem
861 569 869 583 ‚
883 547 981 576 licebat

238 607 289 625 non
306 596 475 634 redarguere,
491 601 515 622 ct
529 600 616 621 tamen
631 593 678 630 qui
693 593 760 621 alios
774 592 980 629 suscitaverant,

236 645 387 673 maluerunt
394 642 531 677 excedere,
542 648 570 669 ut
580 640 718 669 meliorem
725 647 929 678 assequerentur
937 651 979 669 re-

236 690 435 719 surrectionem.
452 689 499 716 56.
511 687 541 715 A
545 688 576 715 lii
588 697 658 715 vero
672 687 800 715 ludibria
809 693 837 715 et
853 688 979 715 verbera

237 738 357 774 arperti,
372 738 488 772 insuper
505 740 531 761 et
548 733 673 761 vincula
692 739 719 761 et
743 743 885 767 carceres,
901 733 980 771 lapi-

237 783 301 810 dati
311 788 390 817 szmt,
405 782 475 808 secti
490 785 567 813 sunt,
586 781 691 807 tentati
705 785 784 807 sunt.

276 829 305 856 5.
319 828 349 855 In
364 827 398 855 iis
412 825 518 861 desiuit,
533 825 561 853 in
575 825 617 862 iis,
628 825 750 863 inquam,
761 836 820 863 quae
830 832 903 853 erant
919 835 980 853 con-

233 873 368 913 junctiora
384 880 409 901 et
423 871 509 911 magis
522 871 676 900 familiaria.
693 871 755 900 Haec
774 871 846 900 enim
862 872 981 900 maxime

238 921 353 949 afferunt
370 919 574 948 consolationem
586 939 593 953 ,
616 917 723 956 quando
739 929 774 946 ex
793 917 887 947 eadem
902 928 982 947 causa

237 967 316 995 suerit
330 973 403 994 ortus
421 965 498 993 dolor
514 977 520 993 :
538 964 659 1002 alioquin
673 964 778 992 etiamsi
801 964 982 993 vehementius

237 1013 348 1049 dixeris,
365 1023 418 1041 non
434 1012 469 1041 sit
482 1018 571 1039 autem
587 1021 622 1039 ex
637 1010 731 1039 eadem
746 1021 825 1039 causa
839 1017 914 1038 ortus
930 1010 982 1039 do-

238 1059 288 1095 lor,
298 1059 367 1087 nihil
376 1057 470 1087 efficis.
481 1057 626 1096 Propterea
639 1056 666 1084 in
676 1055 728 1084 hoc
742 1055 812 1084 finiit
826 1055 983 1091 orationem,

238 1105 330 1134 dicens
345 1103 464 1139 vincula,
479 1112 608 1139 carceres,
620 1101 740 1137 verbera,
755 1100 943 1140 lapidationes,
954 1111 982 1129 ea

240 1152 353 1179 innuens
373 1160 432 1188 quae
453 1148 607 1177 acciderunt
627 1146 763 1186 Stephano
782 1153 807 1175 et
827 1146 980 1183 Zachariae,

239 1204 265 1225 et
283 1196 344 1225 ideo
360 1194 502 1234 subjunxit
524 1205 530 1220 ι
547 1195 585 1221 In
606 1194 750 1221 occisione
765 1192 860 1231 gladii
877 1194 985 1220 mortui

239 1249 314 1271 sunt.
337 1240 412 1276 Quid
428 1239 519 1268 dicis?
539 1238 585 1267 alii
606 1237 719 1276 quidem
735 1237 887 1275 effugerunt
899 1237 983 1265 aciem

239 1288 341 1327 gladii,
358 1287 404 1315 alii
414 1292 504 1314 autem
513 1284 611 1313 mortui
619 1291 681 1312 sunt
691 1284 718 1312 in
731 1283 863 1312 occisione
876 1283 983 1322 gladii?

239 1334 306 1373 quid
323 1342 362 1363 est
374 1333 448 1362 hoc?
469 1340 559 1360 utrum
575 1331 670 1360 laudas
680 1354 689 1369 ,
710 1338 801 1360 utrum
816 1330 959 1359 admiraris
970 1331 984 1359 ,⁹

239 1381 301 1417 hoc,
321 1391 354 1409 an
371 1378 464 1408 illud?
484 1377 616 1414 Maxime,
633 1377 730 1416 inquit,
746 1384 771 1405 et
791 1377 841 1405 hoc
855 1383 880 1404 et
895 1376 982 1412 iuud;

239 1427 290 1455 boc
306 1433 443 1464 tamquam
457 1424 533 1453 vobis
550 1423 693 1459 familiare,
709 1422 779 1450 illud
795 1429 895 1458 autem,
912 1432 982 1460 quo-

239 1473 313 1501 niam
327 1472 406 1500 etiam
417 1471 444 1498 in
457 1470 515 1509 ipsa
526 1476 610 1497 morte
623 1467 708 1496 valuit
719 1467 797 1502 fideS,
810 1474 835 1496 et
847 1474 886 1495 est
901 1473 984 1506 typus

239 1518 401 1546 futurorum.
418 1517 479 1544 Duo
493 1521 555 1543 sunt
569 1514 640 1542 enim
658 1513 725 1542 mira
741 1513 768 1541 in
786 1513 856 1547 fide,
872 1512 946 1550 quod
959 1519 984 1541 et

239 1574 336 1602 magna
350 1562 460 1597 efficiat,
476 1568 501 1589 et
515 1570 611 1599 magna
623 1559 752 1599 patiatur,
766 1566 791 1587 et
805 1558 875 1587 nihil
889 1569 916 1587 se
926 1559 983 1597 pati

240 1610 382 1638 existimet.
401 1609 456 1638 Nec
475 1614 558 1646 pote5‚
582 1606 684 1643 inquit,
703 1604 792 1633 dicere
807 1603 879 1643 quod
899 1611 983 1633 essent

1037 547 1094 581 ἐξῆν
1111 549 1198 580 αὐτοῖς
1211 548 1248 585 μὴ
1267 547 1384 586 ἐλέγξαι,
1400 547 1445 576 καὶ
1460 548 1531 585 ὅμως
1545 547 1645 576 εἵλοντο
1659 549 1809 584 ἀποθανεῖν,

1036 592 1081 621 καὶ
1097 595 1121 621 οἱ
1138 593 1333 628 ἀναστήσαντες
1344 593 1454 630 ἄλλους,
1470 593 1543 622 αὐτοὶ
1557 592 1658 622 εἵλοντο
1669 595 1809 622 ἀποθανεῖν

1036 637 1078 665 ἵνα
1093 638 1239 678 κρείττονος
1262 638 1429 671 ἀναστάσεως
1452 638 1577 677 τύχωσιν.
1592 638 1701 678 ‘'Ere-poi
1712 640 1739 667 δὲ
1760 641 1809 677 ἐμ-

1037 686 1162 722 παιγμῶν
1181 684 1225 713 καὶ
1244 684 1380 723 μαστίγων
1392 689 1485 724 πεῖραν
1498 684 1602 721 ἔλαῧον,
1615 685 1654 713 ἔτι
1669 685 1696 714 δὲ
1705 686 1809 723 δεσμῶν

1036 730 1082 758 καὶ
1110 731 1244 768 φυλακῆς,
1272 730 1448 765 ἐλιῡάσθησαν
1487 730 1651 770 ἐπρίσθησαν
1663 753 1671 767 ,
1705 731 1809 770 ἐπειρά<

1036 779 1145 811 σῦησαν.

1077 826 1123 855 Ἐν
1136 826 1237 860 τούτοις
1251 829 1369 867 τελευτᾷ,
1385 830 1410 857 ἐν
1425 832 1478 860 τοῖς
1493 826 1668 866 οἰκειοτέροις.
1680 826 1809 856 Μάλιστα

1036 871 1087 912 γὰρ
1107 876 1190 902 ταῦτα
1209 873 1282 912 φέρει
1302 873 1349 908 τὴν
1373 873 1558 912 παράκλησιν,
1572 872 1635 902 ὅταν
1656 874 1704 907 τῆς
1729 874 1809 907 αὐτῆς

1036 918 1182 951 ὑποθέσεως
1202 921 1218 953 ἡ
1238 918 1309 953 λύπη
1329 915 1356 958 ᾗ·
1378 919 1435 948 ἐπεὶ
1455 918 1504 947 κᾶν
1523 917 1695 957 σφοδρότερον
1717 917 1809 955 εἴπῃς,

1038 964 1075 1002 μὴ
1098 961 1115 1004 ᾗ
1139 965 1166 993 δὲ
1190 967 1220 994 ἐκ
1243 967 1290 1000 τῆς
1311 966 1393 999 αὔτῆς
1416 964 1564 997 ὑποθέσεως
1585 962 1808 1003 τεχθεῐσα,οὗδὲν

1037 1010 1170 1046 ἐποίησας.
1186 1010 1237 1039 Διὰ
1250 1014 1326 1040 τοῦτο
1347 1013 1382 1044 εἷς
1396 1014 1474 1040 τοῦτο
1487 1011 1531 1040 τὸν
1553 1010 1629 1049 λόγον
1644 1009 1809 1045 συνέκλεισε,

1037 1056 1123 1094 δεσμὰ
1136 1056 1230 1094 λέγων,
1242 1057 1367 1096 φυλακὰς,
1383 1057 1522 1095 μάστιγας,
1533 1056 1687 1094 λιθασμοὺς,
1696 1054 1730 1084 τὰ
1741 1054 1808 1084 κατὰ

1036 1102 1080 1130 τὸν
1100 1102 1249 1140 Στέφανον,
1267 1102 1300 1130 τὰ
1314 1101 1384 1130 κατὰ
1402 1102 1446 1130 τὸν
1461 1100 1600 1140 Ζαχαρίαν
1618 1100 1808 1138 αἷνιττόμενος’

1038 1148 1076 1176 διὸ
1090 1147 1231 1186 ἐπήγαγεν,
1244 1147 1290 1176 Ἐν
1309 1147 1379 1186 φόνῳ
1402 1147 1536 1187 μαχαίρας
1558 1147 1697 1175 ἀπέθανον.
1712 1146 1748 1175 Τί
1763 1146 1810 1174 λε’-

993 1217 1028 1237 249
1037 1205 1106 1231 γεις;
1119 1195 1142 1222 οἱ
1159 1194 1205 1231 μὲν
1220 1193 1312 1232 ἔφυγον
1328 1194 1447 1231 στόματα
1464 1193 1608 1232 μαχαίρας,
1619 1194 1642 1221 οἷ
1658 1193 1685 1221 δὲ
1698 1194 1725 1220 ἐν
1739 1192 1811 1231 φόνῳ

1002 1245 1020 1267 Α
1039 1239 1173 1278 μαχαίρας
1194 1239 1338 1274 ἀπέθανον,
1353 1238 1379 1267 τί
1400 1240 1456 1267 ἐστι
1477 1241 1570 1274 τοῧτο;
1584 1242 1658 1266 ποῖον
1679 1239 1810 1272 ἐπαινεῖς,

1037 1289 1111 1314 ποῖον
1133 1284 1285 1322 θαυμάζεις,
1304 1287 1380 1312 τοῦτο
1389 1306 1396 1319 ,
1417 1283 1434 1318 ἢ
1457 1285 1557 1318 ἐκεῖνο,
1572 1283 1626 1311 Nat
1635 1304 1642 1317 ‚
1663 1282 1743 1326 φησὶ,
1765 1283 1811 1311 καὶ

1036 1335 1112 1359 τοῦτο
1132 1332 1249 1358 κάκεῖνο·
1261 1331 1337 1358 τοῦτο
1352 1329 1410 1366 μὲν,
1422 1329 1462 1357 ὅτι
1476 1330 1539 1366 ὑμῖν
1553 1329 1658 1363 οἰκεῖον,
1667 1329 1750 1357 ἐκεῖνο
1765 1327 1792 1357 δὲ
1801 1350 1809 1365 ,

1037 1376 1077 1405 ὅτι
1090 1376 1135 1405 καὶ
1149 1376 1213 1415 πρὸς
1229 1374 1310 1409 αὐτὴν
1324 1374 1372 1409 τὴν
1395 1374 1518 1409 τελευτὴν
1533 1373 1641 1413 ἴσχυσεν
1661 1376 1678 1408 ἡ
1700 1373 1807 1409 πίστις,

1037 1422 1081 1450 καὶ
1095 1422 1175 1453 τύπος
1189 1421 1241 1448 τῶν
1258 1420 1405 1458 μελλόντων
1421 1419 1486 1448 ἐστι’.
1498 1419 1551 1448 Δύο
1562 1419 1612 1459 γάρ
1627 1421 1683 1449 ἐστι
1699 1419 1732 1448 τὰ
1746 1419 1809 1448 θαύ-

1039 1479 1111 1505 ματα
1124 1468 1171 1500 τῆς
1187 1465 1301 1498 πίστεως
1310 1488 1316 1499 ,
1328 1465 1369 1495 ὅτι
1381 1466 1425 1494 καὶ
1437 1465 1509 1494 ἀνύει
1521 1465 1625 1504 μεγάλα
1633 1487 1641 1500 ,
1653 1465 1698 1494 καὶ
1709 1464 1809 1504 πάσχει

1039 1512 1150 1550 μεγάλα,
1162 1511 1207 1540 καὶ
1219 1511 1260 1539 ὅτι
1273 1511 1346 1539 οὐδὲν
1359 1513 1465 1549 ἡγεῖται
1478 1511 1602 1549 πάσχειν.
1614 1510 1667 1539 Καὶ
1679 1512 1727 1539 οὔκ
1740 1509 1809 1550 ἔχεις

1039 1560 1130 1593 εἰπεῖν,
1145 1557 1233 1596 φησὶν,
1252 1557 1293 1586 ὅτι
1313 1556 1467 1597 ἁμαρτωλοί
1486 1568 1554 1588 τινες
1574 1552 1641 1591 ἦσαν
1664 1556 1710 1584 καὶ
1730 1557 1809 1585 οὖδα-

1040 1604 1110 1642 μινοί
1120 1616 1126 1621 ·
1141 1603 1189 1631 κᾶν
1204 1603 1255 1641 γὰρ
1270 1603 1313 1631 τὸν
1328 1602 1426 1641 κόσμον
1443 1602 1603 1641 ἀντιστήσῃς
1616 1601 1685 1639 ὅλον,
1697 1602 1810 1635 ἐκείνους

663 1710 839 1739 ΜΠΤῙΑΝΟ
858 1709 1116 1739 SCHOLASTICO
1138 1709 1390 1739 INTERPRETE.

242 1810 378 1838 meliorem
393 1806 613 1836 resurrectionem
624 1805 819 1844 adipiscantur.
834 1805 904 1833 Nam
919 1815 978 1841 cur,
990 1804 1034 1834 dic
1049 1805 1164 1841 1111111,111
1176 1805 1299 1844 praesenti
1314 1805 1368 1833 vita
1382 1804 1509 1833 nolebant
1525 1805 1639 1834 vivere?
1651 1815 1739 1835 nonne
1748 1806 1811 1844 quia

242 1856 377 1885 meliorem
390 1853 602 1894 exspectabant?
615 1860 645 1881 ut
657 1862 718 1880 cum
730 1852 795 1880 alios
809 1852 980 1888 suscitarent,
994 1852 1045 1891 ipsi
1062 1858 1150 1880 tamen
1166 1851 1235 1880 mori
1245 1851 1443 1880 desiderabant.
1459 1851 1570 1880 Clarum
1578 1861 1641 1891 ergo
1656 1859 1694 1881 est
1705 1852 1767 1890 quia
1780 1859 1812 1881 ut

243 1904 378 1932 meliorem
389 1901 610 1931 resurrectionem
624 1899 848 1939 adipiscerentur,
860 1909 912 1928 non
922 1899 1005 1938 enim[
1012 1901 1032 1935 f.
1043 1900 1144 1936 autem]
1154 1899 1244 1932 talem,
1257 1899 1363 1937 qualem
1373 1898 1593 1927 resurrectionem
1605 1906 1760 1938 acceperant
1770 1899 1810 1928 illi

242 1951 292 1979 filii
307 1951 416 1979 illarum
429 1948 582 1977 mulierum.
594 1948 627 1975 In
642 1947 694 1976 hoc
710 1947 769 1975 loco
781 1946 891 1975 videtur
908 1946 976 1975 mihi
997 1947 1059 1985 quia
1083 1948 1214 1977 Joannem
1229 1953 1254 1975 et
1269 1945 1398 1975 Jacobum
1412 1945 1557 1984 significat:
1572 1945 1698 1974 distentio
1710 1946 1812 1986 quippe

242 1998 343 2026 dicitur
363 1996 516 2025 decollatio.
534 1995 604 2023 Nam
629 2001 736 2033 possent
754 1993 847 2023 videre
866 1993 948 2022 solem
958 2016 966 2031 ,
980 2001 1089 2033 possent
1102 2004 1155 2022 non
1169 1993 1329 2032 redarguere
1342 2015 1349 2027 ‚
1360 1999 1385 2021 et
1401 1993 1537 2031 elegerunt
1551 1992 1637 2031 magis
1653 1993 1736 2030 mori,
1748 2003 1810 2021 cum

244 2045 293 2084 ipsi
315 2044 381 2073 alios
400 2043 576 2078 suscitarent,
591 2049 620 2070 ut
642 2041 781 2070 meliorem
806 2041 1029 2070 resurrectionem
1051 2041 1274 2081 adipiscerentur.
1290 2041 1358 2069 Alii
1372 2046 1472 2069 autem
1487 2041 1624 2077 ludibria,
1637 2047 1665 2069 et
1686 2042 1812 2070 verbera

243 2094 355 2132 εἶμεν-τί
365 2098 445 2129 sunt,
462 2093 580 2129 insuper
591 2096 618 2118 et
632 2089 757 2118 vincula
770 2096 797 2117 et
812 2099 954 2118 carceres.

295 2141 327 2168 In
343 2139 400 2168 istis
419 2138 484 2167 facit
497 2138 590 2173 finem,
605 2137 669 2176 quia
693 2137 811 2165 maxime
833 2136 877 2165 isti
891 2136 1018 2165 familiari
1037 2135 1216 2164 similitudine
1228 2135 1421 2175 jungebantur,
1438 2141 1464 2163 et
1480 2134 1600 2163 maxime
1611 2134 1667 2163 illis
1680 2135 1731 2163 ista
1745 2135 1812 2163 affe-

245 2188 339 2216 rebant
356 2185 573 2216 consolationem.
594 2184 710 2221 Quando
722 2184 793 2213 enim
807 2184 866 2222 quis
880 2184 909 2213 in
923 2183 1017 2213 eadem
1031 2194 1108 2213 causa
1118 2205 1126 2220 ‚
1137 2183 1180 2212 vel
1192 2183 1220 2211 in
1235 2182 1328 2212 eadem
1341 2182 1465 2222 passione
1479 2188 1525 2210 aut
1536 2181 1645 2210 tristitia
1659 2181 1795 2211 detinetur
1804 2205 1811 2218 ,

245 2236 369 2263 solatium
385 2245 420 2263 ex
430 2232 609 2263 similitudine
626 2231 812 2271 compatientis
830 2231 928 2272 accipit
943 2244 949 2259 z
964 2231 1085 2270 alioquin
1099 2241 1131 2260 ac
1145 2231 1167 2260 si
1180 2231 1297 2270 pejorem
1313 2230 1434 2268 aliquam
1446 2229 1600 2269 passionem
1611 2228 1686 2258 dicas
1697 2251 1706 2267 ,
1722 2229 1746 2258 si
1759 2239 1811 2258 11011

245 2294 278 2311 ex
291 2282 382 2311 eadem
398 2291 477 2310 causa
487 2286 545 2309 orta
559 2280 602 2317 sit,
613 2279 682 2308 nihil
697 2278 812 2318 prodest.
829 2281 972 2319 Propterea
983 2279 1010 2308 in
1026 2279 1076 2308 hoc
1090 2289 1238 2308 sermonem
1253 2288 1332 2307 suum
1346 2277 1492 2313 concludit,
1507 2276 1618 2306 vincula
1631 2276 1772 2306 nominans
1787 2284 1814 2306 et

246 2341 362 2359 carceres
372 2337 397 2358 et
413 2329 523 2358 verbera
537 2334 563 2356 et
579 2326 767 2366 lapidationes,
782 2326 949 2366 Stephanum
962 2327 1116 2365 significans
1128 2333 1154 2355 et
1168 2325 1336 2355 Zachariam.
1354 2325 1496 2364 Propterea
1511 2324 1639 2363 adjunxit
1658 2335 1665 2351 :
1681 2326 1720 2352 In
1733 2327 1811 2353 occi-

247 2380 327 2406 sione
339 2378 432 2416 gladii
449 2377 554 2404 mortui
575 2381 651 2404 sunt.
668 2373 744 2409 Quid
763 2373 855 2402 dicis?
869 2374 916 2403 alii
935 2374 1044 2413 quidem
1063 2375 1248 2413 effugaverunt
1263 2383 1309 2402 ora
1324 2372 1486 2412 gladiorum,
1499 2371 1547 2400 alii
1559 2381 1622 2400 vero
1639 2370 1667 2400 in
1682 2371 1813 2400 occisione

248 2424 332 2461 gladii
351 2424 512 2453 defecerunt.
529 2422 603 2459 Quid
616 2429 655 2450 est
669 2421 743 2450 hoc?
758 2421 825 2459 quid
836 2421 934 2450 horum
945 2422 1049 2459 laudas,
1061 2422 1128 2461 quid
1140 2421 1304 2450 admiraris?
1316 2421 1368 2450 hoc
1383 2430 1418 2448 311
1432 2419 1501 2448 11111(1
1511 2419 1525 2448 {⁵
1539 2419 1591 2456 Ita,
1606 2419 1724 2456 inquit**
1739 2430 1746 2446 :
1761 2418 1813 2447 hoc

248 2471 355 2508 quidem
369 2471 446 2499 vobis
460 2470 610 2510 proximius
631 2476 678 2505 est,
700 2467 771 2497 illud
789 2475 878 2496 autem
896 2468 1032 2498 laudabile
1047 2476 1093 2507 est,
1111 2469 1173 2508 quia
1189 2476 1214 2497 et
1228 2468 1297 2497 circa
1314 2468 1400 2507 ipsam
1415 2473 1528 2496 mortem
1541 2465 1682 2505 praevaluit
1693 2465 1770 2501 fides,
1784 2472 1810 2494 et

249 2524 329 2555 typus
339 2518 500 2548 futurorum.
512 2519 573 2546 Duo
584 2517 683 2557 quippe
697 2523 758 2545 sunt
772 2516 900 2545 miracula
910 2517 983 2554 fidei,
997 2518 1060 2555 quia
1073 2524 1097 2546 et
1115 2517 1240 2557 impetrat
1254 2526 1359 2556 magna,
1372 2522 1397 2545 et
1410 2515 1511 2554 patitur
1525 2523 1631 2552 magna,
1643 2519 1668 2542 et
1681 2513 1751 2542 nihil
1763 2524 1806 2543 re-

251 2571 325 2602 putat
342 2565 407 2603 pati,
424 2566 458 2593 Et
474 2577 525 2594 non
545 2565 653 2604 potestis
666 2565 762 2601 dicere,
780 2564 877 2602 inquit,
894 2565 955 2602 quia
972 2572 1121 2603 peccatores
1136 2564 1246 2603 quidam
1261 2571 1334 2594 erant
1347 2570 1372 2592 et
1388 2562 1484 2592 infimi.
1499 2561 1528 2591 Si
1540 2560 1610 2590 enim
1623 2560 1719 2590 exalia
1733 2568 1808 2600 parte.
