1860 2846
196 146 282 179 1030

194 216 310 255 Deipara
333 221 357 242 ct
369 221 472 251 semper
483 210 586 247 virgine
598 208 695 237 Maria.
710 208 820 237 Chorus
837 209 935 238 canit:

195 263 313 300 Dignum
326 267 364 288 ost
379 265 447 287 certe
463 264 486 285 tc
499 257 606 284 licat-am
620 254 765 294 praedicare
778 254 935 293 Deiparam.

197 308 249 335 Vel
267 306 344 344 quod
358 304 504 343 proprium
517 307 559 330 est
571 302 628 329 diei
638 302 764 329 canitur.

216 354 368 381 Dim-onas
381 352 411 377 in
427 349 550 377 circuitu
562 350 679 375 incenso
697 346 866 374 cohonestat
876 355 941 373 san·
957 351 975 373 D

197 406 274 427 clam
288 406 416 425 mensam
427 401 453 423 et
466 392 831 432 diptfclia.Defunctorum
845 397 939 419 aulem

197 452 223 472 e!
239 444 395 472 viventium
408 463 415 475 ,
432 450 553 478 quorum
567 438 644 475 vult,
661 439 829 465 memoriam
845 438 914 475 agit.

221 489 361 519 Sacerdos
374 494 469 516 autem
483 485 643 513 inclinatus
654 489 716 512 orat
733 489 841 512 secreto
854 495 863 512 :
875 483 939 511 Sau-

197 536 231 564 cti
247 534 358 565 Joannis
378 532 514 572 propheta:
527 553 534 567 ,
549 529 721 570 praecursoris
741 536 766 558 et
791 528 916 565 Baptista?
930 550 936 562 ‚

197 588 349 609 sauctorum
374 586 399 607 ct
421 577 567 606 celebrium
590 576 790 615 apostolorum,
806 574 888 603 sa'ncti
905 575 937 603 N.

197 627 275 666 cujus
290 625 448 654 memoriam
461 623 572 652 colimus
586 645 592 658 ,
605 629 630 651 et
648 622 768 651 omnium
787 627 939 649 sanctorum

200 681 306 702 tuorum
318 694 325 708 ,
341 681 455 710 quorum
469 669 591 709 precibus
606 675 715 708 protege
729 678 777 695 nos
786 690 793 703 ‚
806 668 880 695 Deus
893 689 900 702 ,
914 672 939 694 et

198 725 331 747 memento
343 717 464 746 omnium
479 716 527 754 qui
541 715 709 743 dormierunt
722 714 748 741 in
764 724 810 753 spe
823 723 940 741 resurre-

198 765 292 794 ctionis
315 765 377 793 vitaz
399 770 513 791 aeternae.
540 763 596 790 [lic
618 761 753 789 sacerdos
771 761 940 788 memoriam
960 770 977 792 E

198 813 258 849 agit
273 820 395 849 quorum
411 809 477 837 vult
490 810 622 836 vivorum
639 813 666 835 et
679 812 857 834 mortuorum
869 817 878 834 :
888 815 941 843 pro

200 858 277 885 vivis
292 857 379 884 dicit.-
393 855 445 883 Pro
457 854 557 887 salute,
572 852 742 892 protectione,
753 858 777 880 ct
790 851 942 880 remissione

201 909 368 942 peccatorum
381 901 450 929 servi
465 899 515 928 Dei
527 900 580 928 N..:
596 900 655 927 Pro
666 899 785 926 mortuis
793 898 862 925 dicit
872 909 882 927 .-
892 897 943 925 Pro

200 948 291 987 requie
310 954 334 976 et
358 946 512 975 remissione
530 945 624 974 animae
645 943 715 973 servi
729 943 768 972 tui
785 944 819 971 N.
834 944 863 971 Iu
885 943 944 971 loco

199 993 299 1029 lucido,
314 993 384 1021 uude
409 992 513 1030 aufugit
537 991 624 1026 dolor,
641 990 756 1028 gemitus
769 1012 776 1025 ‚
793 989 828 1018 da
845 989 886 1017 illi
901 1000 944 1018 re—

201 1039 291 1078 quiem
302 1040 374 1067 Dens
386 1045 483 1074 noster,
499 1044 523 1066 et
535 1038 576 1065 sac
590 1047 649 1064 eam
663 1035 799 1073 quiescere
813 1057 819 1071 ,
834 1035 879 1063 ubi
896 1035 943 1064 cir-

201 1092 363 1125 cumspectat
378 1085 468 1112 lumen
481 1083 572 1111 vultus
586 1082 636 1110 tui.
651 1081 740 1110 Etiam
757 1091 881 1120 rogamus
893 1088 920 1109 te
933 1104 941 1116 ,

201 1139 342 1167 memento,
358 1131 482 1166 Domine,
500 1129 586 1158 omnis
601 1128 769 1167 episcopatus
788 1127 944 1163 orthodoxi,

201 1189 294 1207 corum
318 1177 364 1215 qui
390 1183 459 1205 recte
479 1182 590 1204 tractant
608 1175 720 1203 verbum
743 1173 864 1202 veritatis
876 1179 943 1208 tuoe,

955 1206 989 1225 793
999 1218 1010 1227 r

896 146 1028 170 mrunm
1036 146 1050 168 ’ἱ
1058 160 1066 168 .

991 207 1025 237 Ὁ
1036 208 1114 247 χορὸς
1127 208 1235 247 ψάλλει·
1250 206 1333 240 Ἀξιόν
1348 209 1417 236 ἐστιν
1431 209 1466 240 ὡς
1484 209 1587 243 ἀληθῶς
1602 207 1755 248 μακαρίζειν

992 265 1020 282 σε
1036 253 1083 288 τὴν
1100 253 1242 283 Θεοτόκον·
1257 253 1274 288 ἢ
1290 253 1319 282 τὸ
1333 254 1379 287 -ι-’ῆς
1397 253 1507 292 ἡμέρας.

1032 343 1067 371 ‘O
1089 343 1205 375 διάκονος
1228 345 1307 381 θυμιᾷ
1327 341 1443 381 γύρωθεν
1461 340 1509 375 τὴν
1529 340 1605 378 ἁγίαν
1627 340 1757 379 τράπεζαν

992 390 1037 418 καὶ
1056 389 1089 418 τὰ
1102 389 1229 427 δίπτυχα·
1246 390 1297 416 τῶν
1317 400 1345 417 τε
1360 387 1558 425 κεκοιμημένων
1579 385 1624 415 καὶ
1639 386 1758 420 ζώντων,

992 431 1027 464 ὧν
1046 435 1183 474 βούλεται,
1198 433 1368 472 μνημονεύει.

1031 482 1065 509 ‘O
1089 481 1115 509 δὲ
1135 480 1217 519 ἱερεὺς
1237 479 1386 517 κλινόμενος
1407 479 1512 518 εὔχεται
1536 479 1682 516 μυστικῶς·
1704 478 1760 507 Τοῦ

991 526 1064 566 ἁγίου
1077 525 1198 555 Ἰωάννου
1213 529 1257 554 τοῦ
1275 525 1407 564 προφήτου
1418 548 1425 560 ,
1439 524 1589 563 προδρόμου
1605 524 1650 552 καὶ
1663 525 1760 561 βαπτι-

992 575 1068 607 στοῦ,
1091 573 1143 600 τῶν
1167 571 1247 610 ἁγίων
1263 571 1307 599 καὶ
1324 570 1503 610 πανευφήμων
1520 569 1673 599 ἀποστόλων
1684 592 1692 605 ,
1713 571 1759 598 τοῦ

991 618 1064 656 ἁγίου
1078 618 1161 654 τοῦδε,
1171 613 1199 646 οῧ
1212 617 1256 645 καὶ
1269 617 1312 652 τὴν
1327 617 1432 654 μνήμην
1445 617 1624 653 ἐπιτελοῦμεν,
1637 615 1683 644 καὶ
1694 614 1761 643 πάν-

992 676 1043 692 των
1058 664 1109 692 τῶν
1125 663 1206 701 ἁγίων
1222 674 1282 698 σου,
1297 664 1332 695 ὡς
1343 666 1400 694 ταῖς
1413 661 1524 694 ἱκεσίαις
1539 661 1679 699 ἐπίσκεψαι
1690 661 1761 698 ἡμᾶς

993 712 1006 738 ὁ
1020 710 1086 741 Θεὸς
1096 732 1103 745 ,
1116 709 1160 737 καὶ
1177 708 1307 746 μνήσθητι
1319 707 1423 736 πάντων
1439 709 1490 735 τῶν
1508 704 1761 745 προκεκοιμημένων

994 755 1036 785 ἐπ’
1048 755 1133 784 ἐλπίδι
1155 755 1322 786 ἀναστάσεως
1338 755 1406 788 ζωῆς
1424 752 1539 782 αἰωνίου.
1554 752 1684 781 Ἐνταῦθα
1699 753 1713 780 ὁ
1726 752 1761 779 ἱε-

996 801 1053 841 ρεὺς
1073 800 1230 838 μνημονεύει
1249 796 1284 828 ὧν
1303 800 1388 833 Θέλει,
1413 799 1514 832 ζώντων
1536 798 1580 826 καὶ
1598 796 1759 826 τεθνεώτων·

995 847 1061 886 ὑπὲρ
1081 846 1183 880 ζώντων
1205 845 1289 885 λέγει·
1310 845 1393 884 Ὑπὲρ
1415 843 1560 883 σωτηρίας,
1584 843 1760 882 ἐπισκέψεως,

996 893 1111 933 ἀφέσεως
1132 895 1183 921 τῶν
1200 893 1335 931 ἁμαρτιῶν
1359 894 1404 921 τοῦ
1424 891 1516 920 δούλου
1530 893 1574 920 τοῦ
1591 892 1660 919 Θεοῧ
1675 891 1758 919 τοῦδε

995 939 1080 978 (Υπὲρ
1093 941 1164 967 τεθνε
1174 937 1241 967 ὅτων
1253 938 1324 976 λέγει
1333 949 1339 954 ·
1360 936 1446 976 <Υπὲρ
1458 935 1628 969 ἀναπαύσεως
1643 935 1688 964 καὶ
1700 935 1762 974 ἀφέ-

997 997 1061 1017 σεως
1076 987 1123 1020 τῆς
1137 986 1222 1023 ψυχῆς
1237 987 1281 1012 τοῦ
1297 983 1388 1013 δούλου
1409 994 1470 1018 σου,
1494 986 1507 1012 ὃ
1528 983 1623 1014 δεῖνος·
1643 982 1670 1009 ἐν
1690 980 1762 1019 τόπῳ

997 1035 1129 1072 φωτεινῷ,
1144 1032 1204 1061 ἔνθα
1221 1032 1321 1070 ἀπέδρα
1335 1031 1405 1066 λύπη
1416 1054 1423 1067 ,
1436 1030 1593 1069 στεναγμὸς,
1611 1029 1763 1058 ἀνάπαυσον

998 1080 1076 1115 αὐτὴν
1092 1083 1105 1109 ὁ
1120 1081 1186 1112 Θεὸς
1198 1082 1287 1117 ἡμῶν,
1303 1079 1347 1107 καὶ
1362 1078 1510 1108 ἀνάπαυσον
1524 1077 1604 1112 αὐτὴν
1623 1076 1688 1105 ὅπου
1703 1076 1764 1104 ἔπι-

997 1131 1088 1155 σκοπεῐ
1102 1125 1131 1154 τὸ
1146 1127 1199 1164 φῶς
1217 1128 1261 1154 τοῧ
1276 1124 1416 1163 προσώπου
1432 1136 1487 1153 σου.
1510 1123 1571 1152 Ἔτι
1588 1123 1763 1162 παρακαλοῦ-

998 1172 1044 1209 μέν
1061 1183 1104 1207 σε,
1119 1172 1267 1209 μνήσθητι,
1283 1171 1377 1209 Κύριε,
1393 1170 1481 1204 πάσης
1495 1170 1642 1203 ἐπισκοπῆς
1656 1166 1765 1206 &pened-

201 1225 287 1254 omnis
303 1223 501 1263 presbyteratus
522 1229 546 1250 et
568 1221 594 1249 in
616 1220 722 1248 Christo
737 1219 906 1254 diaconatus,
920 1225 943 1246 et
964 1234 982 1255 Α
999 1229 1040 1251 ςου
1054 1220 1104 1246 τῶν
1122 1217 1331 1257 ὁρθοτομούντων
1346 1217 1389 1247 τὸν
1403 1217 1478 1254 λόγον
1495 1218 1541 1250 τῆς
1557 1217 1605 1250 σῆς
1619 1213 1762 1250 ἀληθείας,

203 1270 289 1299 omnis
300 1269 470 1298 sacerdotalis
487 1267 598 1296 ordinis.
624 1266 720 1295 Adhuc
744 1265 881 1294 offerimus
896 1264 944 1293 tibi

204 1318 275 1346 hunc
301 1315 486 1344 rationabilem
511 1314 614 1341 cultum
640 1323 688 1351 pro
712 1311 775 1339 orbe
797 1317 883 1345 terrae,
897 1321 945 1349 pro

205 1370 294 1391 sancta
305 1362 435 1391 catholica
451 1368 476 1390 et
490 1359 635 1399 apostolica
653 1357 836 1395 Ecclesia,pro
851 1356 883 1383 iis
899 1355 944 1393 qui

205 1410 324 1437 castitate
337 1415 362 1436 et
378 1414 449 1435 recto
462 1406 584 1434 instituto
601 1404 685 1432 vitam
698 1410 780 1441 agunt
795 1415 801 1419 ·
818 1412 865 1441 pro
882 1401 946 1429 fide-

205 1454 315 1482 lissimis
340 1460 365 1482 ct
387 1452 485 1480 Christi
501 1451 653 1479 amantibus
672 1448 883 1488 Imperatoribus
900 1458 948 1475 no-

207 1501 279 1535 stris,
290 1510 338 1538 pro
355 1506 408 1527 toto
419 1498 517 1536 palatio
530 1503 554 1525 et
567 1495 684 1524 exercitu
698 1495 808 1522 illorum
823 1505 828 1520 :
843 1492 948 1528 daulis,

206 1546 323 1574 Domine
334 1567 341 1579 ‚
356 1544 498 1583 pacificum
520 1541 672 1580 imperium,
687 1547 715 1568 ut
735 1547 760 1568 ct
773 1550 820 1567 nos
834 1539 861 1567 in
879 1539 950 1578 ipso-

207 1603 267 1620 rum
284 1590 492 1628 tranquillitate,
509 1588 627 1626 quietam
642 1586 725 1615 vitam
741 1595 851 1624 agamus
865 1607 872 1621 ‚
889 1595 950 1613 cum

205 1638 276 1667 omni
292 1637 387 1676 pietate
400 1643 423 1664 et
437 1635 582 1663 honestate.

252 1771 401 1798 Diaconus
435 1769 551 1807 quidem
578 1768 753 1795 convertitur
774 1765 813 1793 ad
839 1770 953 1803 portam

209 1819 303 1846 sancti
314 1816 478 1849 tribunalis,
490 1822 588 1842 lenens
600 1814 706 1842 stolam
719 1813 809 1841 tribus
820 1813 955 1840 extremis
972 1831 990 1853 B

210 1864 328 1901 digitis,
348 1869 375 1890 et
395 1862 464 1890 dicit
482 1873 489 1887 :
507 1860 540 1888 Et
560 1866 717 1888 cunctorum
738 1865 763 1886 et
787 1864 953 1886 cunctarum.

215 1910 324 1938 Chorus
348 1916 441 1937 aulem
463 1909 541 1935 canit
555 1919 564 1936 :
579 1906 615 1935 Et
627 1912 784 1934 cunctorum
805 1911 830 1932 et
843 1911 952 1932 cuncta-

209 1966 279 1984 rum.
297 1955 435 1984 Sacerdos
447 1960 543 1981 autem
555 1953 618 1980 alta
628 1961 701 1979 ‘voce
711 1951 780 1979 dit-it
792 1963 801 1980 .·
813 1951 842 1978 Iu
858 1949 954 1989 primis

211 2008 354 2037 memento,
372 2000 503 2034 Domine,
517 1996 709 2036 archiepiscopi
725 1996 807 2025 nostri
823 1997 858 2025 N.
874 2007 954 2034 quem

211 2046 340 2075 concedas
359 2046 385 2073 in
401 2044 525 2073 Ecclesiis
547 2043 600 2071 tuis
615 2053 670 2070 esse
684 2041 789 2070 salvum
804 2064 810 2077 ,
832 2041 951 2070 honora-

211 2099 280 2128 tum,
297 2102 400 2127 sanum,
414 2090 575 2128 lougaevum,
591 2095 661 2116 recte
673 2094 828 2116 tractantem
841 2087 954 2115 verbum

212 2138 331 2166 veritatis
358 2145 419 2166 tute.
447 2137 485 2164 Et
508 2136 648 2164 diaconus
666 2135 707 2162 ad
724 2136 848 2173 januam
872 2140 954 2162 stans

216 2184 286 2212 dicit
299 2196 308 2213 .·
323 2181 501 2213 Sacratissimi
529 2180 702 2219 metropolitae
717 2181 751 2209 N.
770 2186 822 2208 aut
835 2179 954 2219 episcopi

213 2231 246 2260 N.
258 2242 264 2257 t
279 2237 302 2258 et
315 2240 364 2269 pro
373 2229 498 2257 offerente
510 2237 584 2255 sacra
599 2226 667 2254 dona
682 2226 732 2254 ista
744 2226 863 2264 piissimo
874 2236 956 2254 sacer·

213 2276 275 2305 dote
291 2277 334 2305 N.:
349 2286 396 2314 pro
407 2274 492 2303 salute
504 2272 685 2312 piissimorum
701 2279 725 2300 et
740 2283 754 2300 a
770 2273 826 2300 Deo
841 2271 956 2300 custodi-

213 2331 303 2352 torum
319 2324 514 2361 Imperatorum
539 2326 688 2347 nostrorum
700 2340 709 2352 ,
723 2325 749 2346 et
763 2325 918 2346 cunctorum
931 2324 956 2346 et

215 2376 379 2398 cunctarum.
396 2367 508 2397 Chorus
524 2378 533 2395 .·
554 2365 590 2394 Et
612 2371 771 2394 cunctorum
799 2371 824 2394 et
851 2371 956 2393 cuncta-
974 2386 992 2408 C

215 2427 284 2444 rum.

253 2461 392 2490 Sacerdos
405 2465 469 2488 orat
480 2465 588 2487 secreto
603 2469 612 2487 :
622 2459 766 2493 Memento,
779 2455 905 2491 Domine,
922 2456 958 2484 ci-

215 2506 304 2535 vitatis
315 2528 323 2542 ,
335 2506 362 2533 in
377 2516 429 2543 qua
443 2504 611 2538 habitamus,
626 2511 651 2532 et
663 2502 750 2532 omnis
772 2502 846 2530 urbis
868 2513 898 2530 ac
913 2513 956 2530 re-

211 2554 297 2592 gionis
309 2576 317 2590 ‚
333 2559 459 2582 eteorum
474 2552 594 2590 quicum
614 2550 667 2579 fide
683 2550 709 2579 in
733 2550 798 2590 ipsis
816 2549 952 2579 habitant.

997 1264 1093 1295 παντὸς
1108 1267 1152 1292 τοῖα
1168 1262 1370 1302 πρεσόυτερίου,
1386 1264 1432 1296 τ’ῆς
1450 1264 1475 1290 εἶν
1493 1262 1600 1300 Χριστῷ
1616 1259 1764 1293 διακονίας,

997 1311 1042 1339 καί
1056 1310 1152 1342 παντὸς
1166 1313 1210 1339 τοῦ
1225 1311 1356 1347 ἱερατικοῦ
1375 1308 1519 1345 τάγματος.
1543 1306 1605 1336 Ἔτι
1620 1306 1766 1346 προσφέρο-

1000 1356 1046 1394 μέν
1062 1368 1101 1384 σοι
1115 1356 1161 1391 τὴν
1173 1355 1281 1393 λογικὴν
1297 1354 1394 1389 ταύτην
1406 1353 1530 1392 λατρείαν
1542 1353 1608 1392 ὑπὲρ
1619 1354 1667 1387 τῆς
1682 1354 1768 1381 οἰκου-

1001 1402 1094 1439 μένης,
1120 1400 1185 1440 ὑπὲρ
1206 1402 1253 1434 τῆς
1268 1400 1342 1438 ἁγίας
1364 1400 1505 1434 κιθολικῆς
1525 1399 1570 1428 καὶ
1590 1399 1767 1432 ἀποστολικῆς

1000 1448 1162 1482 ’[ἰκκλησίας
1172 1471 1178 1483 ,
1192 1447 1257 1486 ὑπὲρ
1273 1449 1324 1475 τῶν
1339 1449 1364 1476 ἐν
1377 1446 1468 1485 ἁγνείᾳ
1485 1445 1530 1474 καὶ
1543 1447 1626 1484 σεμνῇ
1645 1443 1768 1483 πολιτεία

1002 1493 1160 1531 διαγόντων,
1182 1492 1246 1532 ὑπὲρ
1268 1495 1319 1521 τῶν
1339 1491 1504 1521 πιστοτάτων
1524 1491 1569 1520 καὶ
1591 1489 1767 1530 φιλοχρίστων

1002 1542 1077 1577 ἡμῶν
1095 1539 1224 1578 βασιλέων
1234 1561 1241 1574 ,
1258 1538 1355 1571 παντὸς
1368 1540 1413 1566 τοῦ
1427 1536 1556 1565 παλατίου
1571 1536 1616 1564 καὶ
1627 1539 1672 1564 τοῦ
1689 1548 1772 1576 στρα-

1003 1585 1112 1614 τοπέδου
1128 1586 1210 1613 αὐτῶν
1220 1594 1227 1600 ·
1245 1584 1287 1617 δὸς
1302 1586 1404 1621 αὐτοῖς,
1427 1583 1523 1622 Κύριε,
1539 1582 1666 1622 εἰρηνικὸν
1682 1582 1712 1610 τὸ
1726 1584 1773 1620 βα-

1005 1631 1116 1666 σίλειον,
1138 1631 1180 1659 ςἱνα
1198 1631 1242 1660 καὶ
1263 1634 1339 1668 ἡμεῖς
1356 1632 1381 1659 ἐν
1400 1632 1432 1669 τῇ
1449 1629 1553 1669 γαλήνῃ
1574 1630 1659 1658 αὐτῶν
1674 1628 1773 1668 ἤρεμον

1005 1677 1049 1706 καὶ
1064 1677 1173 1715 ἡσύχιον
1189 1676 1244 1715 βίον
1259 1676 1389 1715 διάγωμεν
1409 1676 1481 1715 πάσῃ
1498 1676 1523 1703 ἐν
1539 1674 1660 1713 εὗσεὸείᾳ
1673 1673 1718 1703 καὶ
1732 1685 1775 1702 σε·

1008 1723 1126 1760 μνότητι.

1046 1769 1080 1797 Ὁ
1103 1767 1149 1806 μὲν
1171 1767 1288 1801 διάκονος
1305 1767 1455 1807 ἐπιστρέφει
1477 1766 1542 1806 πρὸς
1559 1766 1607 1802 τὴν
1629 1764 1708 1804 Θύραν
1727 1767 1773 1793 τοῦ

1007 1814 1080 1853 ἁγίου
1097 1814 1214 1852 βήματος
1225 1815 1328 1853 κρατῶν
1342 1813 1371 1842 τὸ
1387 1813 1499 1852 ὡράριον
1514 1816 1568 1844 τοῖς
1583 1811 1669 1850 τρισὶν
1686 1810 1777 1850 ἄκροις

1007 1860 1156 1893 δακτύλοις,
1173 1860 1219 1888 καὶ
1237 1859 1308 1897 λέγει
1321 1871 1327 1877 ·
1343 1858 1396 1888 Καὶ
1410 1859 1515 1886 πάντων
1528 1857 1572 1886 καὶ
1587 1859 1689 1886 πασῶν.
1701 1855 1735 1885 ‘O
1747 1856 1776 1884 δὲ

1006 1907 1083 1946 χορὸς
1097 1906 1191 1945 ψάλλει
1204 1917 1209 1922 ·
1226 1905 1278 1933 Καὶ
1300 1905 1404 1933 πάντων
1420 1904 1465 1933 καὶ
1478 1905 1580 1933 πασῶν.
1595 1902 1629 1932 ‘O
1648 1902 1676 1931 δὲ
1691 1901 1775 1940 ἱερεὺς

1005 1955 1131 1991 ἐκφωνεῖ·
1148 1951 1195 1980 Ἐν
1209 1951 1324 1991 πρώτοις
1345 1945 1474 1988 μνήσθητι
1486 1972 1494 1986 ,
1508 1949 1606 1988 Κύριε,
1618 1951 1664 1977 τοῦ
1682 1950 1778 1988 ἀρχιε-

1006 1997 1136 2027 πισκόπου
1147 1999 1239 2035 ἡμῶν,
1250 1999 1264 2025 ὁ
1281 1997 1362 2028 δεῖνος
1374 2006 1380 2012 ·
1393 1996 1420 2025 ὃν
1433 1995 1543 2035 χάρισαι
1558 1999 1616 2027 ταῖς
1632 1993 1718 2033 ἁγίαις
1730 2006 1775 2023 σου

1006 2043 1178 2079 Ἐκκλησίαις
1192 2044 1217 2072 ἐν
1233 2042 1323 2082 εἰρήνῃ
1340 2044 1423 2078 σῶον,
1436 2042 1541 2079 ἔντιμον
1551 2063 1559 2078 ,
1577 2042 1637 2079 ὑγιῆ
1647 2063 1656 2075 ,
1677 2052 1778 2079 μακρο-

1006 2089 1168 2130 ημερεύοντα
1182 2112 1189 2125 ,
1204 2090 1395 2128 ὀρθοτομοῦντα
1417 2088 1460 2116 τὸν
1479 2087 1556 2126 λόγον
1574 2089 1622 2122 τ’ἥς
1638 2088 1686 2122 σῆς
1707 2087 1777 2120 α’λη-

1008 2136 1085 2168 θείας.
1107 2135 1160 2164 Καὶ
1181 2137 1195 2164 ὁ
1217 2134 1334 2167 διάκονος
1355 2133 1420 2172 πρὸς
1441 2135 1474 2172 τῇ
1500 2133 1564 2172 θύρα
1590 2131 1666 2166 στὰς,
1685 2131 1777 2170 λέγει·

1008 2183 1063 2211 Τοῦ
1076 2202 1083 2215 ,
1099 2183 1112 2210 ὃ
1128 2182 1208 2214 δεῖνος
1221 2203 1230 2215 ,
1245 2179 1441 2220 πανιερωτοίτου
1458 2178 1652 2217 μητροπολίτου
1664 2199 1672 2214 ,
1685 2176 1702 2212 ἢ
1719 2179 1778 2206 ἐπι-

1008 2228 1121 2263 σκόπου,
1134 2227 1206 2259 ὅστις
1221 2227 1250 2255 ἂν
1265 2223 1282 2265 ᾖ
1294 2238 1300 2244 ·
1316 2226 1361 2255 καὶ
1373 2225 1438 2264 ὑπὲρ
1451 2228 1496 2254 τοῦ
1511 2224 1731 2264 προσκομίζοντος
1745 2223 1779 2253 τὰ

1009 2275 1071 2313 ἅγια
1091 2275 1162 2314 δῶρα
1185 2276 1282 2306 ταῦτα,
1308 2271 1498 2301 εὖλαὸεστᾶτου
1521 2270 1610 2309 ἱερέως
1622 2292 1630 2305 ,
1649 2272 1663 2299 ὃ
1678 2270 1777 2302 δεῖνος·

1008 2320 1076 2360 ὒπὲρ
1092 2319 1223 2358 σωτηρίας
1239 2321 1292 2347 τῶν
1308 2317 1501 2347 εὗσεὸεστοίτων
1527 2317 1572 2345 καὶ
1593 2316 1776 2355 θεοφυλοίκτων

1011 2366 1140 2405 βασιλέων
1165 2366 1241 2402 ἡμῶν
1253 2386 1260 2400 ,
1283 2364 1328 2393 καὶ
1341 2363 1446 2392 πάντων
1461 2362 1506 2392 καὶ
1520 2364 1624 2391 πασῶν.
1635 2361 1669 2391 Ὁ
1678 2361 1758 2402 χορός
1769 2371 1776 2377 ·

1010 2412 1063 2441 Καὶ
1078 2411 1184 2441 πάντων
1199 2411 1244 2439 καὶ
1260 2413 1364 2439 πασῶν.

1049 2457 1084 2487 ‘O
1099 2457 1180 2496 ἱερεὺς
1194 2456 1334 2495 ἐπεύχεται
1350 2456 1482 2493 μυστικῶς
1496 2465 1502 2472 ·
1517 2453 1668 2489 Μνήσθητι,
1685 2452 1779 2493 Κύριε,

1009 2506 1056 2538 τῆς
1077 2503 1178 2535 πόλεως
1190 2525 1197 2538 ,
1213 2504 1238 2531 ἐν
1254 2497 1272 2540 ᾗ
1288 2504 1465 2541 παροικοῦμεν
1475 2523 1483 2536 ,
1510 2499 1555 2529 καὶ
1576 2499 1664 2535 πάσης
1677 2499 1778 2531 πόλεως

1011 2550 1053 2579 καὶ
1074 2549 1178 2588 χώρας,
1192 2549 1236 2577 καὶ
1250 2551 1301 2577 τῶν
1315 2549 1341 2577 ἔν
1357 2547 1445 2576 πίστει
1463 2545 1604 2576 οἰκούντων
1620 2546 1648 2574 ἐν
1663 2546 1756 2577 αὐταῖς
1769 2549 1775 2554 “
