1886 2846
426 184 459 205 tx
488 184 593 206 Et‘tsr.
620 185 665 206 AD
692 184 856 208 HEBREOS.

84 255 137 278 νες,
151 244 208 273 εἰπέ
238 255 297 282 μοι,
323 239 390 278 ἦσαν
416 244 439 273 οἱ
461 245 619 282 οαυμαστοί;
635 246 694 285 οὐχὶ
717 246 812 279 Ἠλίας
840 248 852 274 ὁ

83 300 151 335 πλὴν
166 303 213 335 τ’ἥς
227 302 352 338 μηλ(·)τῆ’ς
362 300 444 338 μηδὲν
456 301 523 340 ἔχων
533 313 539 336 ;
551 303 610 342 οὐχὶ
620 302 784 339 Ἐλισσαῖος,
794 303 852 342 οὐχὶ

83 356 221 393 Ἰωάννης
237 357 337 392 Μηδεὶς
352 357 438 386 τοίνυν
454 358 521 387 ἔστω
545 360 665 391 ταπεινὸς
680 360 722 387 διὰ
744 360 835 388 πενίαν
845 373 850 377 ”

80 415 127 442 οὐκ
140 413 195 443 ἔστι
211 414 287 442 πενιά
303 416 319 449 ἡ
332 417 443 443 ποιοῦσα
458 416 579 444 ταπεινὸν
589 439 596 451 ,
614 416 682 444 ἀλλὰ
705 418 815 450 πλοῦτος
838 420 851 446 ὁ

81 471 184 498 πολλῶν
207 471 306 500 δεῖσθαι
325 472 544 510 xvirum-(mitum,
566 473 610 500 καὶ
636 474 742 505 πολλοῖς
756 473 850 502 εἰδέναι

81 526 192 566 χάριτας
207 527 369 566 βιαζόμενος.
382 528 418 557 Τι’
432 528 459 556 δὲ
473 532 518 557 τοῦ
532 529 632 558 Ἰακὼὸ
644 529 799 568 πενέστερον
809 526 850 565 ἦν,

82 584 140 612 εἶπέ
155 595 214 622 μοι,
228 583 255 617 ὃς
269 583 366 623 ἔλεγεν,
381 584 446 614 Ἐὰν
465 586 500 625 δῷ
525 597 569 623 μοι
595 587 690 625 Κύριος
705 587 782 627 ἄρτον
798 599 850 627 φκ-

82 644 152 678 γεῖν,
166 640 211 669 καὶ
223 641 327 679 ἱμάτιον
340 641 529 681 περιῧαλέσῡαι
540 656 546 677 ;
558 637 624 681 ΑἎρα
641 644 852 683 ἀπαῤῥηοίαστοι

81 692 149 732 ἦσαν
173 699 198 726 οἱ
217 698 278 737 περὶ
294 698 388 727 Ἠλίαν
412 699 456 727 καὶ
474 699 614 735 Ἰωάννην;
637 701 686 740 οὐχ
710 704 722 730 ὁ
749 701 795 739 μὲν
808 701 851 730 τὸν

83 753 185 794 Ἀχαὰὸ
199 754 326 793 ἤλεγχιεν,
341 757 354 783 ὁ
373 755 399 783 δὲ
415 755 458 784 τὸν
474 755 612 795 ‘Hpt-'J‘me
626 756 743 789 Ἐκεῖνος
754 757 852 796 ἔλεγεν,

82 812 140 840 Οὐκ
154 810 238 845 ἔξεο-,ί
252 823 293 840 σοι
304 812 374 851 ἔχειν
389 812 436 847 τὴν
448 817 558 852 γυναῖκα
568 813 706 842 Φιλίππου
720 816 765 843 τοῦ
777 816 851 843 αδελ-

81 871 129 907 φοῧ
143 879 202 897 σου·
214 871 228 897 ὁ
240 868 266 896 δὲ
277 868 372 902 Ἠλίας
382 869 446 909 πρὸς
457 869 500 898 τὸν
510 869 612 909 Ulnia&
624 870 690 907 μετὰ
703 870 852 909 παρῤησίας

81 925 178 962 ἔλεγεν,
190 926 249 954 Οὐκ
259 924 311 963 ἐγὼ
325 925 475 965 διαστρέφῃ)
487 926 530 954 τὸν
549 926 673 966 Ἰσραὴλ,
684 926 752 955 ἀλλὰ
765 926 795 955 σὺ
808 926 852 954 καὶ

81 983 95 1009 ὁ
106 975 173 1012 οἶκος
187 984 231 1009 τοῦ
245 981 343 1020 πατρός
357 993 411 1010 σου.
427 981 509 1020 (Ορᾷς
520 982 560 1010 ὅτι
572 985 648 1010 τοῦτο
668 984 767 1019 μᾶλλον
783 985 851 1010 ποιεῖ

81 1036 128 1071 τὴν
143 1037 302 1075 παῤῥησίαν,
318 1040 334 1072 ἡ
352 1037 438 1072 πενίας
456 1038 490 1066 Ὁ
503 1037 549 1074 μὲν
566 1038 617 1076 γὰρ
628 1038 750 1070 πλούσιος
766 1039 853 1070 δοῦλός

81 1095 166 1129 ἐστιν,
177 1092 314 1126 ὑπεύθυνος
337 1093 373 1121 ὢν
397 1093 493 1132 ζημία,
509 1094 554 1122 καὶ
581 1094 706 1134 παρέχων
721 1095 800 1122 παντὶ
815 1097 851 1133 τῷ

81 1149 230 1188 βουλομένῳ
245 1151 332 1182 κακῶς
344 1149 421 1178 αὐτὸν
437 1154 534 1178 ποιεῖν·
550 1152 562 1178 ὁ
579 1150 605 1178 δὲ
618 1150 700 1188 μηδὲν
711 1151 789 1189 ἔχων,
802 1150 849 1185 δή-

81 1217 172 1243 μευσιν
186 1207 215 1234 οὗ
230 1205 343 1234 δέδοικεν
358 1204 416 1233 οῦδὲ
430 1206 587 1240 καταδίκην.
609 1207 667 1234 Οὐκ
682 1206 713 1234 ἂν
728 1202 782 1242 οὖν,
797 1207 819 1235 εἷ
833 1209 848 1240 ἡ

81 1261 158 1290 πενία
177 1261 259 1290 ἐποίει
284 1262 530 1300 ἀπαρῥησιοὶστους,
551 1264 565 1290 ὃ
587 1262 699 1301 Χριστὸς
719 1262 786 1300 μετὰ
801 1275 849 1292 πε-

82 1317 137 1349 νίας
151 1317 253 1355 ἔπεμπε
275 1317 334 1350 τοὺς
360 1317 478 1355 μαθητὰς
503 1319 538 1350 εἷς
561 1324 674 1358 πρᾶγμα
699 1320 850 1360 παῤῥησίας

82 1375 180 1408 πολλῆς
201 1374 331 1412 δεόμενον.
341 1373 448 1413 Σφόδρα
463 1374 512 1413 γὰρ
533 1375 638 1414 ἰσχυρὸς
650 1378 663 1403 ὁ
674 1376 755 1412 πένης
778 1377 849 1412 ἐστὶ,

81 1430 127 1459 καὶ
137 1431 184 1460 οὐκ
195 1430 250 1469 ἔχει
264 1430 321 1460 ὅθεν
335 1432 447 1471 ἀδικηθῇ
457 1454 464 1466 ‚
478 1430 494 1466 ἢ
510 1431 582 1470 πάθῃ
593 1435 690 1465 κακῶς.
709 1432 744 1462 ‘O
760 1433 848 1470 μέντοι

81 1486 201 1520 πλούσιος
214 1487 378 1526 πανταχόθεν
391 1488 547 1527 εὐχείρωτος
556 1488 713 1518 καθίσταται
720 1501 725 1506 ·
734 1489 780 1517 καὶ
787 1491 848 1518 ταύ-

79 1542 123 1571 τὸν
135 1542 251 1580 γίνεται,
267 1539 318 1572 οἷον
332 1543 363 1572 ἄν
380 1555 417 1576 τις
436 1545 480 1573 τὸν
494 1545 580 1574 πολλὰ
596 1546 698 1584 σχοινία
723 1547 848 1585 ἐπισυρό-

80 1609 157 1635 μενον
177 1599 220 1627 καὶ
235 1599 341 1638 μακρὰ,
364 1601 457 1640 ῥαῗίως
481 1602 549 1637 ἕλοι,
576 1602 619 1631 τὸν
639 1602 728 1640 μέντοι
751 1602 847 1641 γυμνὸν

80 1656 126 1683 οὐκ
137 1655 248 1689 εὐκόλως
261 1661 404 1696 καταπλεῖν
418 1658 566 1692 δυνήσεται.
581 1658 660 1687 Οὕτω
676 1658 722 1687 καὶ
735 1660 847 1688 ἐνταῦθα

79 1712 121 1740 ἐπὶ
140 1716 184 1742 τοῦ
206 1715 330 1743 πλουσίου
354 1714 507 1752 συμόαίνει·
538 1715 705 1753 ἀνδράποδα,
727 1716 845 1754 χρυσίον,

884 185 962 206 cst».
989 185 1024 207 x.
1054 185 1172 208 1101111..
1198 185 1300 208 xvui.
1585 176 1652 210 253

910 246 985 274 nilu‘l
1001 247 1156 284 habentes,
1175 254 1202 276 et
1223 250 1323 276 omnia
1340 248 1530 287 possidentes.
1548 248 1581 277 Et
1598 249 1650 277 Pe-

909 299 965 320 trus
979 292 1085 321 dicebat
1108 293 1131 322 01
1147 293 1194 331 qui
1214 301 1269 322 erat
1293 293 1405 322 claudus
1420 300 1517 323 natus:
1538 294 1651 334 Argen-

861 350 896 368 177
908 345 968 366 tum
981 345 1120 367 elattrllm
1133 350 1192 367 non
1202 346 1243 369 est
1257 341 1337 368 mihi.
1350 341 1380 368 ln
1399 340 1457 379 ipso
1472 351 1578 378 quoque
1593 342 1650 370 Ve-

871 379 889 400 A
908 384 969 422 teri,
986 384 1031 412 ubi
1047 384 1074 412 in
1087 383 1264 413 admiratione
1276 385 1446 414 habebantur
1455 385 1573 420 divium,
1589 386 1650 423 qui-

906 441 967 459 nam
981 453 989 467 ,
1005 441 1094 469 quaeso
1112 454 1121 466 ‚
1140 438 1214 459 erant
1229 431 1400 460 admirabiles
1416 432 1428 460 Ρ
1448 442 1536 460 31111011
1550 432 1626 461 Elias
1638 455 1646 465 ,

905 477 952 514 qui
974 476 1042 505 1111111
1058 476 1173 505 habebat
1189 483 1285 516 praeter
1300 477 1395 516 pellem
1409 477 1545 506 ovillam?
1561 488 1648 505 annon

908 521 1036 560 Elisaeus,
1051 532 1138 551 31111011
1159 524 1274 552 Joannes
1288 523 1300 551 {¹
1314 524 1398 551 Nemo
1413 533 1476 562 ergo
1487 524 1522 551 sit
1536 523 1648 551 humilis

907 575 931 596 et
944 568 1063 608 abjectus
1077 575 1187 608 propter
1199 575 1382 608 paupertatem
1395 580 1401 596 z
1416 579 1468 597 non
1483 576 1521 597 est
1533 579 1648 608 pauper-

908 620 947 641 tas
959 624 1018 652 quae
1029 614 1093 642 facit
1109 613 1239 643 humilem
1250 637 1258 651 ,
1280 614 1325 643 sed
1340 614 1444 643 divitia:
1469 625 1527 652 quae
1548 621 1648 653 cogunt

907 670 983 698 egere
993 660 1095 695 multis,
1109 667 1133 689 et
1154 660 1317 700 compellunt
1338 667 1367 688 111
1381 661 1474 689 multis
1497 660 1648 689 habeantur

909 706 1008 745 gratiae.
1031 707 1106 743 Quid
1121 714 1177 736 erat
1201 707 1301 736 Jacobo
1323 707 1484 746 pauperius,
1498 706 1543 735 dic
1563 706 1648 742 mihi,

908 753 953 791 qui
975 753 1098 787 dicebat,
1112 754 1142 783 Si
1156 754 1302 782 Dominus
1317 754 1389 782 mihi
1413 754 1524 782 dederit
1541 763 1648 792 panem

908 799 949 827 ad
970 800 1188 835 comedendum,
1210 806 1237 828 et
1256 806 1367 828 vestem
1390 800 1431 827 ad
1444 800 1648 828 induendum?

908 846 980 873 Num
994 856 1057 884 crgo
1070 846 1176 875 fiduciae
1191 853 1215 874 et
1237 845 1364 884 loquendi
1379 846 1510 874 libertatis
1527 852 1650 885 expertes

907 898 981 919 erant
991 891 1065 920 Elias
1075 898 1100 920 et
1113 893 1229 921 Joannes
1244 892 1257 920 ἶ)
1272 902 1359 920 annon
1374 892 1420 920 ille
1433 891 1542 930 quidem
1559 892 1649 931 arguit

909 936 1013 972 Achab,
1030 937 1075 965 1110
1089 947 1151 965 vero
1163 937 1294 966 Herodem
1306 938 1319 966 ἶ)
1338 938 1388 966 Hic
1402 937 1517 975 dicebat,
1532 939 1600 967 Non
1614 939 1648 967 li-

909 986 953 1008 cet
967 982 1021 1008 tibi
1039 981 1146 1008 habere
1163 991 1282 1009 uxorem
1308 982 1439 1020 Philippi
1451 983 1563 1020 fratris
1580 985 1623 1011 tui
1639 994 1647 1009 .-

908 1025 983 1052 Elias
1002 1032 1091 1053 autem
1106 1025 1189 1054 libere
1208 1033 1233 1054 et
1254 1027 1418 1055 confidenter
1431 1027 1503 1056 dixit
1523 1027 1649 1065 Achabo,

907 1071 976 1098 Non
989 1080 1040 1109 ego
1052 1077 1185 1108 perverto
1199 1072 1305 1106 Israel,
1322 1073 1374 1100 sed
1385 1079 1415 1100 tu
1430 1079 1457 1101 et
1476 1074 1578 1102 domus
1591 1084 1647 1112 pa-

908 1118 960 1145 tris
976 1118 1026 1145 tui.
1053 1115 1138 1146 Vides
1149 1116 1222 1154 quod
1241 1117 1292 1146 hoc
1312 1118 1398 1156 magis
1417 1119 1501 1147 efficit
1522 1119 1648 1158 loquendi

905 1162 1067 1197 libertatem,
1081 1173 1178 1202 nempe
1192 1164 1355 1202 paupertas?
1368 1164 1438 1192 Nam
1449 1164 1526 1193 dives
1537 1165 1648 1203 quidem

906 1215 945 1237 est
961 1219 1063 1245 servu-5,
1079 1215 1108 1237 ut
1125 1208 1171 1246 qui
1186 1208 1286 1238 damno
1298 1209 1333 1238 sit
1345 1210 1489 1245 obnoxius,
1499 1218 1525 1239 et
1537 1212 1650 1240 cuilibet

904 1255 1004 1284 volenti
1025 1255 1143 1294 praebeat
1160 1262 1190 1283 ut
1211 1255 1261 1294 ipsi
1284 1256 1352 1284 male
1372 1256 1451 1284 saciat
1468 1257 1534 1294 :qui
1561 1264 1650 1286 autem

904 1301 972 1330 nihil
994 1301 1084 1337 habet,
1109 1312 1162 1330 non
1183 1302 1257 1331 timet
1281 1301 1413 1330 bonorum
1428 1303 1649 1342 publicationem,

904 1360 989 1388 neque
1009 1349 1268 1379 condemnationem.
1285 1350 1316 1379 Si
1334 1350 1423 1388 itaque
1434 1357 1578 1390 paupertas
1589 1352 1650 1380 cffi-

904 1403 973 1425 ceret
982 1396 1105 1425 homines
1119 1403 1148 1425 ut
1162 1404 1280 1425 carerent
1294 1397 1420 1436 loquendi
1433 1397 1557 1427 libertate
1571 1421 1579 1436 ,
1597 1409 1649 1427 111-11

903 1442 1017 1471 misisset
1026 1443 1149 1471 Christus
1158 1442 1307 1482 discipulos
1317 1453 1377 1471 cum
1386 1451 1543 1483 paupertate
1550 1444 1584 1473 ad
1593 1455 1648 1473 rem

904 1488 988 1516 multa
1001 1495 1121 1527 egentem
1131 1488 1253 1517 libertate
1264 1489 1400 1527 loquendi.
1411 1491 1517 1529 Pauper
1527 1490 1600 1519 enim
1609 1498 1648 1519 est

904 1534 981 1564 valde
995 1534 1083 1570 fortis,
1101 1542 1127 1564 et
1141 1545 1193 1564 non
1205 1535 1286 1564 habet
1297 1535 1369 1564 unde
1383 1535 1516 1564 afficiatur
1528 1537 1627 1576 injuria
1639 1560 1646 1571 ,

903 1588 949 1610 aut
959 1581 1024 1610 mali
1041 1581 1146 1620 aliquid
1167 1582 1293 1620 patiatur.
1314 1582 1399 1611 Dives
1413 1589 1504 1611 autem
1518 1589 1556 1611 est
1571 1583 1646 1612 omni

901 1637 935 1655 ex
947 1633 1022 1666 parte
1033 1633 1113 1666 captu
1132 1627 1238 1663 facilis;
1253 1634 1278 1655 et
1291 1627 1401 1666 perinde
1416 1635 1472 1665 051,
1495 1635 1526 1656 ut
1549 1628 1571 1656 si
1587 1629 1647 1666 quis

901 1681 972 1705 eum,
985 1671 1033 1709 qui
1050 1671 1151 1699 multos
1162 1677 1188 1700 et
1203 1671 1297 1710 longos
1308 1672 1390 1700 trahit
1409 1673 1493 1708 funes,
1509 1672 1586 1700 facile
1601 1683 1646 1701 ce-

901 1716 980 1755 perit,
997 1715 1101 1745 nudum
1112 1723 1201 1745 autem
1216 1717 1292 1745 facile
1308 1727 1358 1746 non
1371 1717 1646 1757 possitapprehende-

873 989 889 1010 B

502 1853 676 1881 MUTIANO
698 1852 948 1881 SCHOLASTICO
971 1851 1221 1881 INTERPRETF..

82 1962 244 2001 Tamquam
258 1965 332 1992 nihil
346 1965 495 2002 habentes,
505 1972 531 1994 et
547 1967 646 1993 omnia
659 1965 849 2004 possidentes
866 1963 900 1992 Et
916 1965 1011 1992 Petrus
1030 1962 1137 1990 dicebat
1150 1961 1183 1998 ei,
1196 1961 1242 1999 qui
1257 1972 1291 1989 ex
1307 1962 1452 1990 nativitate
1467 1972 1515 1990 sua
1531 1962 1644 1991 claudus

77 2015 132 2036 erat
146 2010 327 2049 :Argentum
338 2018 365 2039 et
379 2022 483 2040 aurum
497 2022 556 2040 non
571 2018 612 2040 est
626 2013 706 2040 mihi.
715 2011 750 2039 Et
763 2011 789 2039 in
802 2011 860 2049 ipso
874 2009 964 2039 Veteri
977 2009 1158 2041 Testamento,
1172 2006 1220 2035 ubi
1233 2006 1259 2035 in
1273 2006 1452 2035 admiratione
1463 2007 1642 2042 habebantur⁷

77 2062 102 2084 et
118 2063 191 2084 erant
204 2057 313 2095 quidem
329 2057 466 2087 mirabiles
476 2059 489 2086 ?
504 2069 590 2087 11011110
604 2058 680 2087 Elias
696 2065 792 2098 praeter
805 2056 961 2085 melotidem
981 2054 1049 2083 nibil
1063 2054 1178 2082 habebat
1189 2054 1202 2081 ,³
1216 2054 1310 2082 Nonne
1322 2053 1448 2089 Etisaeus,
1461 2064 1548 2082 nonne
1558 2055 1642 2084 Joan—

75 2102 140 2131 nes?
151 2105 234 2133 Nemo
252 2105 334 2144 igitur
349 2105 384 2134 sit
398 2106 510 2134 humilis
529 2113 639 2146 propter
653 2112 838 2145 paupertatem
854 2117 859 2131 :
874 2115 924 2132 non
945 2109 984 2131 est
999 2108 1142 2141 paupertas
1160 2111 1220 2139 quae
1241 2100 1303 2129 facit
1318 2101 1461 2137 humilem,
1475 2101 1520 2129 sed
1539 2101 1643 2130 divitica

75 2165 134 2193 quae
146 2159 244 2192 cogunt
258 2163 390 2192 quemque
401 2164 469 2193 opus
483 2153 582 2183 habere
593 2153 728 2193 plurimis,
742 2152 840 2181 multas
855 2158 942 2190 grates
958 2149 1055 2178 debere
1069 2147 1267 2187 compellentes.
1282 2148 1356 2182 Quid
1373 2148 1457 2178 Jacob
1469 2155 1525 2177 erat
1537 2160 1642 2189 paupe-

75 2201 140 2238 rius,
151 2201 196 2230 dic
207 2200 296 2228 mihi?
310 2200 356 2238 qui
370 2200 475 2229 dicebat
491 2214 496 2229 x
510 2201 540 2230 Si
554 2202 664 2229 dederit
676 2201 750 2228 mihi
760 2201 905 2228 Dominus
915 2207 1020 2236 panem
1032 2195 1190 2229 comedere,
1204 2201 1231 2222 et
1244 2197 1384 2223 amictum
1395 2196 1488 2224 indui.
1500 2196 1642 2235 Numquid

73 2247 130 2275 sine
146 2246 244 2275 fiducia
259 2254 335 2276 erant
351 2247 452 2281 Helias,
470 2254 495 2276 et
513 2247 648 2277 Joanncs?
662 2257 749 2275 nonne
770 2246 814 2274 illc
832 2244 942 2283 quidem
958 2242 1051 2272 Achab
1065 2241 1254 2280 redarguebat,
1268 2241 1312 2269 ille
1325 2248 1414 2270 31110111
1429 2242 1582 2271 Herodem?
1595 2244 1644 2273 lllc

72 2294 183 2332 quidem
198 2294 315 2331 dicebat,
323 2296 392 2324 Non
403 2295 475 2323 enim
488 2297 540 2324 tibi
551 2296 616 2324 licet
627 2296 734 2323 habere
744 2304 862 2323 uxorem
876 2294 981 2331 fratris
995 2293 1037 2320 tui
1047 2303 1056 2318 :
1068 2289 1158 2318 Helias
1171 2300 1235 2318 vero
1250 2289 1286 2318 ad
1305 2289 1398 2318 Achab
1411 2300 1473 2318 cum
1490 2290 1589 2320 fiducia
1602 2292 1643 2320 di-

73 2340 158 2377 cebat,
170 2342 236 2370 Non
251 2351 301 2380 ego
311 2349 444 2380 perverto
456 2343 565 2380 Israel,
575 2343 627 2371 sed
639 2348 669 2370 tu
685 2348 711 2370 et
725 2342 827 2369 domus
836 2341 928 2378 patris
941 2341 992 2368 tui.
1006 2337 1090 2367 vides
1100 2336 1161 2374 quia
1173 2336 1223 2365 hoe
1235 2336 1353 2364 maxime
1364 2336 1426 2364 facit
1437 2336 1576 2375 fiduciam,
1591 2338 1642 2368 hoc

72 2394 111 2416 est
131 2389 296 2428 paupertas?
308 2389 375 2418 Nam
391 2389 466 2418 dives
481 2400 574 2418 servus
595 2396 644 2423 est,
662 2388 795 2417 obnoxius
816 2394 924 2415 exstans
938 2384 1053 2422 damnis,
1066 2391 1091 2412 ct
1109 2383 1229 2412 tribuens
1245 2383 1317 2411 omni
1337 2383 1436 2412 volenti
1451 2395 1512 2413 eum
1527 2395 1622 2416 nocere
1635 2400 1640 2415 :

73 2434 119 2463 ille
131 2442 219 2464 autem
235 2435 303 2464 nihil
317 2436 426 2471 habens,
442 2436 664 2475 proscriptionem
684 2446 735 2464 non
753 2435 827 2463 timet
842 2444 925 2472 neque
939 2431 1197 2462 condemnationem.
1215 2431 1392 2468 Nequaquam
1413 2441 1476 2470 crgo
1497 2441 1644 2472 paupertas

75 2482 137 2511 facit
149 2483 206 2512 sine
219 2483 319 2513 fiducia
331 2495 387 2513 esse
402 2498 407 2512 2
421 2485 544 2513 Clu-istus
559 2492 647 2512 autem
664 2494 724 2512 cum
740 2489 895 2523 paupertate
908 2481 1030 2510 mittebat
1040 2480 1174 2520 apostolos
1186 2479 1212 2507 in
1227 2489 1333 2507 causam
1346 2479 1446 2508 fiducia
1460 2490 1528 2519 opus
1542 2480 1641 2511 haben·

74 2536 127 2558 tem
142 2531 234 2558 multa.
249 2531 335 2560 Valde
348 2532 419 2560 enim
433 2531 508 2559 sortis
525 2538 561 2559 est
577 2542 690 2570 pauper,
704 2537 729 2558 et
746 2541 796 2559 non
815 2529 894 2557 babet
909 2528 978 2557 unde
992 2528 1120 2567 iujuriam
1132 2526 1262 2566 patiatur,
1277 2526 1318 2553 vel
1331 2525 1452 2555 laedatnr.
1464 2526 1547 2556 Dives
1561 2529 1642 2558 undi—

76 2587 126 2615 que
140 2577 225 2606 facilis
238 2585 275 2607 est
289 2578 322 2607 ad
336 2578 526 2618 captivandum
539 2590 544 2605 :
557 2578 686 2616 contingit
700 2577 785 2607 eidem
805 2577 886 2605 veluti
908 2576 927 2605 si
943 2576 1041 2614 uliquis
1058 2576 1133 2603 funes
1149 2573 1236 2603 trahat
1249 2573 1348 2602 multos
1366 2580 1388 2601 et
1407 2573 1508 2612 longos,
1521 2581 1544 2602 et
1561 2575 1640 2604 facile

1664 299 1707 319 ‚flii
1730 299 1752 319 3,
1765 302 1786 319 11.

1662 765 1803 787 Gen.28.20.

1664 946 1738 967 ,Um-c.
1757 944 1780 966 6.

1666 976 1701 999 18.

1661 1085 1684 1107 3.
1698 1085 1757 1112 Reg.
1769 1085 1808 1107 13-

1667 1117 1702 1139 18.
