1906 2846
267 171 278 178 ,,

562 184 581 206 Ε
607 184 729 207 contet-2
757 184 928 207 VA'l'lC—XNO
955 184 1087 207 Ent't‘As.
1580 178 1600 213 “l
1612 171 1647 216 :7

86 244 153 274 illud
164 268 172 283 ,
187 246 283 275 Filius
304 257 340 275 ea:
357 257 386 275 se
404 249 464 286 ipso
481 248 557 276 nihil
569 248 644 286 facit
655 270 664 283 ‚
681 258 760 286 quem
777 246 895 286 primum
918 245 952 274 ab
972 245 1052 274 Erico
1065 246 1187 274 Benzelio
1203 245 1238 274 ad
1253 245 1333 274 [idem
1354 244 1422 274 Cod,
1443 244 1582 283 Auglicani
1598 243 1650 271 cdi-

86 299 143 321 tum
158 316 165 331 ,
182 294 405 323 tt'tonicfalconius
419 294 590 324 emendatum
611 306 644 324 ex
659 295 840 323 ottoboniano
853 294 1000 333 cxeiuplari
1013 294 1138 322 exhibuit
1155 301 1172 323 t.
1186 295 1205 321 (5
1216 316 1223 327 ‚
1240 305 1266 333 p.
1280 293 1349 331 255,
1363 302 1472 321 erronea
1492 299 1579 320 tamen
1595 291 1651 330 opi-

86 339 165 368 nione
181 340 333 369 Antiochia:
350 341 473 370 habitum
489 342 569 370 fuisse
589 342 641 371 sibi
664 348 838 381 persuaserat.
856 341 974 379 Respicit
991 340 1028 368 ihi
1049 351 1076 380 p.
1093 341 1149 369 255
1162 364 1169 375 ‚
1186 341 1229 375 1),
1247 339 1269 368 Ε
1285 347 1310 368 et
1325 351 1351 379 p.
1366 341 1425 368 ζ256
1437 362 1445 376 ‚
1463 338 1501 376 E,
1518 345 1606 367 orator
1621 348 1650 366 ca

85 397 137 424 qua
154 387 179 415 in
196 387 367 426 praecedenti,
382 389 438 429 ipsa
454 389 503 418 hae
519 390 652 429 praesenti,
668 391 794 418 concione
813 388 1018 428 disputaverat,
1033 390 1065 426 τῇ
1087 388 1203 427 προτέρᾳ
1220 387 1341 423 συνάξει,
1363 388 1433 425 etc.]

126 433 154 462 X
169 434 286 463 Homitia
301 435 404 464 decima
414 436 504 465 habita
518 437 569 465 fuit
583 438 608 465 in
626 436 734 465 ecclesia
746 436 877 475 Apostoli,
888 443 1029 475 postquam
1039 446 1120 464 senex
1133 434 1244 473 quidam
1260 435 1402 473 episcopus
1416 440 1476 461 ante
1490 432 1652 472 Chrysosto-

87 492 163 510 mutu
178 482 349 511 concionatus
363 484 464 512 fuerat:
480 485 607 523 quodque
621 483 818 513 observandum
832 491 881 517 est,
900 484 978 512 illum
994 493 1094 519 senem,
1113 489 1137 511 et
1150 493 1177 511 se
1188 483 1316 521 juvenem
1331 488 1419 516 vocat,
1436 481 1484 509 etsi
1498 491 1531 508 ex
1546 478 1651 517 vulgari

88 529 213 568 opinione
226 541 325 559 annum
339 533 376 561 537.
387 532 443 570 jam
455 543 577 560 emensus
590 539 653 560 crat.
667 532 794 571 [Minime
805 543 832 560 sc
845 531 882 560 ibi
892 532 1021 571 juvenem
1032 538 1119 560 vocat.
1135 530 1298 570 Episcopum
1310 529 1386 558 illum
1399 528 1464 557 dicit
1476 538 1584 567 corpore
1595 527 1653 564 qui-

89 576 152 604 dem
166 576 248 605 fuisse
267 588 355 606 senem
366 601 372 613 ,
385 579 511 618 juvenem
533 591 597 608 vero
620 579 711 607 animo
727 580 777 615 (P.
795 579 862 614 5⁸7,
887 580 909 607 D
923 583 939 612 J.
955 579 995 606 De
1009 577 1056 606 illo
1080 589 1133 606 uno
1148 578 1284 616 loquitur;
1299 576 1367 605 nihil
1387 586 1451 605 vero
1473 574 1507 603 de
1519 586 1546 603 se
1561 574 1627 613 ipso,
1641 575 1652 611 ]

90 622 287 660 Argumentum
300 631 389 652 autem
404 626 538 654 concionis
555 625 651 654 sumsit
661 636 695 654 ex
710 625 760 653 hoc
776 625 916 663 Evangelii
933 625 1017 662 dicto,
1034 626 1140 654 Messis
1155 625 1272 664 quidem
1292 624 1396 658 multa,
1414 623 1540 661 operarii
1554 627 1653 649 autem

90 671 188 708 pauci.
205 671 216 707 [
229 671 337 700 Dicitur
351 672 460 710 quidem
483 673 509 702 in
525 673 615 702 indice
629 673 740 701 homilia
758 672 814 701 hsce
830 673 920 701 habita
939 673 1018 701 fuisse
1031 674 1057 701 ἐν
1072 675 1104 711 τῇ
1122 672 1250 711 ἐκκλησίᾳ
1264 673 1296 711 τῇ
1310 672 1352 700 ἐπὶ
1365 673 1410 699 τοῦ
1426 668 1572 698 ἀποστόλου
1587 679 1592 695 :
1608 667 1654 695 sed

92 716 248 746 Mattbaeius
273 718 415 757 legendum
438 731 493 749 esse
515 721 626 760 putabat
648 723 680 758 τῇ
702 721 745 750 ἐπὶ
755 723 800 749 τοῦ
815 720 996 757 ἀποστολείου,
1011 727 1041 749 ut
1054 720 1251 758 significaretur
1270 718 1379 747 ecclesia
1397 718 1578 757 apostolorum
1598 724 1657 753 quae

92 764 144 792 fuit
159 765 400 806 Constantinopoli,
420 768 460 797 cui
478 770 635 808 conjecturae
650 768 735 808 ipsius
753 768 939 808 Chrysostomi
951 767 1032 797 verba
1044 767 1109 796 dicit
1123 768 1213 796 sarcre
1224 789 1232 802 ,
1246 777 1307 806 pag.
1321 766 1388 801 589,
1400 766 1432 802 C,
1450 765 1486 793 ita
1500 763 1658 793 concionan-

93 811 127 840 tis
138 824 144 840 :
160 815 195 846 εἷς
206 815 359 844 ἀποστόλων
372 816 571 856 παραγινόμεῦα
584 817 674 852 θήκας
689 819 790 856 ὁρῶμεν
808 817 892 845 αὐτῶν
905 816 938 844 τὰ
953 816 1092 855 τραύματα
1105 815 1150 844 καὶ
1163 815 1196 844 τὰ
1208 815 1351 853 στίγματα,
1365 810 1430 852 αἷμα
1443 813 1472 842 τὸ
1487 812 1542 852 ῥέον
1558 811 1588 840 τὸ
1599 822 1660 850 χρυ-

95 859 150 888 σίου
160 862 324 903 τιμιώτερον,
335 863 381 897 τὰς
389 865 502 899 ἁλύσεις,
513 865 559 899 τὰς
569 865 706 903 μάστιγας,
715 865 773 897 τοὺς
786 864 909 896 θανάτους
921 863 978 896 τοὺς
991 863 1190 903 καθημερινοὺς,
1204 862 1246 896 οὓς
1257 863 1321 902 ὑπὲρ
1330 864 1376 897 τῆς
1384 860 1545 896 Ἐκκλησίας
1555 859 1660 887 ἔπαθον·

94 907 139 936 τὸν
154 909 261 938 Παύλου
277 910 396 948 μαθητὴν
416 911 484 949 μετὰ
499 912 607 940 Παύλου
622 914 758 950 πανταχοῦ
776 910 974 950 περιτρέχοντα,
995 910 1039 938 καὶ
1057 912 1094 948 τῷ
1111 909 1261 949 διδασκάλῳ
1275 908 1478 949 παρισούμενον,
1493 906 1594 936 καὶτὸν
1614 904 1659 943 μό·

96 967 160 994 σχον
174 958 212 995 τῷ
226 956 314 997 ταύρῳ
330 958 557 996 συμῖἱεὲλημένον·
572 959 615 987 τὸν
628 961 673 986 τοῦ
688 958 791 997 πρώτου
804 960 855 986 τῶν
869 957 1021 986 ἀποστόλων
1036 957 1155 996 ἀδελφὸν,
1168 957 1211 985 τὸν
1226 956 1301 985 ἁλιέα
1312 956 1354 984 τὸν
1367 955 1484 994 σαγήνην
1501 954 1662 982 ἁπλώσαντα

96 1002 141 1031 καὶ
158 1004 309 1043 ἀνθρώπους
325 1005 381 1033 ἀντὶ
397 1005 492 1044 ἰχθύων
508 1005 675 1040 ἁλιεύσαντα,
688 1005 730 1033 τὸν
745 1007 789 1033 τοῦ
801 1005 951 1043 εὐχγγελίου
967 1004 1079 1043 κήρυκα·
1092 1005 1135 1032 καὶ
1147 1004 1265 1043 καθάπερ
1279 1005 1304 1032 ἐν
1316 1005 1436 1041 λειμῶνι,
1447 1007 1500 1035 τοῖς
1512 1000 1610 1030 τούτων
1624 1000 1663 1027 ἐν·

97 1053 237 1089 τρυφῶμεν
252 1051 447 1091 κατορθώμασι.
464 1052 541 1089 Hinc,
562 1058 590 1080 ut
604 1051 738 1087 diximus,
753 1051 859 1090 collegit
875 1051 1029 1079 Matiliaeius
1042 1051 1111 1078 hanc
1127 1050 1266 1078 homiliam
1283 1050 1402 1078 habitam
1424 1049 1503 1077 fuisse
1521 1048 1547 1076 in
1562 1045 1663 1085 templo

100 1097 298 1136 Apostolorum.
322 1098 397 1127 ldem
417 1098 451 1127 de
467 1105 593 1138 tempore,
606 1109 658 1137 quo
673 1099 845 1137 pronuntiata
860 1097 950 1134 suerit,
964 1097 1105 1136 disputans
1116 1097 1151 1125 ad
1166 1107 1228 1136 pag.
1245 1098 1314 1133 589,
1333 1096 1366 1133 E,
1382 1096 1462 1125 verba
1481 1097 1533 1124 τῶν
1549 1095 1665 1132 σήμερον

100 1145 317 1184 ἀναγνωσθέντων
330 1149 434 1186 (nempe
447 1146 544 1175 Matth.
557 1147 586 1183 9,
596 1147 655 1183 57),
672 1159 685 1173 «
701 1146 778 1181 Hinc,
789 1145 886 1183 inquit,
902 1151 1004 1173 constat
1017 1155 1068 1183 quo
1083 1144 1128 1173 die
1141 1144 1210 1172 hanc
1221 1144 1360 1172 homiliam
1374 1143 1498 1172 babuerit
1513 1155 1518 1170 :
1537 1142 1665 1171 nimirum

101 1193 234 1222 tricesimo
248 1193 346 1222 mensis
357 1194 442 1223 Junii.
456 1193 495 1222 Eo
507 1193 577 1222 enim
590 1193 634 1222 die
646 1193 795 1221 celebratur
810 1192 937 1220 memoria
950 1191 1006 1220 ΧΠ
1022 1191 1215 1231 apostolorum.
1228 1190 1339 1230 Legitur
1352 1197 1441 1219 autem
1460 1190 1555 1219 Matth.
1572 1191 1590 1218 9
1605 1212 1613 1227 ,
1629 1190 1668 1217 56

102 1240 137 1269 ad
153 1242 200 1276 10,
212 1241 241 1273 8,
263 1241 294 1270 Id
309 1242 376 1271 mihi
391 1249 484 1271 notum
504 1249 543 1271 est
566 1253 598 1271 ex
615 1241 775 1281 Synaxariis
791 1241 957 1269 Grazcorum.
970 1253 983 1267 »
997 1240 1052 1269 Cfr.
1068 1240 1252 1269 annotationes
1266 1245 1369 1268 nostras
1383 1238 1416 1267 ad
1430 1249 1457 1278 p.
1475 1238 1534 1268 588
1547 1261 1555 1275 ‚
1577 1240 1601 1266 D
1615 1261 1623 1275 ,
1641 1244 1667 1267 et

104 1300 132 1328 p.
150 1289 210 1319 589
224 1312 232 1327 ‚
251 1290 282 1318 C.
301 1290 377 1318 Hanc
396 1290 537 1319 homiliam
553 1290 587 1319 ob
601 1290 693 1319 oculos
707 1289 806 1318 habuit
823 1296 916 1317 auctor
931 1289 1047 1317 incertus
1062 1288 1181 1317 homiliae
1203 1288 1230 1316 in
1247 1287 1386 1316 Abraham
1397 1310 1405 1323 ‚
1420 1297 1501 1325 quam
1519 1297 1605 1325 nuper
1617 1297 1668 1314 au-

104 1343 173 1364 ctam
190 1336 300 1375 quidem
315 1338 365 1366 sub
381 1338 472 1373 finem,
485 1349 579 1366 verum
595 1336 777 1366 additamento
792 1336 926 1376 pei-inepti
943 1335 1084 1375 cujusdam
1100 1335 1233 1373 Graeculi,
1249 1335 1336 1364 edidit
1356 1334 1426 1364 Lud.
1448 1334 1482 1364 de
1497 1334 1629 1372 Sinner.]

144 1384 191 1413 xl.
208 1385 354 1414 Undecima
368 1397 472 1425 quoquc
484 1393 507 1415 et
517 1393 651 1426 postrema
665 1385 777 1413 homilia
792 1384 863 1413 (licta
874 1385 924 1412 fuit
939 1396 954 1413 a
970 1384 1173 1424 Cluysostom0,
1190 1390 1330 1423 postquam
1343 1394 1423 1412 senex
1436 1382 1546 1421 quidam
1560 1382 1670 1411 concio—

105 1436 183 1458 natus
196 1431 292 1459 fuerat.
310 1431 340 1460 Id
356 1431 444 1471 ipsum
457 1443 527 1471 saepe
541 1432 676 1468 videmus,
690 1431 756 1459 duas
771 1441 866 1470 nempe
882 1438 906 1459 et
921 1431 1068 1469 aliquando
1081 1437 1133 1459 tres
1146 1430 1272 1459 homilias
1286 1430 1452 1459 continenter
1466 1429 1560 1458 haberi
1578 1429 1605 1458 in
1621 1440 1668 1458 ea-

105 1478 166 1506 dem
181 1478 290 1507 ecclesia
303 1486 329 1507 et
343 1479 435 1508 eodem
450 1479 574 1508 audiente
588 1479 699 1519 populo.
716 1480 745 1508 In
760 1479 809 1508 hac
823 1486 913 1507 autem
925 1479 982 1518 agit
998 1479 1207 1518 Chrysostomus
1222 1478 1256 1507 de
1272 1478 1399 1507 Eleazaro
1411 1485 1436 1506 et
1451 1477 1485 1506 de
1501 1477 1670 1514 Maccabaeis,

106 1536 172 1563 quos
186 1526 282 1566 probat
298 1526 344 1554 ille
358 1538 407 1566 pro
423 1527 532 1556 Christo
551 1538 642 1566 passos
659 1527 750 1555 fuisse.
769 1527 838 1565 [Die
849 1527 906 1555 sesti
922 1526 1135 1555 Maccabaeorum
1155 1529 1225 1565 Aug.
1241 1529 1252 1555 1
1274 1526 1474 1565 pronuntiatam
1498 1525 1589 1560 fuisse,
1602 1525 1672 1553 indi-

106 1579 147 1600 cat
162 1583 225 1612 pag.
244 1574 312 1611 596,
329 1574 359 1610 B,
373 1573 475 1610 dicens,
495 1574 562 1603 ἀλλὰ
576 1575 603 1603 τί
622 1575 715 1610 πάΟω;
730 1577 782 1603 τῶν
804 1573 987 1602 Μακκαὸαίων
1009 1580 1058 1602 etc.
1079 1596 1086 1610 ,
1103 1580 1129 1602 et
1151 1574 1232 1613 paulo
1255 1580 1316 1613 post
1339 1583 1470 1612 pergens:
1488 1573 1556 1602 ἀλλὰ
1581 1573 1673 1610 μηδεὶς

107 1621 229 1660 ἀκαιρίαν
244 1622 464 1660 καταγινωσκέτω
475 1625 519 1651 τοῦ
533 1622 620 1662 λόγου,
635 1622 675 1651 ὅτι
686 1624 733 1657 τῆς
747 1621 848 1661 ἡμέρας
860 1623 912 1650 τῶν
927 1621 1120 1660 παλαια-μάτων
1134 1621 1222 1661 αὔριον
1235 1621 1322 1657 οὔσης,
1335 1621 1449 1661 σήμερον
1462 1620 1518 1654 τοὺς
1533 1621 1675 1660 στεφάνους

107 1666 248 1706 πλέκομεν.
261 1668 289 1696 ln
311 1668 365 1697 fine
378 1668 512 1697 auditores
528 1668 658 1705 hortatur,
672 1679 700 1708 p.
718 1669 788 1705 401,
807 1669 842 1702 D,
859 1668 928 1706 μετὰ
942 1669 1041 1703 πολλῆς
1058 1670 1105 1702 τῆς
1117 1668 1264 1708 προθυμίας
1281 1669 1317 1700 εἷς
1330 1667 1378 1703 τὴν
1390 1667 1536 1706 πανήγυριν
1551 1667 1597 1703 (in
1613 1677 1673 1694 cra-

107 1714 208 1743 stinum
227 1715 323 1744 festum
345 1716 578 1752 Maccahaeorum)
600 1718 762 1751 ἀπαντῆσαι,
778 1727 863 1754 neque
884 1722 1027 1744 vereantur
1048 1715 1099 1744 viae
1113 1715 1228 1754 spatium
1244 1715 1345 1754 ὀλίγους
1367 1715 1487 1747 σταδίους
1501 1715 1674 1753 διαπερῶν-τες

108 1760 172 1801 ὑπὲρ
186 1764 233 1797 τ’ἧς
256 1763 364 1803 Θεωρίας
384 1766 435 1793 τῶν
450 1764 643 1802 παλαισμάτων
657 1765 771 1792 ἐκείνων.
786 1763 860 1801 Ergo
875 1761 1088 1791 concionandum
1103 1762 1187 1791 altero
1201 1762 1245 1791 die
1255 1769 1310 1790 erat
1324 1761 1350 1790 in
1369 1761 1479 1790 ecelesia
1494 1761 1584 1798 aliqua
1598 1767 1674 1788 extra

108 1810 214 1845 urbem,
228 1810 332 1849 aliquot
345 1811 430 1840 stadia
445 1812 479 1840 ab
490 1822 519 1840 ea
535 1812 650 1840 distante
667 1823 672 1838 :
688 1811 834 1849 eodemque
848 1810 905 1839 loco
929 1810 999 1838 hanc
1023 1809 1192 1838 undecimam
1217 1820 1323 1847 quoque
1336 1808 1458 1837 habitam
1480 1819 1545 1842 esse,
1563 1807 1674 1846 colligis

109 1856 219 1886 sortasse
244 1868 258 1886 e
273 1858 362 1887 verbis
377 1870 404 1897 p.
418 1860 494 1895 596,
509 1860 540 1893 C,
554 1861 568 1887 ὁ
584 1859 630 1897 μὲν
643 1860 694 1887 τῶν
711 1858 849 1896 ἐγκωμίων
869 1858 959 1896 καιρὸς
972 1859 1007 1889 εἰς
1019 1856 1066 1891 τὴν
1080 1856 1168 1895 αὔριον
1186 1856 1288 1895 ἡμέραν
1299 1858 1370 1894 ’ἡμᾶς
1387 1855 1547 1893 ἀναμενέτω·
1560 1855 1673 1894 σήμερον

110 1902 137 1931 δὲ
160 1902 219 1936 τοὺς
241 1905 439 1944 ἀσθενεστέρους
448 1907 500 1934 τῶν
522 1906 639 1944 ἀδελφῶν
657 1904 872 1943 διορθώσωμεν.]
894 1904 923 1931 ln
945 1903 998 1931 fine
1014 1903 1095 1941 hujus
1113 1902 1230 1930 homilia:
1244 1912 1328 1940 pauca
1342 1900 1536 1930 desiderantur.

153 1949 163 1987 [
178 1950 216 1978 Ut
231 1949 312 1978 verba
327 1950 465 1989 scriptoris
483 1950 508 1978 in
522 1961 591 1978 nova
608 1950 725 1978 editione
750 1950 829 1989 paulo
849 1949 1050 1983 emendatiora,
1077 1949 1100 1977 si
1128 1948 1187 1976 fieri
1211 1954 1316 1987 posset,
1342 1947 1496 1987 prodirent,
1520 1947 1607 1976 denuo
1621 1948 1676 1977 Va-

112 1997 231 2025 ticanum
247 1997 372 2026 Codicem
391 1997 504 2026 conferri
528 1997 684 2026 curavimus
709 2008 715 2025 z
740 2007 824 2035 neque
845 1996 1026 2035 spernendum
1039 1995 1209 2035 spicilegium
1225 1995 1303 2023 nobis
1322 1995 1507 2023 transmissum
1519 2001 1567 2023 est.
1584 1995 1673 2023 Multa

113 2053 219 2081 quoque
232 2044 276 2071 Fr.
291 2044 446 2072 Matthoeius
460 2044 574 2072 feliciter
587 2044 693 2082 ingenio
706 2043 879 2077 emandavit,
891 2043 967 2082 cujus
983 2042 1034 2072 viri
1048 2041 1248 2070 annotationem
1261 2052 1342 2079 quam
1353 2041 1462 2080 scripsit
1476 2040 1503 2069 in
1518 2051 1614 2069 novem
1625 2040 1675 2069 lio-

113 2090 203 2119 ruilias
220 2090 363 2119 Vaticanas
376 2114 384 2126 ,
408 2091 569 2120 exhibemus
584 2092 718 2120 selectam.
745 2091 911 2130 Conjecturis
935 2090 993 2118 sive
1015 2089 1129 2126 nostris,
1153 2089 1210 2118 sive
1226 2089 1428 2126 Matthaeianis,
1445 2088 1497 2117 nisi
1522 2087 1676 2117 certissimae

112 2144 217 2172 essent,
234 2137 338 2166 nullum
361 2138 387 2166 iu
403 2145 529 2167 contextu
548 2138 673 2166 dedimus
689 2139 786 2167 locum.
810 2138 935 2167 Latinam
948 2136 1064 2175 denique
1088 2136 1336 2176 interpretationem
1358 2135 1592 2164 Benedictinorum
1609 2145 1675 2174 pene

113 2190 194 2213 totam
208 2185 420 2214 reformavimus.
435 2186 568 2215 THEOB.
583 2184 677 2224 ΗΧ]
