1886 2846
452 194 484 216 m*
514 194 622 216 twis'r.
655 194 698 215 At)
726 193 892 215 nliffitffios.
922 193 1000 215 CAP.
1032 193 1078 215 IV.
1113 194 1229 215 timul„
1262 194 1319 215 Vll.
1597 184 1658 217 105

130 256 196 286 ’On
210 257 262 296 γὰρ
274 255 318 285 διὰ
330 259 406 284 τοῦτο
416 255 588 294 προσέθηκεν,
603 255 748 293 ἐπήγαγεν·
760 255 801 283 Οὐ
813 253 863 293 γὰρ
881 256 900 278 D
958 255 986 282 Ω.
1001 253 1082 289 Quod
1102 254 1172 284 enim
1193 261 1333 293 propterea
1352 253 1382 283 id
1399 253 1535 294 adjecerit,
1545 255 1661 294 subjun-

89 303 184 342 ἔχομεν
213 302 339 341 ἀρχιερέα
369 301 406 339 μὴ
435 301 577 340 δυνάμενον
608 303 782 339 συμπαοῆσαι
806 304 863 332 ταῖς
917 298 959 327 xit
979 310 986 327 x
1005 300 1052 330 15.
1069 301 1137 329 Non
1159 302 1238 328 enim
1258 301 1397 328 habemus
1418 301 1585 339 pontificem
1608 304 1659 340 qni

91 348 236 381 ἀσθενείαις
249 350 336 386 ἡμῶν.
352 348 403 377 Διὰ
418 352 494 377 τοῦτο
509 348 633 387 ἀνωτέρω
654 347 758 385 ἔλεγεν·
778 346 824 375 Ἔν
841 341 862 385 ᾧ
917 353 975 372 ηοη
987 345 1076 383 possit
1089 345 1217 383 compati
1231 344 1452 384 infirmitatibus
1467 345 1582 372 nostris.
1593 345 1657 373 Pro-

90 394 218 423 πέπονθεν
240 394 315 427 αὐτὸς
330 394 494 433 πειρασῡεὶς,
510 394 619 422 δύναται
634 398 687 426 τοῖς
707 392 862 431 πειραζομέ-
916 396 1002 429 pterea
1025 390 1132 419 dicebat
1147 389 1270 429 superius
1288 401 1294 416 :
1311 391 1349 417 In
1366 399 1408 425 eo,
1426 390 1456 417 ιή
1476 400 1533 429 quo
1553 401 1656 428 passus

89 451 143 473 νοις
160 441 299 478 βοηθῆσαι.
315 440 386 479 Ὅρα
399 440 484 468 τοίνυν
499 441 555 472 πῶς
575 439 620 468 καὶ
635 441 746 468 ἐνταῦθα
759 439 788 467 τὸ
801 438 863 467 αὐτὸ
916 442 957 464 est
971 438 1031 475 ipse
1044 443 1072 465 et
1091 442 1228 470 tentatus,
1241 441 1344 474 potens
1359 442 1400 463 est
1416 437 1456 464 eis
1471 438 1522 474 qui
1537 442 1656 464 tentan-

89 487 168 512 ποιεῖ.
183 483 220 512 ⁰0
233 483 260 513 δὲ
276 484 360 523 λέγει,
372 484 488 513 τοιοῦτόν
503 485 590 513 ἐστιν·
606 480 685 520 ἦλθε,
702 484 790 523 φησὶν,
804 484 861 513 ὁδὸν
917 488 965 510 tur
984 483 1136 513 auxiliari.
1154 480 1226 510 Vide
1248 491 1311 519 ergo
1336 480 1470 519 quomodo
1493 481 1543 509 hoc
1567 481 1656 521 ipsum

89 529 122 565 ἢν
139 530 184 559 καὶ
198 533 275 568 ἡμεῖς
287 533 341 566 νῦν,
358 531 456 568 μᾶλλον
483 530 509 559 δὲ
537 530 582 559 καὶ
596 531 775 570 τραχυτέραν·
791 531 861 559 ποίν-
916 528 960 556 hic
974 539 1080 567 quoque
1094 528 1169 557 facit.
1183 526 1263 563 Quod
1276 533 1364 556 autem
1381 527 1447 555 dicit
1460 535 1497 556 est
1518 528 1656 566 hujusmo-

89 587 142 604 ’τιον
157 575 209 616 γὰρ
229 575 308 604 ἔλαθε
322 578 374 604 τῶν
393 576 563 617 ἀνθρωπίνων
577 581 680 615 πεῖραν.
696 572 778 605 Εἶπεν
794 577 861 612 ἐκεῖ,
915 573 943 602 di
964 585 970 604 :
988 574 1129 611 Eamdem,
1146 573 1243 612 inquit,
1257 583 1339 611 quam
1360 583 1407 601 nos
1428 573 1499 601 viam
1520 573 1589 608 iniit,
1603 573 1656 602 imo

90 623 149 651 Οὔκ
172 622 228 651 ἔστι
256 623 340 656 κτίσις
355 623 456 662 ἀφανὴς
481 622 590 651 ἐνώπιον
615 623 709 658 αὐτοῦ,
732 623 779 658 τὴν
805 624 861 652 Οεό-
876 651 896 669 7,
917 631 979 649 vero
996 620 1181 660 asperiorem‚-
1202 629 1262 648 nam
1278 618 1400 647 omnium
1415 629 1503 647 rerum
1521 619 1656 647 humana-

89 679 159 703 τητα
181 669 366 707 αἰνιττόμενος.
390 664 474 704 Εἶτα,
495 668 585 704 ἐπειδὴ
612 671 658 704 τῆς
680 669 777 708 σαρκὸς
800 670 861 698 ἐπε-
881 657 899 700 ,χ’
917 677 977 695 rum
991 667 1092 706 accepit
1107 665 1308 705 experientiam.
1323 665 1436 693 Dixerat
1448 664 1513 701 illic,
1526 666 1595 693 ,Non
1615 673 1655 694 est

89 714 198 748 λοίὸἐτο,
224 714 521 753 συγκαταὲατικώτερον
544 714 625 743 πάλιν
649 715 796 752 διαλέγεται
815 716 861 744 λέ-
914 719 1050 742 creatura
1074 712 1231 741 invisibilis
1255 714 1288 740 in
1309 718 1462 750 compe-’ctu
1483 713 1563 751 ejus,
1580 712 1654 741 divi-

89 770 142 797 γων
153 771 159 776 ·
173 759 301 798 Ἔχοντες
316 756 359 788 οὖν
376 761 501 800 ἀρχιερέα
513 760 606 798 μέγαν,
621 761 792 795 διεληλυθότα
802 761 862 794 τοὺς
914 758 1023 787 nitatem
1037 757 1218 788 subindicans.
1228 757 1332 786 Deinde
1341 763 1482 796 postquam
1496 757 1585 796 attigit
1599 768 1656 786 car-

89 804 228 845 οὖρανούς·
244 806 288 834 καὶ
305 806 411 843 μείζονα
433 806 550 835 δείκνυσι
564 806 610 841 τὴν
632 807 801 844 κηδεμονίαν,
815 808 860 836 καὶ
915 815 984 841 uem,
1001 805 1122 843 loquitur
1142 815 1236 833 rursus
1261 803 1422 832 submissius
1448 809 1474 832 et
1497 803 1629 833 humilius
1649 817 1653 831 :

88 850 129 879 ὅτι
143 850 234 891 ὥσπερ
246 851 348 880 οἰκείων
370 851 543 891 προΐσταται,
557 852 601 881 καὶ
625 854 654 881 οὐ
675 852 744 881 Οέλει
767 852 860 886 αὐτοὺς
914 851 1063 879 Habentes
1082 860 1149 889 ergo
1163 849 1331 889 pontificem
1346 859 1484 888 magnum
1500 851 1551 888 qui
1569 860 1655 888 pene-

88 898 220 926 ἐκπεσεῖν.
237 899 354 932 Μωῦσῆς
369 897 417 935 μὲν
431 897 498 937 γὰρ,
513 898 601 937 φησὶν,
622 899 669 927 οῦκ
683 899 802 933 εἷο-ἢλθεν
824 900 859 931 εἰς
914 899 1002 925 travit
1022 897 1108 926 coelos
1130 908 1138 924 :
1159 903 1185 925 et
1211 896 1339 935 majorem
1365 894 1481 924 ostendit
1505 905 1612 931 curam,
1628 906 1657 925 eo

89 941 137 977 τὴν
162 942 339 978 κατάπαυσιν,
365 944 441 976 αὐτὸς
461 943 488 973 δὲ
507 945 627 978 εἰσῆλθε·
642 944 688 972 καὶ
714 946 786 979 πῶς,
806 943 858 982 ἐγὼ
913 942 986 980 quod
1000 953 1044 971 eos
1058 949 1196 980 tamquam
1211 952 1272 970 suos
1289 940 1415 970 defendat
1429 947 1453 969 et
1465 948 1596 980 protegat,
1611 952 1659 971 nec

88 988 167 1027 λέγω.
182 990 223 1019 Οὐ
243 989 394 1028 θαυμαστὸν
409 990 436 1018 δὲ
446 1011 454 1024 ,
478 991 500 1018 εἷ
516 990 629 1028 οὐδαμοῦ
644 990 707 1018 αὐτὸ
728 989 857 1018 τέθεικεν·
912 988 977 1016 velit
989 995 1019 1016 ut
1031 987 1082 1027 ipsi
1094 987 1200 1016 cadant.
1218 987 1288 1015 Nam
1303 988 1412 1026 Moyses
1425 987 1544 1025 quidem,
1558 987 1658 1026 inquit,

87 1034 104 1070 ἢ
119 1035 171 1074 γὰρ
184 1034 227 1063 ἵνα
251 1035 288 1073 μὴ
304 1035 412 1068 δόξωσιν
434 1035 577 1073 ἀπολογίαν
600 1034 739 1073 εὑρίσκειν,
754 1047 859 1073 συμπε-
912 1043 964 1061 uon
975 1033 1110 1072 ingressus
1120 1033 1195 1061 estin
1208 1033 1399 1071 requiem,ipse
1407 1039 1495 1061 autem
1507 1039 1545 1061 est
1557 1033 1660 1072 ingres-

90 1080 196 1120 ριέλαὸε
208 1080 253 1108 καὶ
269 1080 358 1109 αὐτόν·
372 1079 389 1114 ἢ
403 1079 446 1108 ἵνα
459 1079 496 1117 μὴ
513 1079 573 1118 δόξῃ
586 1084 742 1118 κατηγορεῖν
758 1083 803 1109 τοῦ
817 1083 860 1110 ἀν-
914 1090 959 1108 sus
973 1090 980 1106 ε
991 1086 1016 1108 et
1025 1078 1171 1117 quomodo,
1178 1089 1226 1117 ego
1239 1078 1424 1115 dicam.Quod
1435 1086 1524 1107 autem
1534 1079 1586 1108 boc
1598 1091 1661 1109 nus-

89 1125 163 1165 δρὸς,
177 1128 294 1166 φανερῶς
310 1126 372 1154 αὐτὸ
390 1127 437 1154 οὐκ
458 1120 540 1154 εἶπεν.
555 1125 589 1154 Εἰ
602 1124 654 1165 γὰρ
664 1148 671 1161 ,
685 1125 788 1158 οὐδενὸς
798 1126 857 1155 τού-
877 1133 894 1154 Β
913 1135 994 1163 quam
1015 1124 1147 1164 posuerit,
1163 1134 1216 1152 non
1230 1130 1268 1152 est
1282 1123 1442 1159 admirabile
1457 1136 1463 1151 z
1483 1135 1546 1153 nam
1569 1126 1610 1155 vel
1625 1136 1657 1155 ne

88 1183 141 1200 των
168 1171 306 1211 λεχθέντος
316 1193 323 1207 ,
343 1173 428 1200 ταῦτα
448 1170 602 1211 προέφερον,
626 1171 746 1210 λέγοντες
757 1193 765 1207 ,
782 1172 859 1201 Κατὰ
913 1171 1058 1201 videantur
1072 1171 1193 1200 invenire
1205 1169 1396 1206 defensionem,
1409 1170 1499 1209 ipsum
1515 1182 1566 1200 una
1578 1182 1655 1201 com—

88 1219 134 1246 τοῦ
149 1217 284 1251 Μωῦσέως
297 1216 422 1246 καὶκατὰ
436 1219 481 1245 τοῦ
494 1216 573 1254 νόμου
585 1212 658 1250 οὗτος
675 1216 764 1256 εἴρηκε
774 1229 780 1235 ·
795 1219 860 1247 πολ·
912 1217 1055 1258 prehendit
1075 1229 1083 1255 ;
1099 1217 1142 1246 vel
1154 1227 1187 1246 ne
1200 1216 1289 1245 virum
1302 1215 1440 1245 videretur
1453 1227 1587 1254 accusare,
1606 1218 1658 1247 hoc

89 1264 129 1302 λῷ
147 1264 247 1301 μᾶλλον
265 1265 288 1292 εἰ
308 1258 390 1298 εἶπεν,
405 1264 452 1292 οὔκ
470 1262 526 1292 ἔστι
541 1262 724 1299 Παλαιστίνη,
737 1265 795 1292 ἀλλ’
812 1265 858 1293 οὖ-
912 1275 965 1294 nan
977 1264 1047 1293 dixit
1059 1270 1158 1304 aperte.
1167 1262 1280 1299 Namsi,
1292 1272 1354 1291 cum
1366 1261 1436 1291 nihil
1447 1262 1545 1291 horum
1555 1263 1658 1293 dictum

92 1309 180 1348 ρανὸς,
193 1309 299 1348 μείζονα
315 1309 345 1338 ἂν
360 1308 460 1338 τούτων
476 1305 560 1338 εἶπον.
576 1309 645 1338 Ἀλλ’
659 1311 688 1339 οὐ
703 1309 733 1338 τὸ
756 1314 808 1339 πᾶν
821 1312 859 1350 τῷ
913 1310 1025 1347 sit‚haec
1039 1309 1211 1349 objiciebant,
1222 1307 1352 1343 dieentes,
1369 1308 1429 1347 lpse
1443 1307 1515 1337 dixit
1528 1308 1658 1338 adversus

90 1356 155 1394 ἱερεῖ
168 1354 284 1389 δίδωσιν,
297 1354 365 1384 ἀλλὰ
385 1355 431 1383 καὶ
454 1355 488 1383 τὰ
509 1357 572 1395 παρ’
588 1358 664 1394 ἡμῶν
680 1357 770 1392 ζητεῖ,
789 1356 860 1395 λέγω
914 1359 1036 1396 Moysem
1049 1355 1211 1384 etadversus
1221 1354 1308 1394 legem
1319 1365 1325 1382 τ
1336 1354 1421 1383 multo
1432 1355 1557 1393 magis‚si
1568 1354 1658 1384 dixis-

92 1400 123 1436 δὴ
149 1399 197 1436 τὴν
224 1400 376 1439 ὁμολογίαν.
399 1400 526 1440 Ἔχοντες
548 1396 602 1437 οὖν,
623 1401 712 1440 φησὶν,
735 1402 860 1441 ἀρχιερέα
914 1410 962 1440 set,
979 1403 1038 1431 Non
1049 1409 1087 1430 est
1098 1400 1249 1438 Palaestina,
1264 1399 1312 1429 sed
1331 1400 1437 1436 caelum,
1450 1400 1491 1429 his
1502 1401 1604 1439 majora
1617 1400 1659 1429 di—

91 1446 184 1486 μέγαν,
200 1447 371 1482 διεληλυῡότα
385 1448 442 1480 τοὺς
461 1446 598 1487 οὐρανοὺς,
619 1446 721 1482 Ἰησοῦν
735 1448 779 1477 τὸν
796 1448 859 1477 Υἱὸν
914 1448 1024 1478 xissent.
1034 1447 1086 1477 Sed
1103 1458 1156 1476 non
1172 1446 1330 1475 universum
1347 1446 1443 1475 tribuit
1463 1446 1604 1484 sacerdoti,
1613 1447 1658 1476 sed

89 1496 135 1522 τοῦ
148 1495 232 1530 Θεοῦ,
245 1496 385 1534 κρατῶμεν
398 1496 446 1528 τῆς
457 1493 607 1532 ὁμολογίας.
618 1494 702 1523 Ποίαν
718 1495 859 1534 ὁμολογίαν
913 1495 994 1523 etiam
1002 1505 1060 1533 quae
1071 1505 1086 1523 a
1100 1493 1177 1522 nobis
1189 1500 1252 1522 sunt
1265 1492 1415 1532 praestanda
1428 1493 1548 1531 requirit,
1558 1493 1659 1522 conses-

90 1537 177 1578 λέγει;
191 1539 256 1568 ”Οτι
271 1540 414 1573 ἀνάστασίς
437 1542 517 1577 ἐστιν,
540 1540 580 1569 ὅτι
605 1540 795 1578 ἀνταπόδοσις,
819 1541 859 1571 ὅτι
913 1542 1014 1571 sionem
1030 1541 1149 1580 inquam.
1164 1541 1316 1568 Habentes
1337 1539 1522 1578 cuim‚inquit‚
1534 1540 1659 1578 pontifi-

93 1585 174 1625 μυρία
188 1586 273 1624 ἀγαθὰ
283 1609 290 1623 ,
306 1586 346 1615 ὅτι
358 1589 371 1615 ὁ
385 1586 499 1626 Χριστὸς
513 1586 581 1619 Θεός
594 1588 674 1623 ἐστιν,
687 1587 729 1616 ὅτι
743 1590 759 1622 ἡ
773 1588 860 1622 πίστις
913 1599 974 1617 cem
985 1598 1135 1627 magnum,
1146 1589 1196 1627 qui
1207 1588 1371 1625 penetravit
1382 1586 1480 1620 caelos,
1494 1586 1596 1614 Jesum
1607 1587 1659 1614 Fi-

92 1631 174 1670 ὀρθή·
186 1635 269 1661 ταῦτα
283 1632 499 1671 ὁμολογήσωμεν,
515 1635 598 1661 ταῦτα
614 1633 780 1672 κατέχωμεν.
795 1634 861 1663 ιὈτι
878 1641 896 1663 C
914 1635 986 1664 lium
1000 1636 1073 1671 Dei,
1089 1641 1239 1663 teneamus
1261 1633 1487 1672 confessionem.
1506 1633 1659 1668 Quamnam

93 1677 121 1706 δὲ
139 1680 223 1706 ταῦτα
243 1679 329 1713 ἀληθῆ
340 1701 347 1714 ,
361 1678 438 1713 δῆλον
457 1680 486 1707 ἐκ
507 1682 552 1708 τοῦ
574 1679 617 1708 τὸν
643 1679 767 1719 ἀρχιερέα
789 1679 860 1708 ἔνδον
915 1681 981 1710 dicit
996 1679 1295 1715 consessionem9Quod
1309 1679 1343 1708 sit
1358 1679 1526 1711 resurrectio,
1537 1679 1608 1717 quod
1625 1680 1659 1707 sit

93 1719 168 1752 εἶναι.
183 1724 284 1754 Οὐκοῦν
298 1723 340 1753 ὅτι
354 1725 400 1753 οὐκ
417 1724 583 1762 ἐξεπέσομεν,
603 1725 823 1764 ὁμολογήσωμεν·
838 1729 860 1755 εἷ
915 1725 1183 1764 remuneratio,qu0d
1201 1725 1272 1753 bona
1284 1723 1336 1753 sint
1352 1723 1568 1761 innumerabilia,
1584 1723 1657 1762 quod

512 1828 687 1857 MUTIANO
709 1829 964 1859 SCHOLASTICO
986 1829 1021 1858 IN
1027 1827 1238 1858 TERPRETE.

133 1921 204 1956 Quia
218 1920 289 1949 enim
302 1927 441 1960 propterea
455 1919 572 1957 addidit,
585 1921 653 1948 Non
666 1923 744 1949 enim
759 1921 908 1956 habemus,
922 1920 1018 1959 inquit,
1028 1920 1221 1954 sacerdotem,
1238 1928 1296 1946 non
1311 1919 1463 1947 valentem
1476 1922 1602 1958 compati
1615 1923 1659 1949 in-

90 1968 283 2007 firmitatibus
295 1969 400 1996 nostris
410 1979 418 1994 .·
428 1967 528 1996 idcirco
540 1967 830 2006 superiusdiccbat,ln
840 1979 897 2007 quo
905 1977 1010 2006 passus
1018 1973 1060 1996 est
1071 1969 1131 2005 ipse
1142 1972 1169 1994 et
1178 1971 1306 1994 tentatus
1315 1971 1417 2003 potens
1425 1971 1467 1994 est
1482 1975 1530 1994 eos
1540 1968 1591 2004 qul
1601 1973 1658 1995 ten-

95 2020 196 2042 tantur
207 2014 356 2053 adjuvare.
366 2013 471 2041 Intuere
482 2023 544 2052 ergo
556 2014 772 2052 quomodocthic
785 2014 903 2053 idipsum
917 2013 988 2042 facit.
997 2012 1078 2048 Quod
1092 2019 1180 2040 autem
1193 2011 1330 2046 dicit,tale
1340 2017 1378 2039 est
1389 2012 1599 2050 :Venit,inquit‚
1609 2023 1657 2052 per

92 2060 166 2089 viam
180 2071 233 2099 qua
244 2067 269 2088 et
281 2070 337 2097 nos,
348 2060 526 2099 magisautcm
535 2060 569 2089 ad
581 2061 697 2100 priorem
706 2062 744 2099 [f
751 2061 933 2100 asperiorem]y
941 2068 966 2089 ct
979 2060 1099 2089 omnium
1106 2059 1250 2087 hominnm
1259 2057 1452 2096 [humanorum
1461 2059 1486 2097 Ρ]
1495 2059 1658 2098 experimen-

93 2114 151 2137 tum
162 2107 338 2147 accepit.lllic
349 2107 451 2147 quippe
460 2107 574 2145 dicebat,
588 2109 655 2137 Non
670 2115 711 2137 est
726 2115 862 2138 creatura
874 2109 990 2138 occulta
1006 2109 1037 2136 in
1047 2113 1201 2145 conspectu
1215 2105 1465 2145 ejus‚divinitatcm
1479 2105 1636 2145 significans
1650 2119 1656 2134 :

93 2163 164 2183 nunc
176 2160 266 2183 autem
284 2154 347 2192 quia
360 2154 394 2183 de
412 2165 490 2183 carne
504 2155 636 2193 loquitur,
646 2155 784 2184 humiliter
799 2155 930 2195 disputat,
943 2155 1051 2184 dicens:
1070 2155 1219 2183 Habentes
1231 2154 1321 2192 igitur·
1335 2152 1504 2191 pontificem
1520 2163 1657 2192 magnum

94 2203 255 2230 intrantem
266 2202 352 2231 caelos
364 2213 372 2229 .·
382 2208 408 2231 et
420 2202 536 2231 ostendit
555 2203 683 2242 majorem
700 2203 741 2232 illi
750 2214 806 2232 esse
821 2214 912 2232 curam
927 2203 961 2232 de
972 2203 1091 2239 nobis‚et
1107 2201 1171 2240 quia
1187 2200 1256 2229 sicut
1268 2200 1385 2239 propriis
1398 2199 1481 2237 adest,
1490 2207 1515 2228 et
1529 2210 1580 2229 non
1597 2201 1658 2229 vult

93 2258 138 2277 eos
152 2247 252 2277 eadere.
267 2250 354 2278 Moses
370 2249 452 2287 enim,
469 2250 564 2289 inquit,
577 2261 629 2279 non
646 2251 759 2280 intravit
774 2251 801 2280 in
815 2251 946 2290 requiem,
960 2251 1017 2291 ipse
1031 2257 1119 2279 autem
1132 2249 1249 2277 intravit.
1262 2247 1295 2276 Et
1311 2246 1446 2286 quomodo
1461 2247 1512 2276 hoc
1524 2257 1656 2286 nusquam

93 2295 195 2336 posuit,
211 2295 311 2325 mirum
331 2304 377 2325 est.
389 2298 428 2326 Ne
439 2297 594 2327 viderentur
610 2299 661 2327 sibi
676 2299 875 2328 excusationem
892 2299 1023 2335 invenire,
1040 2296 1241 2337 comprehendit
1256 2302 1345 2324 autem
1361 2295 1440 2323 etiam
1457 2293 1544 2334 ipsum
1563 2306 1569 2322 :
1586 2302 1611 2324 et
1625 2305 1658 2324 ne

93 2343 218 2374 videatur
231 2354 354 2373 accusare
369 2344 446 2373 illum
461 2345 658 2386 virum,aperte
671 2346 740 2375 illud
756 2357 807 2375 non
825 2346 900 2375 dicit.
917 2347 946 2376 Si
962 2347 1034 2375 enim
1048 2345 1116 2374 nihil
1133 2343 1288 2383 hujusmodi
1305 2342 1437 2372 dicentem
1449 2342 1512 2371 talia
1526 2342 1656 2371 adversus

94 2391 172 2420 illum
189 2391 368 2430 proferebant,
383 2391 500 2421 dicentes
518 2405 523 2421 :
539 2394 637 2423 Contra
654 2395 745 2423 Mosen
761 2401 787 2423 et
805 2401 896 2423 contra
912 2394 997 2434 legem
1018 2394 1068 2423 iste
1086 2392 1208 2431 loquitur
1226 2404 1231 2419 z
1247 2391 1331 2419 multo
1351 2389 1477 2429 amplius,
1491 2389 1513 2418 si
1534 2389 1657 2426 dixisset,

94 2439 154 2468 Non
169 2445 208 2467 est
219 2438 374 2475 Palaestina,
387 2439 433 2468 scd
449 2440 665 2481 caelum,1najor:1
680 2441 713 2469 de
730 2441 777 2470 illo
791 2441 918 2471 dicerent.
929 2441 982 2471 Sed
998 2451 1050 2470 non
1065 2447 1150 2469 totuin
1167 2438 1287 2478 pontifici
1303 2436 1410 2472 tribuit,
1423 2435 1468 2464 sed
1481 2435 1562 2464 etiam
1579 2445 1594 2464 a
1609 2446 1656 2465 no-

94 2484 138 2514 bis
150 2485 256 2524 quaerit,
272 2485 334 2514 dico
355 2493 443 2515 autem
459 2487 661 2517 consessionem.
677 2489 838 2524 Habentes,
856 2489 959 2528 inquit,
971 2488 1136 2528 pontificem
1155 2495 1304 2525 magnum.
1321 2485 1481 2512 intrantem
1493 2483 1591 2518 caetos,
1607 2483 1658 2512 Je-

95 2541 160 2560 sum
174 2531 287 2560 Filium
300 2532 366 2569 Dei,
383 2539 532 2563 teneamus
547 2535 758 2573 consessionem
770 2536 840 2575 ejus.
856 2535 970 2571 Qualem
984 2534 1174 2564 confessionem
1187 2531 1276 2560 dicit?
1291 2529 1427 2565 Quoniam
1437 2535 1475 2557 est
1489 2529 1658 2561 resurreetio,

96 2579 220 2617 quoniam
239 2586 277 2608 est
292 2580 443 2616 retributio,
457 2582 581 2620 qnoniam
597 2582 669 2612 mille
685 2582 765 2619 bona,
781 2582 842 2622 quin
855 2583 978 2612 Christus
994 2583 1067 2612 Dens
1081 2588 1131 2619 est,
1146 2580 1274 2618 quoniam
1291 2577 1356 2606 [ides
1373 2583 1442 2606 reeta
1456 2582 1503 2610 est,
1519 2575 1576 2605 lunc
1591 2586 1659 2604 cou-

260 2643 332 2661 rom.
354 2643 411 2663 xii.
1498 2630 1515 2658 S
