1906 2846
375 199 406 221 lx
435 198 541 222 131‘151'.
573 197 616 218 AD
645 193 813 218 ulier-{05-

843 193 920 215 CAP.
952 192 1010 215 ΧΗ.

1042 192 1159 215 ΗΟΜΗΑ.
1190 191 1308 214 XXVUI.

1561 178 1630 224 379

54 262 299 301 ἀναγινωσκομένου
323 264 368 290 τοῦ
393 262 491 301 χωρίου
519 259 623 294 τούτου,
647 258 708 287 ἔνθα
747 259 830 286 ταῦτα
848 263 864 286 Β
883 265 948 283 num
970 262 1108 293 tamquam
1135 264 1184 282 nos
1207 252 1329 282 doctores
1357 251 1447 280 volens
1468 249 1630 288 redarguere

53 309 124 346 λέγει
138 310 151 336 ὁ
169 308 298 347 μακάριος
317 309 440 343 Παῦλος,
465 307 620 345 παρεγγυῶν
638 308 695 336 ταῖς
709 303 828 342 γυναιξὶ,

56 354 122 393 μήτε
145 356 236 393 χρυσῷ
246 377 254 390 ,
281 353 348 392 μήτε
380 352 573 392 μαργαρίταις,
599 351 666 388 μήτε
691 351 830 388 ἱματισμῷ

55 401 192 429 πολυτελεῖ
205 404 313 437 κοσμεῖν
329 399 437 434 ἑαυτὰς,
453 399 498 427 καὶ
512 398 581 437 ἔχων
597 402 707 436 γυναῖκα
723 396 830 431 πιστὴν,

56 445 99 485 ἴδῃ
115 445 155 475 ὅτι
175 445 256 475 πολὺν
277 450 393 475 ποιεῖται
414 446 490 484 λόγον
512 447 556 473 τοῦ
576 445 768 480 καλλωπισμοῦ
786 443 831 471 καὶ

58 491 156 532 χρυσία
175 492 352 531 περιτίθεται,
368 492 410 520 ἵνα
427 491 541 531 προέλθῃ
566 493 592 520 ἐν
611 490 757 530 ἐκκλησίᾳ,
781 485 833 529 ἆρα

59 539 106 568 οὐκ
117 539 170 577 ε’ρεῖ
183 538 247 577 πρὸς
262 539 368 573 ἑαυτὸν,
392 540 459 577 ὁρῶν
475 538 555 572 αὐτὴν
572 538 597 565 ἐν
619 539 656 576 τῷ
671 536 833 574 κοιτωνίσκῳ

60 588 144 614 ταῦτα
157 585 356 624 περι-τιθεμένην
368 585 412 614 καὶ
427 586 587 613 διατιῡεῖσαν
603 585 690 616 καλῶς
700 607 707 619 ,
722 583 747 611 τί
763 582 835 621 με’νει

62 631 133 660 ἔνδον
151 633 167 666 ἡ
188 631 252 670 γυνὴ
274 633 310 664 εἷς
334 632 378 660 τὸν
399 630 585 666 κοιτο)νίσκον;
606 630 631 658 τί
654 629 789 668 βραδύνει,
811 629 836 657 τί

62 677 224 716 περιτίθεται
240 677 274 706 τὰ
293 678 406 717 χρυσίοις
429 679 479 706 ποῧ
500 678 620 705 ἀπελθεῖν
636 676 706 715 ἔχει;
731 678 766 708 εἷς
787 675 836 710 τὴν

62 724 221 761 ἐκκλησίαν;
240 725 282 753 διὰ
298 724 340 759 τί;
355 724 397 753 ἵνα
412 723 527 762 ἀκούσῃ,
542 723 588 758 Μὴ
605 724 742 762 ἱματισμῷ
757 724 837 751 πολυ-

63 771 149 806 τελεῖς
166 771 206 800 Οὐ
222 771 382 810 γελάσεται;
406 770 453 799 οὐκ
470 769 672 808 ἀνακαγχάσει;
695 771 723 798 οὐ
738 768 836 808 χλεύην

63 816 109 845 καὶ
124 816 227 852 ἀπάτην
240 812 307 845 εἶναι
322 821 406 854 νομιεῖ
419 815 452 845 τὰ
467 815 601 855 *Epi-,epm
619 815 668 844 Διὸ
679 817 838 854 παρακαλῶ,

63 862 96 891 τὰ
120 863 217 902 χρυσία
239 867 296 895 ταῖς
324 867 444 900 πομπαῖς
469 863 595 900 ἀφῶμεν,
630 866 686 894 ταῖς
714 866 837 896 σκηναῖς,

63 912 139 942 ῃ’ταῖς
159 909 304 949 προΟήκαις
316 913 373 942 ταῖς
386 909 430 937 ἐπὶ
446 911 498 937 τῶν
513 908 707 947 ἐργαστηρίων·
723 910 739 943 ἡ
754 908 780 936 δὲ
794 911 839 937 τοῦ

64 956 135 984 Θεοῦ
148 955 224 984 εἰκὼν
242 955 278 994 μὴ
294 955 392 987 τούτοις
406 954 626 987 καλλωπιζέσθω·
641 956 657 988 ἦ
670 954 793 994 ἐλευθέρα
806 956 838 991 τῇ

65 1001 199 1042 ἐλευθερίᾳ
223 1001 390 1040 κοσμείσθω·
413 1000 548 1039 ἐλευθερία
565 1000 591 1028 δὲ
615 1000 645 1029 τὸ
671 1000 788 1039 ἄτυφον,
810 1001 840 1029 τὸ

66 1048 248 1086 ἀκόμπαστον.
264 1049 297 1077 Εἰ
310 1047 336 1076 δὲ
352 1047 396 1076 καὶ
411 1046 486 1081 δόξης
501 1046 587 1084 βούλει
599 1048 647 1080 τῆς
658 1045 731 1084 παρὰ
744 1045 840 1085 ἀνθρώ-

66 1106 123 1122 πων
135 1095 268 1133 ἐπιτυχεῖν
277 1117 285 1130 ,
296 1093 376 1126 οὕτως
388 1092 518 1131 ἐπιτεύξῃ.
531 1091 589 1126 Τὴν
601 1091 652 1131 γὰρ
664 1092 755 1131 ἀνδρὸς
764 1093 842 1120 πλου-

66 1144 170 1173 τοῦντος
183 1135 261 1169 οὖσαν
276 1144 389 1178 γυναῖκα
403 1140 451 1178 οὐχ
465 1138 531 1167 οὕτω
544 1137 733 1176 θαυμασόμεθα
746 1138 842 1178 χρυσία

69 1189 199 1226 φοροῦσαν
213 1186 258 1215 καὶ
270 1185 368 1226 σηρικά
377 1198 383 1203 ·
406 1189 483 1214 τοῦτο
495 1183 548 1223 γὰρ
563 1185 649 1214 κοινὸν
668 1184 777 1212 ἁπασῶν
787 1196 793 1202 ·
808 1187 843 1218 ὡς

70 1232 132 1261 ὅταν
149 1233 221 1261 λιτὸν
233 1232 338 1270 ἱμάτιον
352 1232 398 1261 καὶ
419 1232 518 1261 ἁπλοῦν
529 1254 537 1268 ,
561 1231 605 1260 καὶ
619 1230 645 1264 ἐξ
665 1230 734 1271 ἐρίου
749 1233 842 1270 εἴργα-

72 1279 166 1318 σμένον
184 1278 260 1317 μόνον
283 1278 453 1318 περικειμένη
479 1278 596 1317 τυγχάνῃ
607 1289 613 1295 ·
640 1280 716 1307 τοῦτο
742 1278 843 1316 Οαυμοί-

72 1337 162 1356 σονται
181 1325 291 1361 πάντες,
315 1328 392 1354 τοῦτο
412 1324 594 1364 κροτῆσουσιν.
617 1324 664 1354 Ἔν
686 1326 777 1364 ἐκείνῳ
798 1325 845 1363 μὲν

71 1372 123 1412 γὰρ
136 1373 173 1411 τῷ
188 1372 280 1410 κόσμῳ
295 1373 332 1410 τῷ
353 1373 405 1399 τῶν
418 1370 534 1410 χρυσίων
560 1371 605 1400 καὶ
627 1373 679 1399 τῶν
694 1373 844 1400 πολυτελῶν

72 1418 199 1457 ἱματίων,
224 1417 324 1450 πολλὰς
345 1418 401 1456 ἔχει
423 1417 470 1450 τὰς
490 1417 662 1450 κοινωνούσας
686 1418 768 1457 αὐτῇ·
797 1418 845 1447 κᾶν

71 1464 171 1499 ταύτην
185 1463 376 1504 ὓπερακοντίσῃ
386 1487 393 1499 ,
419 1463 469 1492 ὑπὸ
482 1466 529 1498 τῆς
544 1463 634 1502 ἑτέροις
649 1466 773 1499 ἡττᾶται·
796 1464 845 1493 κᾶν

71 1509 159 1543 παίσας
175 1509 376 1549 ὑπερὲάληται,
392 1509 443 1538 ὑπὸ
460 1512 508 1545 τῆς
521 1510 653 1548 βασιλίδος
668 1512 748 1545 αὐτῆς
767 1515 845 1540 νικᾶ-

71 1567 128 1584 ται·
141 1558 252 1585 ἐνταῦθα
267 1555 294 1584 δὲ
310 1556 398 1589 πάσας
408 1560 483 1595 νικᾷ,
496 1556 541 1584 καὶ
552 1555 634 1591 αὐτὴν
649 1555 696 1591 τὴν
711 1559 757 1585 τοῦ
771 1559 846 1595 βασι-

884 301 940 329 lure
954 301 1050 329 frustra
1065 300 1175 329 dicere?
1188 300 1255 328 Nam
1270 297 1314 326 dic
1329 297 1413 334 mihi,
1428 297 1450 325 si
1465 296 1526 335 quis
1546 296 1627 325 Gra*-

884 359 930 375 cus
944 354 968 375 et
984 346 1101 375 infidelis
1111 357 1172 374 cum
1187 344 1303 374 audierit
1319 344 1370 381 legi
1387 343 1459 371 hunc
1473 343 1571 378 locum,
1583 341 1629 370 ubi

884 393 941 422 liaec
955 393 1022 421 dicit
1034 393 1129 421 beatus
1145 392 1261 429 Paulus,
1279 390 1436 430 praeeipicns
1453 388 1628 424 mutieribus,

886 446 914 467 ut
928 449 961 467 ne
973 450 1049 474 auro,
1062 445 1172 477 argento
1186 445 1211 466 et
1227 436 1390 475 margaritis,
1407 446 1493 473 neque
1506 433 1631 474 pretiosis

887 485 1008 514 vestibus
1020 492 1164 521 ornentur;
1178 492 1203 513 et
1217 495 1279 513 cum
1293 483 1348 522 ipse
1362 482 1459 510 habeat
1473 491 1587 509 uxorem
1597 480 1631 508 fi-

889 531 987 568 delem,
1002 531 1093 559 rideat
1109 531 1183 559 illam
1197 529 1302 558 ornatui
1316 527 1433 563 studere,
1447 533 1472 555 et
1486 537 1565 555 aurea
1581 526 1633 554 cir-

890 588 1050 617 cumponere
1069 584 1097 605 ut
1123 575 1290 615 ingrediatur
1314 574 1341 603 in
1363 573 1502 603 ecclesiam
1519 584 1524 599 :
1545 582 1631 600 aunon

891 625 961 654 dicet
975 624 1049 664 apud
1071 625 1200 664 seipsum,
1220 622 1314 652 videns
1335 632 1394 650 eam
1417 621 1443 649 in
1464 619 1588 649 cubiculo
1606 630 1634 648 se

891 679 984 700 ornate
998 677 1200 710 componentem
1215 677 1239 698 et
1252 669 1437 708 disponentem
1452 666 1544 702 :Quid
1563 666 1634 694 intus

892 725 980 747 manet
1000 718 1097 747 mulier
1111 717 1138 746 in
1154 716 1301 746 cubiculo?
1314 715 1380 754 quid
1392 713 1553 744 cunctatur?
1567 712 1635 751 quid

891 775 971 794 aurea
987 764 1163 803 circumponit
1175 769 1329 792 ornamenta
1338 762 1352 790 ‚⁹
1363 772 1416 800 quo
1430 760 1491 789 vult
1503 759 1599 788 abire?
1609 759 1636 787 in

893 812 1052 841 ecclesiam?
1064 811 1168 849 quare?
1183 817 1211 838 ut
1222 809 1326 847 audiat7
1340 810 1409 837 Non
1422 810 1454 836 in
1468 813 1550 836 veste
1559 817 1639 836 sunz-

895 861 999 887 tunsa?
1013 859 1073 887 Non
1096 857 1216 886 ridebit?
1226 867 1278 884 non
1294 855 1320 884 in
1337 854 1480 884 cachinnos
1495 853 1638 892 erumpet?

894 915 946 933 non
963 915 1018 933 rem
1034 903 1166 932 ludicram
1178 910 1201 931 et
1217 902 1399 942 deceptionem
1411 911 1453 929 res
1467 907 1569 928 nostras
1583 909 1640 928 esse

893 950 1079 979 existimabit?
1102 949 1286 984 Quamobrem
1309 958 1392 987 rogo,
1407 954 1436 976 ut
1459 958 1539 975 aurea
1562 957 1640 976 orna-

895 1003 983 1024 menta
1006 996 1111 1035 pompis
1135 995 1314 1030 dimittamus,
1334 995 1433 1029 scenis,
1452 994 1518 1022 etin
1540 992 1642 1022 tabulis

895 1042 1066 1070 officinarum
1082 1041 1203 1080 exposita
1220 1053 1226 1068 ε
1244 1041 1294 1070 Dei
1316 1048 1405 1069 autem
1421 1041 1509 1079 imago
1524 1050 1576 1068 non
1598 1039 1642 1067 his

895 1094 1021 1123 ornetur;
1036 1093 1146 1115 ornetur
1171 1086 1286 1125 ingenua
1309 1086 1432 1114 libertate
1453 1098 1459 1113 ε
1483 1097 1497 1114 a
1520 1085 1644 1114 libertate

896 1141 987 1163 autem
1003 1133 1077 1162 abest
1092 1134 1175 1161 fastus
1191 1139 1216 1161 et
1229 1140 1338 1161 ornatus
1357 1132 1506 1160 indecorus.
1523 1131 1605 1168 Quod
1619 1131 1642 1159 si

897 1180 977 1209 etiam
991 1179 1061 1209 velis
1075 1179 1109 1207 ab
1126 1178 1283 1207 hominibus
1299 1178 1412 1216 gloriam
1433 1178 1567 1216 consequi,
1584 1189 1643 1206 cam

897 1227 935 1255 sic
950 1226 1107 1265 assequeris.
1122 1225 1225 1254 Divitis
1241 1225 1312 1253 enim
1331 1224 1449 1252 hominis
1463 1234 1575 1252 uxorem
1592 1234 1644 1252 non

898 1274 934 1302 ita
955 1273 1152 1302 admirabimur
1173 1282 1253 1300 aurea
1274 1278 1430 1300 ornamenta
1451 1277 1596 1309 gestantem
1621 1277 1646 1299 et

898 1323 995 1352 sericas
1010 1329 1115 1357 vestes;
1131 1320 1183 1349 hoc
1198 1327 1236 1349 est
1251 1320 1321 1348 enim
1342 1329 1484 1348 commune
1504 1317 1645 1353 omnihus;

898 1376 926 1397 ut
943 1368 1049 1407 quando
1065 1367 1145 1396 fuerit
1161 1366 1254 1395 induta
1269 1372 1343 1395 veste
1358 1364 1485 1404 simplici,
1497 1370 1521 1392 et
1537 1374 1571 1392 ex
1585 1363 1647 1391 lana

898 1423 1003 1445 tantum
1019 1421 1141 1444 contexta
1158 1426 1163 1441 :
1179 1413 1230 1442 hoc
1248 1423 1339 1441 omnes
1361 1411 1579 1445 admirabuntur,
1595 1410 1647 1438 hoc

898 1473 959 1492 cum
975 1462 1070 1501 plausu
1085 1461 1230 1500 excipient.
1243 1460 1312 1488 Nam
1325 1459 1352 1488 in
1363 1458 1410 1487 illo
1423 1458 1533 1496 quidem
1545 1456 1648 1485 mundo

898 1515 1117 1538 ornamentorum
1139 1513 1164 1535 et
1187 1513 1386 1535 sumtuosarum
1408 1505 1525 1533 vestium
1548 1502 1648 1532 multas

898 1556 979 1585 hahet
1001 1555 1106 1592 socias;
1129 1561 1155 1582 et
1177 1553 1199 1582 si
1223 1553 1294 1581 hanc
1314 1557 1435 1591 superat,
1457 1557 1599 1590 superatur
1613 1548 1648 1577 ab

105 1653 114 1664 ¹
134 1644 202 1679 [ταῖς
222 1649 344 1680 προθήκνις
365 1654 411 1678 pro
433 1657 455 1672 τ.
474 1650 609 1681 προσθήκαις
628 1653 695 1672 recte
716 1648 747 1672 A.
761 1649 789 1672 R.
810 1654 835 1672 et
847 1648 947 1674 Comm.
961 1647 1003 1672 Sic
1015 1645 1195 1680 legeratMut.]

494 1746 671 1774 MUTIANO
693 1746 950 1776 SCIIOLASTICO
975 1745 1224 1775 [NTERPRETE

74 1830 214 1861 advertis?
228 1832 270 1859 An
281 1831 430 1870 ingrederiS
443 1831 527 1860 veluti
543 1832 635 1860 volens
651 1843 698 1861 nos
713 1832 835 1862 doctores
847 1831 1017 1871 redarguere,
1033 1843 1063 1861 eo
1080 1831 1154 1870 quod
1170 1841 1240 1859 vano
1258 1831 1308 1859 ista
1326 1830 1491 1868 loquamur?
1504 1829 1555 1858 Dic
1576 1829 1649 1857 enim

73 1878 153 1913 mihi,
166 1878 186 1906 si
201 1878 344 1916 quisquam
355 1888 476 1917 paganus
488 1885 514 1906 et
526 1878 644 1908 infidelis
654 1879 758 1915 audiat,
771 1890 832 1908 cum
844 1879 943 1918 legitur
958 1880 1033 1908 locus
1047 1879 1106 1912 iste,
1118 1879 1144 1906 in
1157 1888 1210 1916 quo
1220 1877 1278 1905 haec
1290 1877 1384 1905 beatus
1395 1877 1521 1915 praecepit
1532 1877 1648 1912 Paulus,

74 1923 142 1963 quid
157 1923 192 1952 de
200 1923 280 1971 nobis
291 1923 447 1952 existimet?
458 1930 504 1952 aut
515 1924 537 1953 si
550 1924 692 1963 quisquam
705 1936 828 1965 paganus
843 1926 944 1954 hahens
958 1925 1098 1954 mulierem
1111 1924 1230 1960 fidelem,
1241 1929 1381 1962 cognoscat
1395 1922 1521 1960 quoniam
1534 1923 1649 1952 multam

75 1982 169 2000 curam
181 1971 249 2010 gerit
261 1970 438 2011 componendi
453 1981 480 2000 se
494 1972 539 2000 vel
555 1972 667 2001 ornandi
682 1979 707 2001 et
721 1972 884 2001 circumdari
901 1973 990 2001 aureis
1005 1971 1186 2008 ornamentis;
1200 1977 1294 2010 pergat
1307 1976 1394 1998 autem
1409 1969 1444 1998 ad
1459 1969 1609 2003 ecclesiam,
1623 1977 1649 1998 et

75 2017 198 2047 advertat
212 2018 362 2057 apostolum
375 2026 596 2053 commonentem,
609 2030 693 2058 neque
704 2031 778 2056 auro,
792 2030 877 2058 neque
894 2019 1058 2058 margaritis,
1072 2029 1159 2056 neque
1175 2017 1294 2046 vestibus
1309 2017 1431 2056 pretiosis
1442 2017 1539 2045 debere
1549 2017 1647 2045 mulie-

77 2077 135 2095 rem
150 2066 239 2095 oruari
250 2078 256 2093 :
267 2076 354 2095 nonne
363 2066 453 2095 statim
467 2066 534 2096 dicit
550 2067 582 2096 ad
599 2068 728 2107 scipsum,
744 2067 839 2096 videns
858 2077 916 2096 eam
931 2067 957 2095 in
976 2066 1094 2095 thalamo
1113 2076 1161 2094 suo
1178 2072 1232 2094 tam
1248 2065 1330 2094 variis
1348 2064 1435 2093 modis
1447 2065 1546 2101 ornari,
1562 2075 1650 2093 nonne

78 2113 169 2142 statim
178 2113 286 2142 haesitat
295 2113 397 2150 diceus,
409 2114 484 2149 Quid
497 2115 569 2143 intus
583 2115 681 2144 mulier
696 2123 807 2144 ornatur
817 2115 843 2144 in
856 2114 996 2143 thalamo?
1007 2113 1074 2152 quid
1090 2113 1228 2142 comitur?
1245 2112 1311 2151 quid
1328 2123 1393 2141 auro
1406 2112 1485 2141 textis
1502 2112 1648 2141 induitur?

80 2160 190 2188 ubinam
205 2160 344 2189 ambulare
357 2161 498 2201 disponit?
511 2172 576 2191 num
590 2162 626 2191 ad
642 2162 803 2191 ecclesiam?
815 2162 918 2201 quare?
931 2168 960 2190 ut
976 2160 1068 2190 audiat
1089 2171 1116 2189 se
1137 2160 1236 2189 debere
1255 2159 1376 2189 vestibus
1396 2158 1484 2187 ornari
1505 2158 1650 2198 pretiosis?

79 2207 174 2235 Nonne
185 2205 304 2235 ridebit?
318 2217 404 2236 noune
418 2207 562 2237 cachinnos
576 2209 657 2237 altius
670 2209 809 2238 elevabit?
823 2219 909 2237 nonne
927 2207 1141 2237 Christianorum
1159 2206 1314 2246 religionem
1330 2205 1513 2244 deceptionem
1525 2212 1550 2234 et
1566 2205 1650 2234 scdu-

80 2253 194 2304 ctionem
209 2263 264 2282 esse
275 2253 430 2304 iudicabit?
444 2257 588 2296 Propterea
600 2257 720 2291 obsecro,
734 2264 763 2285 ut
775 2268 840 2285 auro
855 2263 941 2285 textas
959 2262 1044 2285 vestes
1059 2265 1193 2293 aureaque
1209 2260 1363 2283 ornamenta
1376 2253 1483 2293 pompis
1493 2253 1652 2292 relinquatis

80 2307 105 2328 et
119 2310 214 2335 scenis,
227 2306 252 2328 et
263 2310 300 2328 cls
311 2311 371 2339 quae
388 2301 415 2330 iu
427 2303 482 2332 suis
493 2304 645 2342 ergasteriis
660 2304 724 2332 talia
738 2303 928 2333 venumdanda
946 2309 1100 2343 proponunt
1112 2302 1179 2330 :Dei
1196 2308 1283 2330 autem
1299 2301 1388 2339 imago
1406 2311 1458 2329 non
1473 2300 1533 2329 vult
1551 2301 1651 2331 talibus

80 2346 216 2376 adornari.
227 2346 342 2376 Honesta
357 2348 454 2377 mulier
472 2349 609 2379 honestate
621 2350 762 2379 decoretur
775 2363 781 2378 :
794 2351 905 2380 honesta
924 2357 1015 2379 autem
1037 2350 1083 2378 illa
1099 2356 1152 2385 est,
1166 2360 1224 2388 qum
1239 2348 1356 2388 typhum
1373 2358 1425 2376 non
1440 2347 1599 2386 hahet‚quae
1609 2359 1652 2377 or-

82 2400 178 2444 natum
193 2403 244 2422 non
257 2393 336 2422 habet
347 2395 509 2440 saecularem.
520 2399 560 2426 Ac
571 2398 593 2426 si
606 2397 725 2426 volueris
739 2397 852 2437 gloriam
867 2409 926 2436 quae
935 2404 974 2427 est
985 2397 1059 2437 apud
1074 2397 1197 2425 homines
1208 2396 1321 2436 adipisci
1334 2418 1341 2431 ,
1356 2395 1406 2423 isto
1418 2394 1505 2433 magis
1519 2405 1578 2423 eam
1591 2395 1653 2424 adi-

84 2449 194 2491 pisceris
215 2439 305 2469 modo,
320 2441 390 2470 Nam
409 2442 461 2471 viri
475 2443 570 2473 divitis
579 2444 720 2473 mulierem
735 2455 787 2473 non
805 2445 842 2473 ita
856 2445 973 2474 solemus
986 2444 1116 2473 admirari
1130 2466 1137 2478 ‚
1151 2453 1213 2471 cum
1227 2443 1315 2471 aureis
1328 2441 1492 2470 ornamentis
1506 2441 1548 2470 vel
1560 2441 1652 2470 sericis

83 2486 205 2539 vestibus
216 2486 378 2539 adornatum
390 2487 441 2517 hoc
452 2489 553 2529 quippe
563 2501 705 2520 commune
713 2498 868 2520 cunctarum
880 2498 919 2520 est
930 2491 1105 2528 seminarum5
1119 2490 1187 2519 sicut
1198 2489 1380 2525 admiramur,
1389 2499 1450 2517 cum
1462 2487 1537 2527 puris
1549 2495 1575 2517 ct
1588 2488 1654 2517 sim·

85 2533 202 2573 plicibus
213 2541 238 2563 et
248 2534 331 2564 laneis
350 2535 436 2565 utitur
449 2538 614 2568 vestimentis
627 2539 693 2568 :hoc
710 2539 829 2569 universi
846 2540 964 2569 maxime
985 2540 1169 2574 mirabuntur,
1182 2537 1233 2567 hoc
1250 2537 1392 2578 plausibus
1412 2536 1609 2565 sublimabunt.
1622 2536 1654 2565 In

87 2580 134 2610 illo
151 2580 260 2620 quidem
274 2589 380 2620 ornatu,
397 2583 449 2613 hoc
464 2591 502 2613 est
515 2595 580 2615 auro
596 2592 730 2616 testarum
745 2593 769 2616 et
783 2587 960 2627 pretiosarum
975 2586 1102 2626 vestium,
1117 2585 1247 2625 plurimas
1261 2584 1360 2613 similes
1375 2582 1426 2612 sibi
1442 2581 1555 2622 reperiet
1566 2593 1574 2621 3
1587 2592 1618 2610 ac
1631 2582 1656 2611 si

1468 2629 1515 2657 ⁶25.

1643 393 1787 419 2.11m.2,9.
