1906 2846
434 181 465 203 IN
498 182 678 204 1·ῑ1’15’1“.;1[)
707 180 871 203 ttEunvos.
901 181 977 202 (I-tl‘.
1010 180 1055 202 ΧΙ.
1087 181 1202 203 ltOMtt..
1233 180 1316 202 XXII.
1588 171 1653 216 31)νῖ

88 245 130 274 τίοι
142 246 252 284 ὁρωντες
262 244 341 275 οὕτως
356 244 553 283 εὐηρέστῃσαν·
566 244 640 272 πόσω
657 245 727 272 aa».
730 255 756 271 ον
768 246 819 280 ἧσε
822 247 856 278 ἱς;
911 241 1037 280 cognovit
1052 241 1124 279 quod
1138 241 1160 270 si
1174 248 1212 269 cst
1228 242 1310 274 Deus,
1325 239 1403 280 plane
1415 248 1452 270 est
1465 241 1653 270 etiam‘rcmu-

87 291 145 320 οὔτε
167 291 218 329 γὰρ
234 289 294 329 περὶ
309 289 478 321 ἀναστάσεως
492 289 600 325 ’ᾔδεισαν
617 291 730 324 ἐκεῖνοι,
747 283 806 317 oms
822 290 858 320 εἰς
911 295 1017 317 nerator
1034 300 1039 315 :
1060 298 1224 326 quamquam
1239 287 1360 316 nondum
1378 287 1519 327 quidpiam
1536 287 1653 316 sciebant

87 337 291 376 παραδείγματα
305 338 378 374 εἰχον
393 336 429 363 ἱοε
432 339 465 363 ἵν.
481 335 551 363 Auri>
564 335 596 372 μὲ
599 347 611 362 ν
627 330 670 363 οἶν
686 337 761 363 τοῦτο
780 334 856 362 αὐτὸν
909 334 943 363 de
956 335 1155 363 resurrectione.
1172 334 1253 370 Quod
1265 334 1286 363 si
1296 334 1341 372 qui
1356 334 1391 362 de
1407 334 1601 363 resurrectione
1610 335 1653 362 ni-

87 383 261 420 εὐαρεστῆσαι
284 380 390 415 ἐποίησε
400 402 407 414 ,
433 392 463 409 το
492 380 558 417 μηδὲ
561 393 573 408 ν
602 380 678 409 αὐτὸν
704 381 772 409 ἀπο)
775 380 855 408 οιῧεῖν.
910 381 949 409 hil
965 381 1055 410 adhuc
1070 381 1196 417 sciebant,
1207 380 1253 410 sed
1265 380 1344 409 etiam
1359 391 1419 409 cum
1434 381 1567 410 contraria
1578 379 1652 410 vide-

86 427 154 456 Εἰπὲ
165 427 196 462 δή
214 438 271 465 μοι·
292 426 351 465 ᾔδει
365 425 406 455 ὅτι
428 426 624 464 μισθαποδότης
650 427 720 456 ἐστὶν
746 429 760 455 ὁ
775 425 853 457 (θεός.
910 434 979 464 rent,
996 427 1034 455 sic
1048 428 1105 455 Deo
1122 427 1279 466 placuerunt
1293 438 1298 453 ε
1311 433 1412 464 quanto
1426 426 1512 465 magis
1524 427 1593 455 nos?
1607 437 1654 455 ne-

87 473 184 509 ΠόΟεν;
200 473 272 501 οὔπω
283 472 334 514 γὰρ
353 472 410 501 οὐδὲ
430 473 467 510 τῷ
481 472 560 501 Ἄίῖελ
579 472 724 501 ἀπέδωκεν.
742 472 823 501 Ὥστε
842 473 855 500 ὁ
909 484 961 511 que
977 473 1048 501 enim
1066 473 1106 501 illi
1119 472 1237 501 sciebant
1251 471 1286 500 dc
1300 473 1503 508 resurrectione,
1519 483 1603 511 neque
1620 472 1654 501 ad

85 519 210 558 λθγῑῦμὸς
224 518 301 558 ἕτερα
323 518 512 554 ὓπέῧῦῑλ)«ἓν,ἣ
536 518 563 547 δὲ
585 519 672 551 πίστις
694 518 726 547 τὰ
751 517 856 547 ἐναντία
911 520 1035 559 exempla
1047 526 1168 559 poterant
1186 519 1326 558 respicere.
1345 518 1401 546 Hoc
1416 519 1504 558 ipsum
1527 519 1609 557 igitur
1618 519 1655 547 se-

85 567 137 594 τῶν
157 565 308 604 δρωμένων.
329 565 384 594 Κᾶν
399 567 474 602 ὓμέῖς
488 559 541 600 οἶν,
563 565 652 603 φησὶν,
676 567 752 603 ὁρᾶτε
774 565 855 602 μηδὲν
909 567 946 595 cit
965 577 1026 595 eum
1044 566 1159 605 placere,
1178 565 1252 603 quod
1266 564 1334 593 nihil
1347 564 1488 603 receperit.
1502 565 1553 593 Dic
1568 565 1634 593 mihi
1649 577 1654 592 :

86 613 197 640 ἐνταῦθα
211 611 449 648 ἀπολαμὸάνοντας
464 612 546 648 ὑμᾶς,
563 611 599 648 μὴ
620 610 780 649 Οορυὸεῑσῡε.
795 611 856 643 Πῶς
910 612 1009 641 sciebat
1024 612 1095 650 quod
1110 613 1180 640 Deus
1197 618 1264 640 esset
1279 617 1471 639 remunerator.
1488 609 1631 639 Undenam
1642 611 1655 637 '.‘

86 657 113 686 δὲ
125 657 213 686 πίστει
232 657 358 695 μετετέθη
374 659 387 685 ὁ
399 657 502 694 Ἰίνώχ;
514 657 579 686 “Ort
594 659 641 691 τῆς
662 657 824 695 μεταθέσεως
839 660 854 692 ἦ
872 664 889 686 C
911 658 987 686 abeli
1002 658 1074 686 enim
1091 656 1212 685 nondum
1223 656 1389 685 reddiderat.
1404 655 1588 690 Quamobrem
1603 655 1655 683 alii

86 703 257 743 εὐαρέστησις
272 703 343 732 αἰτία
354 706 417 739 ,τῆς
430 703 456 733 δὲ
472 704 668 741 εὐαρεστήσεως
682 707 698 739 ἡ
714 704 810 736 πίστις.
823 705 857 733 lit
910 703 1069 741 suggerebat
1091 702 1170 738 ratio,
1193 702 1260 731 fides
1279 709 1367 730 autem
1389 700 1522 730 contraria
1547 701 1580 729 iis
1597 712 1641 739 qu
1636 713 1656 729 ιτ

86 749 136 789 γὰρ
153 749 190 788 μὴ
206 750 263 788 ᾔδει
278 749 317 778 ὅτι
341 750 454 789 λήψεται
476 750 606 788 ἀμοιὸὰς,
627 751 683 782 πῶς
709 751 855 789 εὖηρέστει;
910 741 1081 779 videbantur.
1097 749 1185 787 lgitur
1199 759 1247 778 vos
1262 758 1378 786 quoque,
1393 747 1491 786 inquit,
1506 747 1528 775 si
1542 746 1654 776 rideatis

87 796 175 836 Χωρὶς
189 796 215 825 δὲ
232 796 346 829 πίστεως
369 796 495 825 ἀδύνατον
519 798 702 835 εὐαρεστῆσαι.
719 798 796 832 Πῶς;
810 797 856 826 Ἂν
910 807 959 825 vos
971 796 1015 824 hie
1028 795 1096 824 nihil
1108 779 1236 834 recipere,
1249 805 1281 823 ne
1295 793 1497 833 perturbemini.
1513 794 1656 828 Quomodo

85 841 136 881 γάρ
148 854 188 875 τις
204 842 334 881 πιστεύσῃ
353 837 420 870 εἶναι
434 843 503 871 Θεὸν
520 842 564 870 καὶ
584 842 725 876 ἀντίδοσιν,
741 842 793 875 ἕξει
810 842 857 875 τὰς
910 842 964 870 tide
977 842 1119 870 translatus
1134 842 1185 869 fuit
1198 841 1314 870 Enoch?
1330 840 1466 876 Quoniam
1475 840 1656 869 translationis

45 881 47 883 Ι
87 888 210 925 ἀμοιὸοίς.
230 887 367 917 Ἐντεῦθεν
394 884 438 916 οὖν
463 890 479 923 ἡ
503 888 681 926 εὐαρέστησις.
710 889 856 916 Πιστεῧσαι
910 899 988 917 causa
1005 888 1056 917 suit
1078 888 1151 926 quod
1168 889 1224 917 Deo
1239 888 1383 927 placuerit,
1397 886 1471 926 quod
1486 894 1576 916 autem
1592 887 1654 926 pla-

84 933 135 972 γὰρ
149 934 187 962 δεῖ
201 933 246 962 τὸν
262 934 476 974 προσερχόμενον
491 936 528 973 τῷ
542 936 617 972 Θεῷ,
631 933 673 962 ὅτι
688 934 768 967 ἐστὶν,
788 935 816 962 οὐ
828 933 857 962 τὸ
910 934 1009 967 cuerit,
1024 934 1100 962 fides.
1118 935 1186 962 Nam
1202 934 1223 961 si
1239 933 1393 962 nescivisset
1407 933 1481 971 quod
1497 940 1656 972 accepturus·

84 979 110 1007 τί
122 980 202 1008 ἐστιν.
220 981 253 1008 Εἰ
267 979 293 1008 δὲ
307 980 352 1013 τὸ,
366 979 429 1008 νΟτι
444 980 515 1015 ἐστὶ,
527 979 654 1014 πίστεως,
671 979 716 1007 καὶ
739 981 767 1007 οὐ
784 980 856 1017 λογι-
910 987 976 1008 essct
991 980 1249 1014 remunerationem,
1267 979 1401 1017 quomodo
1418 980 1473 1008 Deo
1487 979 1628 1018 placuisset
1643 981 1656 1007 '.'

84 1028 159 1064 σμῶν
175 1026 275 1053 δεῖται·
288 1025 332 1057 τὸ,
346 1024 372 1052 τί
387 1026 452 1060 ἐστι,
472 1026 592 1062 λογισμῷ
605 1024 764 1052 καταλαὸεῐν
781 1025 856 1053 δυνα-
910 1026 1052 1064 Sinefide
1073 1032 1170 1053 autem
1190 1026 1366 1062 impossibile
1385 1032 1426 1054 est
1443 1027 1561 1064 placere
1582 1027 1653 1055 Deo.

84 1072 139 1107 τόν;
151 1073 175 1100 εἷ
187 1071 228 1099 ὅτι
244 1069 440 1108 μισθαποδότης
451 1069 523 1105 ἐστὶ,
537 1070 652 1101 πίστεως
673 1069 764 1108 χρείαν
784 1070 839 1108 ἔχει
849 1093 856 1105 ,
910 1070 1052 1106 Quomodo
1063 1070 1193 1099 ?Sienin1
1204 1070 1347 1098 crediderit
1357 1071 1491 1110 quispiam
1502 1083 1557 1100 csse
1569 1073 1655 1101 Deum

82 1117 127 1146 καὶ
145 1119 174 1146 οὐ
188 1117 321 1155 λογισμῶν
335 1127 342 1132 ·
357 1117 413 1148 πῶς
426 1115 460 1143 τὰ
475 1117 523 1150 τῆς
536 1115 626 1148 οὐσίας
641 1117 761 1154 λογισμῷ
776 1127 854 1155 περι·
871 1125 889 1147 D
910 1123 934 1145 et
948 1116 1200 1153 remunerationem,
1212 1115 1361 1145 mercedem
1371 1116 1491 1145 habebit.
1506 1118 1575 1146 Hine
1590 1128 1654 1147 eve—

81 1161 172 1190 λαὸεἷν
191 1160 243 1196 ἔνῑὶ
257 1163 330 1192 πθῖῠς
344 1159 394 1198 γὰρ
413 1158 556 1194 δυνήσεται
578 1159 705 1198 λογισμὸς
720 1160 855 1198 5?²>22'000t'-
910 1165 949 1194 nit
964 1171 994 1193 ut
1009 1166 1065 1193 Deo
1076 1164 1216 1204 placuerit.
1231 1165 1355 1193 Credere
1370 1167 1445 1192 enim
1457 1173 1565 1204 oportet
1577 1177 1656 1195 acce-

81 1205 195 1243 τούτων’
208 1205 261 1235 τῑνὲ
264 1217 276 1238 ς
289 1205 340 1244 γὰρ
355 1205 492 1243 αὖτοματά
503 1217 581 1244 τασῑν
592 1205 725 1261 ³²Yf⁵0²²
737 1205 770 1234 τὰ
781 1218 853 1235 QVW
909 1218 1024 1244 dentem
1041 1216 1082 1244 ad
1094 1216 1189 1244 Deum
1208 1216 1286 1254 quod
1301 1221 1352 1250 esc,
1370 1225 1423 1244 non
1435 1216 1501 1254 quid
1517 1217 1560 1245 sit.
1575 1217 1655 1251 Quod

80 1251 197 1292 Ορᾷς
181 1264 240 1287 ⁰³²⁵
259 1252 288 1280 ἂν
305 1251 342 1289 μὴ
360 1252 527 1290 πιστεύωμεν
545 1264 606 1291 περι
619 1263 722 1287 'mmm’
745 1263 773 1280 ⁰⁰
793 1264 854 1299 ‘'5⁵1“
908 1267 942 1305 si,
960 1267 1046 1305 Quod
1059 1273 1111 1303 est,
1128 1266 1193 1302 fide,
1207 1273 1232 1294 et
1246 1276 1298 1294 non
1311 1265 1462 1294 rationibus
1475 1273 1532 1304 eget
1551 1278 1556 1293 :
1574 1267 1654 1301 illud,

78 1298 127 1333 τὴν
153 1298 284 1326 ἀντίδοσιν
309 1298 397 1335 μόνον,
419 1298 487 1326 ἀλλὰ
510 1310 556 1327 και
576 1309 637 1338 περι
656 1298 720 1327 αὐτὸ
740 1298 770 1327 τὸ
787 1301 852 1327 εἰναι

79 1344 158 1379 Θεον,
177 1343 280 1382 οἴχεται
307 1345 372 1381 ἡμῖν
394 1343 427 1372 τὰ
450 1344 554 1380 πάντα;
570 1344 670 1373 Πολλοι
694 1344 721 1373 δε
745 1346 852 1380 ζητοῦσι

79 1392 129 1418 ποῦ
143 1390 269 1428 μετετέθη
285 1391 299 1418 ὁ
311 1388 416 1428 Ἑνὼχ,
428 1390 473 1418 καὶ
492 1389 535 1419 διὰ
550 1390 575 1418 τί
587 1390 728 1428 μετετέθη,
743 1390 788 1419 καὶ
809 1391 852 1420 διὰ

907 1317 974 1356 quid
985 1317 1028 1353 sit,
1042 1316 1144 1345 ratione
1159 1315 1350 1355 comprehendi
1363 1316 1472 1355 potest?
1485 1316 1517 1353 si,
1532 1316 1604 1354 quod
1621 1317 1654 1345 sit

907 1373 1101 1404 remunerator,
1126 1366 1180 1395 fide
1199 1377 1267 1405 opus
1289 1366 1380 1403 habet,
1403 1377 1452 1395 nec
1471 1366 1621 1395 rationibus
1647 1380 1652 1395 :

81 1436 106 1464 τί
125 1435 257 1464 01(
639 1437 671 1465 Η
907 1419 1042 1457 quomodo
1053 1429 1112 1457 quae
1129 1424 1191 1447 sunt
1203 1417 1321 1446 essentiae
1335 1417 1525 1457 comprehendi
1541 1429 1641 1458 possun

140 1437 171 1465 ὖκ
193 1438 332 1471 ἀπε1ανεν,
351 1435 410 1464 οὔτε
430 1436 520 1471 αὐτος,
539 1436 598 1465 οὔτε
612 1439 625 1465 ὁ
675 1436 749 1471 λίας,
770 1449 815 1466 και
829 1439 895 1485 εἰ205

81 1482 119 1510 ἔτι
144 1483 296 1516 ζῶσι,ττῶς
320 1483 400 1518 ζῶσι,
423 1494 468 1510 και
495 1483 520 1511 ἐν
543 1483 610 1511 waic)
631 1482 752 1522 σχηιιατί
773 1486 849 1513 εἰσιν.
868 1496 887 1517 Α

80 1527 159 1556 Ἀλλὰ
174 1528 295 1575 mpii-rbi,
310 1527 397 1562 πάντη
412 1528 442 1557 -ὸ
456 1532 539 1558 ταῦτα
553 1530 649 1563 ζητεῖν
657 1528 722 1558 ῧοτι
738 1529 784 1567 μὲν
800 1530 852 1570 γὰρ
905 1529 956 1551 test
965 1521 1212 1560 assequi?quidam
1222 1521 1294 1550 enim
1301 1520 1395 1550 dicunt
1406 1531 1468 1550 casu
1478 1521 1540 1549 serri
1553 1521 1651 1550 onmia.

80 1574 205 1610 μετετέῡν
221 1577 307 1609 οὗτος,
326 1585 371 1602 και
386 1574 426 1603 ὅτι
448 1576 492 1603 ἀνε
496 1575 581 1614 »Aeon
604 1576 714 1611 ἐκεῖνος,
730 1572 803 1605 εἶπον
826 1579 852 1605 αἱ
905 1572 990 1602 Vides
1004 1572 1078 1611 quod
1091 1572 1113 1601 si
1125 1572 1153 1601 in
1169 1572 1295 1602 omnibus
1307 1582 1360 1601 non
1375 1571 1526 1610 credamus,
1539 1582 1592 1601 non
1608 1583 1648 1601 so·

79 1620 101 1647 1
105 1620 199 1658 ραφαί·
213 1622 263 1649 ποῦ
282 1619 310 1648 οέ
332 1621 400 1655 εἷο-ι,
416 1632 461 1649 και
475 1622 531 1654 πῶς
554 1622 629 1654 εἰσιν,
650 1621 738 1650 οὐκέτι
756 1622 851 1661 προσέ-
905 1623 960 1651 lum
976 1623 1003 1652 in
1014 1622 1236 1659 remuneratione,
1248 1623 1294 1652 sed
1308 1623 1388 1652 etiam
1403 1623 1430 1652 in
1441 1623 1492 1652 hoc
1505 1622 1563 1662 ipso
1579 1623 1650 1661 quod

906 1470 1129 1500 ratiocinatione?
1146 1480 1268 1509 qnaenam
1286 1469 1357 1498 enim
1373 1470 1540 1499 ratiocinatio
1555 1481 1584 1499 ea
1599 1482 1651 1510 po-

111 1727 121 1738 =
138 1718 299 1744 Colbertinus
312 1722 374 1745 εἶναι.
388 1720 447 1753 [sic
465 1722 492 1746 Α,
512 1721 539 1744 Β.
559 1720 683 1745 Commel.
698 1726 722 1745 ct
734 1729 814 1753 marg.
835 1721 912 1748 savit.
925 1722 967 1747 Sic
980 1723 1056 1746 etiarn
1069 1722 1162 1755 legerat
1171 1722 1320 1754 mutianus]

498 1819 672 1847 MUTIANO
695 1819 950 1848 SCHOLASTICO
972 1819 1225 1849 INTERPRETE.

77 1911 128 1939 hus
140 1910 227 1939 modis
240 1911 322 1939 etiam
337 1910 478 1940 retributio
492 1910 558 1946 erit,
578 1920 638 1939 cum
654 1910 723 1940 nihil
737 1910 826 1939 adhue
839 1911 873 1940 de
888 1911 1081 1940 resurrectione
1095 1912 1203 1940 scirent.
1218 1911 1246 1939 Si
1262 1917 1352 1939 autem
1367 1910 1406 1938 illi
1419 1910 1465 1948 qui
1480 1909 1514 1938 de
1527 1920 1649 1938 resurre-

77 1959 164 1988 etione
176 1958 245 1987 nihil
259 1958 387 1994 sciebant,
402 1965 428 1987 et
440 1958 467 1986 in
484 1957 534 1986 hac
546 1958 601 1987 vita
613 1958 746 1987 contraria
763 1958 902 1996 videbant,
916 1959 954 1987 sic
969 1958 1128 1998 placuerunt
1140 1959 1196 1987 Deo
1208 1970 1213 1986 :
1227 1965 1326 1996 quanto
1340 1957 1426 1996 magis
1438 1957 1506 1985 nos?
1523 1957 1566 1985 Illi
1579 1956 1650 1985 enim

77 2016 161 2045 neque
173 2005 208 2035 de
221 2005 414 2034 resurrectione
428 2006 534 2044 aliquid
545 2006 675 2041 sciebant,
691 2017 776 2045 neque
790 2007 912 2046 exempla
931 2017 991 2046 quae
1006 2006 1175 2035 intenderent
1187 2006 1330 2034 habebant.
1343 2005 1379 2034 Et
1396 2005 1446 2034 hoc
1459 2005 1549 2044 ipsum
1564 2004 1650 2044 magis

77 2064 137 2083 eum
152 2054 257 2094 placere
276 2053 353 2089 fecit,
366 2053 429 2092 quia
444 2053 514 2082 nihil
529 2054 690 2083 retributum
706 2054 746 2083 illi
760 2061 824 2084 erat.
841 2055 946 2084 Sciebat
961 2054 1031 2083 enim
1046 2054 1174 2092 quoniam
1190 2053 1319 2082 mercedis
1334 2052 1480 2082 retributor
1495 2059 1533 2081 est
1563 2053 1647 2081 Deus.

78 2101 156 2131 Unde
168 2101 240 2130 hoc?
257 2101 326 2130 Abel
339 2101 410 2130 enim
425 2101 562 2138 retribuit,
579 2102 678 2140 inquit.
696 2102 813 2131 Proinde
828 2102 996 2131 ratiocinatio
1011 2102 1064 2131 alia
1080 2102 1257 2141 suggerebat3
1275 2101 1342 2130 fides
1355 2108 1444 2129 autem
1459 2099 1593 2129 contraria
1608 2099 1650 2128 his

77 2159 135 2187 quae
150 2147 285 2178 videntur.
301 2148 337 2177 Et
354 2158 403 2177 vos
417 2148 514 2187 igitur,
531 2148 629 2187 inquit,
645 2147 774 2178 attendite
791 2149 885 2186 vobis,
906 2156 931 2178 ct
945 2149 967 2178 si
984 2148 1080 2178 videtis
1095 2149 1163 2178 nihil
1179 2160 1226 2178 vos
1241 2149 1285 2178 hic
1298 2148 1427 2187 recipcre,
1439 2157 1490 2176 non
1505 2146 1650 2186 perturbe-

78 2196 154 2224 mini.
167 2195 310 2231 Quomodo
325 2195 397 2225 hoc?
413 2196 480 2225 Fide
498 2197 644 2225 translatus
661 2204 699 2225 est
720 2197 825 2226 Enoch.
845 2198 881 2226 Ut
896 2197 967 2226 enim
988 2197 1174 2226 transferretur
1189 2208 1267 2225 causa
1281 2197 1339 2231 suit,
1354 2195 1426 2234 quod
1445 2195 1580 2234 placuerat
1598 2207 1603 2222 :
1621 2202 1650 2223 ut

77 2250 165 2272 autem
181 2243 295 2282 placeret
306 2243 373 2278 Deo,
391 2253 470 2272 causa
480 2250 537 2272 erat
547 2243 615 2272 fides
631 2255 636 2271 :
654 2243 706 2272 nisi
718 2244 788 2272 enim
801 2244 889 2279 sciret,
903 2244 965 2283 quia
978 2251 1134 2284 recepturus
1146 2250 1212 2272 esset
1223 2243 1436 2279 retributionem,
1447 2242 1582 2281 quomodo
1591 2242 1648 2282 pla-

77 2297 145 2319 ceret
158 2290 235 2319 Deo?
248 2289 316 2319 Sine
328 2290 390 2329 fide
406 2292 484 2319 enim
498 2291 677 2329 impossihile
692 2297 734 2319 est
751 2291 867 2329 placere
887 2292 959 2320 Deo.
978 2290 1120 2326 Quomodo
1137 2290 1208 2319 hoc?
1223 2290 1355 2319 Credebat
1377 2290 1447 2318 enim
1462 2289 1524 2328 quia
1547 2289 1568 2317 si
1583 2290 1644 2328 quis

77 2337 220 2366 crediderit
233 2347 288 2366 esse
299 2338 396 2374 Deum,
412 2338 493 2366 etiam
506 2338 709 2367 retributionem
723 2338 841 2368 babebit.
856 2339 936 2368 Unde
950 2350 1013 2378 ergo
1028 2339 1149 2378 placetur
1164 2340 1219 2367 Deo
1231 2339 1244 2367 Ξ)
1263 2339 1395 2375 Credere,
1409 2337 1507 2375 inquit,
1522 2347 1591 2376 opus
1602 2344 1646 2366 est

76 2387 146 2424 quia
157 2392 208 2423 est,
217 2395 269 2414 non
282 2385 348 2424 quid
363 2393 410 2415 est.
424 2386 454 2416 Si
469 2393 558 2415 autem
573 2387 636 2425 quia
649 2393 702 2422 est,
713 2386 779 2421 fide,
795 2397 847 2415 non
861 2387 1110 2416 ratiocinationibus
1123 2398 1190 2426 opus
1203 2386 1282 2415 habet
1296 2398 1302 2414 :
1316 2386 1352 2414 ita
1368 2396 1414 2414 nec
1428 2384 1495 2424 quid
1510 2385 1543 2414 sit
1559 2385 1644 2413 ratio-

75 2434 207 2464 cinatione
227 2434 417 2474 comprehendi
434 2442 528 2474 potest.
546 2435 575 2464 Si
587 2435 649 2474 quia
662 2435 804 2464 retributio
819 2435 949 2465 mercedis
961 2442 1011 2474 est,
1024 2435 1077 2464 fide
1091 2446 1158 2475 opus
1171 2435 1260 2471 habet,
1273 2442 1298 2464 et
1309 2445 1361 2464 non
1374 2433 1623 2463 ratiocinationibus
1637 2446 1642 2460 :

75 2481 207 2519 quomodo
218 2492 257 2519 ea,
272 2492 330 2520 quae
338 2481 375 2511 ad
386 2482 527 2511 essentiam
539 2482 596 2521 ejus
608 2482 729 2517 attinent,
743 2482 945 2512 ratiocinatione
960 2490 1086 2523 poterunt
1099 2481 1288 2523 comprehendi
1298 2482 1311 2511 P
1320 2481 1408 2521 qualis
1419 2481 1490 2510 enim
1503 2487 1543 2510 est
1559 2480 1643 2509 ratio-

75 2527 172 2557 cinatio
188 2538 246 2567 quae
264 2529 361 2568 poterit
373 2528 409 2558 ad
424 2529 472 2558 ista
487 2528 659 2568 pertingere?
674 2528 785 2568 quidam
800 2530 872 2559 enim
887 2541 948 2559 casu
964 2537 988 2559 ct
1003 2537 1097 2569 sponte
1114 2530 1207 2558 dieunt
1221 2529 1322 2567 omnia,
1337 2539 1395 2568 quae
1409 2535 1482 2563 sunt,
1498 2527 1640 2557 exstitisse.

76 2573 160 2604 Vides
171 2574 233 2614 quia
245 2575 295 2604 nisi
310 2575 478 2605 crederemus
488 2575 521 2605 dc
539 2576 677 2613 omnibus,
694 2587 745 2605 non
759 2583 864 2607 tantum
877 2577 1093 2613 retributionem,
1110 2576 1156 2606 sed
1171 2576 1251 2606 etiam
1263 2575 1298 2606 de
1309 2586 1339 2605 eo
1353 2575 1411 2615 ipso
1424 2575 1491 2614 quid
1508 2575 1541 2604 sit
1556 2576 1640 2606 Deus,

1683 297 1750 316 Primi
1761 297 1792 316 ulli

1666 329 1707 347 tiri
1718 344 1722 349 ,
1737 329 1777 347 visi

1665 364 1749 381 ΜησΙι,
1773 366 1807 378 te-

1665 391 1784 409 surii-stin.

1666 428 1714 440 ιιι-111
1729 428 1772 440 nun

1666 455 1779 471 nuwianh

1694 1536 1791 1564 Quidam

1664 1569 1769 1588 diminuit

1663 1600 1735 1619 (11111111
1756 1607 1806 1619 cusu

1663 1631 1778 1651 eumer-e.
