1906 2846
266 179 373 202 ECLOG
381 182 398 202 x
427 180 469 202 Dr:

53 242 101 278 μὲν
121 241 171 280 γὰρ
194 242 461 281 βλασφημήσῃς,καὶ
483 243 531 278 τὴν
552 246 596 271 τοῦ
621 244 691 272 Θεοῦ
715 254 823 281 συμμα-

52 287 113 325 χίαν
129 287 295 326 ἀπεκρούσω,
307 288 352 316 καὶ
367 288 538 328 σφοδρότερον
552 288 665 328 εἰργάσω
684 287 753 317 κατὰ
777 290 822 317 σοῦ

52 333 96 361 τὸν
117 333 237 362 διάὸολον
248 345 253 350 ·
269 333 298 362 ἂν
312 333 339 362 δὲ
354 334 558 374 εὐχαριστήσῃς,
572 335 618 367 τοῖς
635 346 663 363 τε
682 334 823 366 ε’πιόουλὰς

53 379 209 418 ἀπεκρούσω
230 379 277 412 τὰς
298 383 343 409 τοῦ
366 384 480 420 πονηροῦ
499 381 636 419 δαίμονος,
648 381 693 410 καὶ
712 381 758 417 τὴν
777 383 822 410 τοῦ

52 425 196 462 κηδεμόνος
215 427 284 454 Θεοῦ
304 426 443 465 θεραπείαν
467 427 531 465 πρὸς
554 428 647 456 ἑαυτὸν
668 427 822 455 ἐπεσπάσω.

53 469 123 499 Ἀλλ’
145 472 196 499 ὕπὸ
215 473 262 505 τῆς
284 472 420 506 συνηθείας
443 475 513 511 ὁρμᾷ
536 473 664 506 πολλάκις
678 475 694 508 ἡ
716 474 824 511 γλῶσσα

52 515 82 544 τὸ
102 517 214 556 πονηρὸν
236 519 318 546 ἐκεῖνο
339 517 500 556 φθέγξασθαι
515 520 606 557 ῥῆμα;
625 518 696 546 Ἀλλ’
718 517 824 546 ἐπειδὰν

53 563 158 602 ὁρμήσῃ
170 585 177 597 ,
191 563 253 602 πρὶν
271 563 288 597 ἢ
307 563 337 591 τὸ
360 566 431 603 ῥῆμα
447 564 601 602 ἐξενεγκεῖν,
615 564 747 593 κατάδακε
771 569 824 596 τοῖς

53 608 154 637 ὀδοῦσιν
176 609 256 644 αὐτὴν
275 609 402 638 πάντοθεν
425 610 552 649 σφοδρῶς,
566 610 673 639 Βέλτιον
689 609 769 644 αὐτὴν
786 606 824 638 αἶ-

54 666 91 691 μα
108 654 173 693 ῥέειν
196 658 239 683 νῦν
253 655 290 691 ,ἢ
314 657 372 684 κατ’
393 657 493 692 ἐκείνην
514 656 562 691 τὴν
584 657 685 696 ἡμέραν
701 657 824 695 σταγόνος

53 701 245 738 ἐπιθυμοῦσαν,
260 701 296 739 μὴ
319 702 461 736 δυνηθῆναι
475 705 522 738 τῆς
543 703 710 742 παραμυθίας
724 707 823 742 τυχεῖν,

53 748 89 779 ὡς
102 747 146 776 ἐπὶ
155 750 199 775 τοῦ
211 747 334 776 πλουσίου
346 761 350 765 ·
365 748 467 786 βέλτιον
489 745 570 784 αὐτὴν
584 749 745 788 πρόσκαιρον
761 751 826 778 ὑπο·-

54 797 142 830 μεῐναι
164 793 283 828 πόνον,ἢ
301 795 407 830 διηνεκῆ
429 795 474 824 καὶ
502 795 620 823 ἀθάνατα
640 796 825 834 τηγανίζεσθαι

54 837 120 867 τότε.
139 838 224 875 εΌιτοιν
236 835 278 868 οῦν
294 840 362 880 νόσῳ
377 841 522 880 περιπέσῃς
536 842 642 880 χαλεπῇ
652 864 659 876 ‚
676 841 720 870 καὶ
733 842 825 870 πολλοὶ

53 885 251 924 παραγίνωνται
281 886 490 924 ἀναγκάζοντες,
516 889 539 915 οἱ
562 887 609 924 μὲν
638 888 772 925 ἐπῳδαῖς,
800 889 824 915 οἱ

53 930 80 958 δὲ
99 931 282 970 περιάμμασιν
293 955 299 967 ,
314 934 337 960 οἱ
352 933 378 961 δὲ
395 932 491 971 ἑτέροις
511 933 563 961 τισὶ
581 933 825 970 παραμυθήσασθαι

52 976 83 1004 τὸ
107 977 203 1011 κακὸν,
219 976 249 1005 σὺ
272 977 299 1006 δὲ
318 977 361 1005 διὰ
387 978 430 1006 τὸν
458 981 503 1006 τοῦ
526 979 596 1006 Θεοῦ
617 978 696 1016 φόὸον
719 978 826 1017 ἐνέγκῃς

52 1021 176 1059 γενναίως
192 1022 236 1050 τὸν
259 1024 290 1051 ἐκ
310 1025 357 1057 τῆς
378 1023 453 1052 νόσου
473 1023 551 1051 πόνον
571 1023 616 1051 καὶ
635 1024 763 1058 ἀκλινῶς,
781 1023 826 1052 καὶ

52 1067 140 1096 πάντα
166 1068 196 1096 ἂν
221 1068 268 1107 ἕλῃ
290 1072 382 1097 παθεῖν
405 1068 422 1102 ἢ
443 1069 590 1104 ὑποστῆναί
614 1080 640 1096 τι
670 1071 721 1096 τῶν
741 1069 826 1098 τοιού-

53 1125 105 1142 των
125 1113 224 1153 πρᾶξαι
237 1126 242 1132 ·
257 1115 333 1143 τοῦτό
357 1126 398 1143 σοι
423 1115 566 1153 μαρτυρίου
585 1114 711 1153 στέφανον
739 1114 822 1154 φέρει,

52 1160 108 1189 Καὶ
134 1160 171 1198 μὴ
192 1160 360 1199 ἀμφίὸαλλε’
377 1161 498 1200 καθάπερ
513 1161 563 1201 γὰρ
579 1163 674 1193 ἐκεῖνος
699 1161 745 1194 τὰς
773 1161 825 1189 ἀπὸ

26 1206 29 1207 ’
51 1207 104 1234 τῶν
119 1207 242 1244 βασάνων
258 1206 350 1239 ὀδύνας
365 1207 437 1246 φέρει
449 1207 589 1246 γενναίως,
604 1207 673 1236 ὥστε
689 1207 724 1245 μὴ
740 1219 824 1247 προσ-

54 1254 167 1287 κυνῆσαι
186 1253 217 1281 τὸ
241 1252 364 1281 εἴδωλον’
382 1253 450 1282 οὕτω
472 1253 518 1282 καὶ
542 1252 572 1282 σὺ
594 1253 641 1286 τὰς
657 1253 709 1282 ἀπὸ
725 1256 772 1288 τῆς
784 1253 825 1282 νό-

53 1310 99 1327 σου
115 1298 202 1338 φέρεις
222 1300 382 1338 ἀλγηδόνας,
404 1299 472 1328 ὥστε
493 1300 602 1338 μηδενὸς
627 1300 750 1336 ’δεηθῆναι
772 1303 823 1329 τῶν

52 1347 116 1383 παρ’
140 1344 255 1380 ἐκείνου,
278 1345 345 1382 μηδὲ
368 1345 466 1384 πρᾶξαι
490 1346 557 1385 ἅπερ
581 1346 724 1375 ἐπιτάττει.
745 1346 824 1375 Ἀλλὰ

54 1391 226 1430 σφοδρότεραι
249 1392 362 1427 ἐκεῖναι;
387 1393 444 1419 ἀλλ’
466 1388 543 1420 αῧται
563 1391 738 1430 μακρότεραι·
756 1391 824 1420 ὥστε

55 1438 90 1469 εἷς
114 1437 169 1466 ἴσον
192 1437 350 1475 καταλήγει,
372 1438 500 1470 πολλάκις
524 1438 550 1466 δὲ
575 1438 619 1466 καὶ
643 1438 824 1477 σφοδρότερον.

54 1483 140 1512 ’Ὀταν
156 1483 207 1522 γὰρ
227 1483 333 1512 καύσων
350 1483 419 1512 ἔνδον
435 1485 530 1523 ἐνοχλῇ
548 1483 593 1512 καὶ
613 1483 758 1522 <ples-(nmen
773 1487 825 1513 τῶν

54 1529 142 1558 ἄλλων
169 1530 366 1569 παραινούντων
390 1530 519 1568 ἀποσείσῃ
542 1529 590 1564 τὴν
616 1529 740 1569 ἐπῳδὴν,
767 1531 826 1570 οὐχὶ

55 1575 199 1615 μαρτυρίου
220 1575 347 1614 στέφανον
368 1576 499 1610 ἀνεδύσως
512 1575 599 1604 ”Οταν
624 1575 674 1614 γὰρ
695 1576 826 1615 ἐκῧάλλ·ζ,ς

55 1621 115 1654 τοὺς
130 1620 246 1660 ἐπῳδοὺς
261 1621 329 1659 μετὰ
344 1622 444 1656 πολλ’ἧς
458 1624 504 1656 τῆς
517 1622 616 1660 ὕὲρεως
629 1624 659 1650 ἐκ
670 1624 716 1657 τῆς
732 1622 826 1659 οἰκίας,

57 1667 153 1699 πάντες
177 1668 336 1701 ἀκούσαντες
359 1668 542 1697 ἐπαινέσονται
563 1669 608 1697 καὶ
629 1669 824 1706 θαυμάσονται,

56 1713 101 1741 καὶ
115 1713 180 1752 πρὸς
194 1714 323 1748 ἀλλήλους
338 1716 438 1753 ἐροῦσιν
449 1727 454 1731 ·
467 1717 480 1744 ὁ
492 1715 563 1743 δεῖνα
578 1716 731 1754 ἀρρωστῶν,
745 1715 826 1754 μυρία

55 1760 280 1798 παρακαλούντων
305 1763 383 1789 τινῶν
408 1761 453 1789 καὶ
476 1762 673 1801 παραινούντων
694 1761 738 1789 καὶ
754 1774 825 1799 συμ-

56 1805 232 1834 ὅουλευόντων
264 1807 378 1844 ἐπῳδαῖς
407 1807 559 1846 χρήσασθαι
588 1812 713 1846 μαγικαῖς
740 1820 824 1843 τισιν,

56 1853 84 1881 οὐ
100 1851 263 1890 προσήκατο,
277 1853 337 1880 ἀλλ’
353 1848 423 1881 εἶπεν
437 1863 442 1869 ”
458 1853 561 1892 βέλτιον
574 1855 714 1882 ἀποθανεῖν
729 1853 826 1889 οὕτως,

56 1897 73 1933 ἢ
95 1898 236 1937 προδοῦναι
255 1898 302 1934 τὴν
326 1899 469 1928 εὐσέὲειαν.
484 1901 516 1928 Εἰ
541 1899 567 1929 δὲ
583 1902 694 1929 ἐνταῦθα
708 1903 826 1929 τοσοῦτοι

56 1946 80 1973 οἱ
95 1944 206 1979 ἔπαινοι,
221 1944 342 1980 ἐννόησον
361 1945 490 1980 πηλίκους
510 1948 563 1974 ε’κεῖ
578 1947 649 1986 λήψῃ
669 1947 810 1986 στεφάνους
820 1970 827 1983 ,

56 1989 118 2019 ὅταν
137 1992 188 2018 τῶν
204 1990 322 2030 ἀγγέλων
341 1991 490 2030 παρόντων,
500 1994 551 2020 τῶν
573 1993 759 2033 ἀρχαγγέλων,
774 2006 829 2022 πα-

59 2036 155 2076 ρελθὼν
170 2039 184 2065 ὁ
200 2037 313 2075 Χριστὸς
327 2037 372 2066 καὶ
387 2040 434 2073 τῆς
454 2038 541 2077 χειρός
556 2050 600 2067 σου
616 2039 762 2077 λαὸόμενος
772 2062 778 2074 ,
792 2041 828 2072 εἰς

57 2083 135 2121 μέσον
160 2083 310 2122 περιαγάγη
341 2083 370 2111 τὸ
399 2084 506 2124 θέατρον
535 2086 633 2119 ἐκεῖνο,
655 2085 701 2113 καὶ
723 2085 829 2113 πάντων

57 2129 216 2163 ἀκουόντων,
228 2129 291 2168 εἴπῃ
303 2142 308 2147 ·
322 2127 395 2163 οὗτος
406 2132 419 2158 ὁ
434 2131 570 2169 ἅνθρωπος
584 2133 690 2170 πυρετῷ
704 2143 768 2160 ποτε
782 2133 830 2167 λη-

56 2175 140 2214 φθεὶς,
155 2175 253 2214 μυρίων
275 2177 345 2215 αὐτῷ
360 2177 560 2216 παραινούντων
578 2178 766 2215 ἀπαλλαγῆναι
783 2181 829 2206 τοῦ

55 2224 168 2260 πυρετοῦ
179 2244 186 2257 ,
205 2221 247 2249 διὰ
262 2222 291 2250 τὸ
305 2222 387 2261 ὄνομα
403 2222 432 2251 τὸ
447 2223 510 2261 ε’μὸν
524 2223 569 2251 καὶ
586 2223 629 2252 τὸν
646 2223 725 2262 φοΈον
739 2223 782 2252 τὸν
794 2225 829 2256 εἰς

56 2267 114 2305 ἐμὲ,
126 2267 168 2295 ἵνα
182 2268 208 2296 ἐν
224 2268 318 2306 μηδενὶ
335 2269 513 2309 προσκρούσῃ,
527 2269 640 2298 διώσατο
663 2270 708 2298 καὶ
728 2270 829 2308 ἠτίμω-

57 2325 85 2342 σε
101 2313 161 2345 τοὺς
178 2314 402 2353 ὑπισχνουμένους
423 2315 500 2343 αὐτὸν
520 2316 672 2354 θεραπεύειν
688 2316 771 2356 τούτῳ
793 2319 830 2356 τῷ

56 2359 146 2398 τρόπῳ
157 2381 163 2393 ,
175 2359 220 2387 καὶ
232 2359 316 2388 εἵλετο
330 2361 429 2398 μᾶλλον
443 2363 611 2390 ἐναποθανεῖν
627 2364 665 2401 τῷ
683 2362 829 2400 νοσήματι,

56 2404 74 2440 ἢ
89 2406 230 2444 προδοῦναι
246 2405 292 2441 τὴν
309 2407 344 2439 εἷς
359 2406 406 2444 ἐμὲ
428 2407 539 2436 εὔνοιαν.
556 2409 590 2437 Εἰ
611 2409 662 2448 γὰρ
681 2408 738 2441 τοὺς
753 2409 830 2437 ποτί-

58 2463 153 2484 σαντας
168 2451 245 2480 αὐτὸν
263 2452 307 2480 καὶ
328 2453 474 2491 θρέψαντας
490 2454 536 2482 καὶ
554 2454 710 2488 ἐνδύσαντας
727 2456 762 2488 εἰς
787 2455 830 2493 με’-

58 2507 102 2525 σον
125 2497 255 2536 παράγει,
272 2499 362 2537 πολλῷ
383 2500 482 2536 μᾶλλον
499 2499 558 2532 τοὺς
582 2501 614 2528 δι’
638 2501 714 2529 αὐτὸν
737 2501 829 2538 ἑλομέ-

59 2555 116 2575 νους
136 2544 275 2582 ἀνέχεσθαι
291 2545 430 2583 ”πυρετο’ν.
449 2547 489 2573 Οὔ
503 2546 554 2585 γάρ
579 2548 647 2576 ε’,τιν
667 2547 721 2576 ἴσον
741 2548 828 2576 δοῦναι

99 2632 108 2642 ““
129 2624 133 2656 l
155 2625 224 2649 svst-
241 2636 351 2659 najaram.
369 2626 445 2651 Suvil.
461 2627 572 2660 mpiwnjul

498 181 516 202 A
523 180 652 203 DVERS&
681 180 724 203 VA
731 180 811 202 LETU
819 180 871 202 [MN
878 180 897 201 1·:

841 948 858 970 ΓΛ

842 1538 860 1561 D

927 180 966 201 ET
995 179 1144 201 MEDlClS.
1175 179 1292 201 nomi..
1325 179 1395 200 xm.

1550 165 1618 213 007

877 241 1000 269 morbum
1015 240 1167 269 facis?i1110
1179 251 1242 269 vero
1254 240 1368 268 intendis
1381 240 1483 279 ipsum,
1497 246 1521 268 et
1535 241 1622 268 multo

876 286 1028 325 graviorem
1043 286 1163 315 dolorem
1183 286 1282 315 reddis.
1303 288 1336 315 At
1355 296 1407 314 non
1424 293 1497 325 potes
1516 293 1619 320 tacere,

878 344 938 361 cum
959 344 974 361 a
989 332 1082 361 dolore
1105 332 1252 371 pungeris?
1275 333 1378 362 Verum
1395 339 1423 360 tu
1441 343 1488 371 pro
1503 332 1622 360 convicio

877 379 975 417 gratias
991 389 1057 417 age,
1081 378 1176 415 lauda,
1193 378 1314 417 glorifica
1331 380 1428 407 Deum.
1446 379 1514 407 Nam
1527 378 1548 407 si
1562 389 1624 407 eon—

877 425 1002 459 vicieris,
1019 433 1076 454 tum
1090 425 1138 454 Dei
1155 425 1288 453 auxilium
1305 425 1482 464 propulsasti,
1498 432 1554 452 tum
1568 424 1625 453 dia-

878 471 971 499 bolum
983 471 1113 500 acriorem
1128 478 1218 499 contra
1234 478 1258 498 tc
1269 470 1378 498 effecisti
1391 482 1396 496 2
1413 470 1435 498 si
1449 480 1511 498 vero
1526 470 1626 508 gratias

877 527 955 555 agas,
973 524 998 545 et
1024 516 1142 556 improbi
1158 516 1288 544 daemonis
1304 516 1415 544 insidias
1438 516 1579 555 repulisti,
1600 523 1625 544 et

878 563 928 591 Dei
945 562 1055 591 rectoris
1077 573 1169 591 euram
1185 562 1234 590 tibi
1250 562 1411 600 adjunxisti.
1429 564 1462 590 At
1483 569 1624 590 eonsuetu-

877 610 939 638 dine
953 609 1045 648 lingua
1067 620 1137 648 saepe
1156 610 1255 647 fertur,
1271 616 1300 637 ut
1317 609 1470 648 improbum
1485 609 1553 638 illud
1566 620 1627 638 ver—

877 656 941 684 bum
958 656 1153 695 proloquatur?
1166 657 1269 685 Verum
1282 662 1326 692 tu,
1343 655 1388 683 ubi
1401 655 1501 694 impetu
1515 656 1622 689 seretur,

879 702 1038 740 priusquam
1054 702 1167 730 verbum
1185 701 1319 741 proferat,
1334 701 1469 730 mordicus
1484 712 1541 729 eam
1556 702 1626 729 den-

879 748 950 776 tibus
976 748 1094 786 undique
1119 747 1289 776 vehementer
1303 757 1402 786 preme.
1419 747 1518 775 Melius
1537 754 1574 775 est
1598 754 1626 774 ut

880 804 950 822 nnnc
964 794 1093 833 sanguine
1108 794 1236 833 perfluat,
1257 804 1338 832 quam
1355 800 1384 822 ut
1403 792 1449 821 illa
1463 792 1508 821 die
1523 799 1627 831 guttam

878 847 1016 879 appetens,
1033 841 1154 869 levamen
1171 840 1297 878 consequi
1313 850 1364 868 non
1380 839 1481 879 possit,
1495 846 1524 867 ut
1538 839 1565 868 in
1579 839 1627 868 di-

878 894 932 915 vite
957 888 1068 926 contigit
1087 900 1092 915 :
1108 895 1231 926 praestat,
1259 895 1288 916 ut
1310 887 1484 927 temporalem
1506 887 1627 916 dolorem

878 934 1011 972 perferat,
1027 944 1107 971 quam
1125 941 1153 962 ut
1175 940 1238 962 tunc
1254 941 1383 973 perpetuo
1407 941 1433 962 ct
1455 933 1482 962 in
1499 941 1627 962 :eternum

878 978 1003 1016 frigatur.
1017 979 1086 1006 Cum
1098 979 1182 1017 igitur
1193 979 1219 1007 in
1232 990 1341 1018 gravem
1354 980 1479 1008 morbum
1491 979 1627 1015 incideris,

878 1030 904 1051 et
926 1024 1005 1052 multi
1026 1024 1165 1053 adfuerint
1187 1025 1234 1063 qui
1253 1033 1366 1064 cogant,
1390 1026 1435 1054 alii
1457 1026 1566 1064 quidem
1582 1027 1626 1055 in-

879 1070 1091 1106 cantationibus,
1103 1070 1149 1098 alii
1164 1072 1287 1099 amuletis
1298 1093 1304 1104 ,
1319 1072 1366 1100 alii
1381 1082 1460 1111 porro
1474 1072 1534 1101 aliis
1549 1073 1629 1101 rebus

878 1115 969 1143 levare
982 1115 1102 1150 malum;
1117 1122 1146 1144 tu
1168 1127 1231 1145 vero
1243 1124 1352 1156 propter
1374 1118 1424 1146 Dei
1440 1118 1563 1147 timorem
1581 1129 1630 1158 ge-

879 1172 973 1190 neroso
988 1168 1014 1190 et
1029 1161 1142 1191 infracto
1154 1163 1245 1191 animo
1261 1163 1349 1191 morbi
1361 1164 1511 1192 molestiam
1525 1165 1633 1198 tuleris,

879 1213 902 1234 et
914 1206 1003 1234 omnia
1016 1206 1071 1245 pati
1084 1206 1221 1241 malueris,
1236 1217 1317 1244 quam
1330 1214 1358 1235 ut
1370 1208 1502 1246 ejusmodi
1514 1209 1578 1246 quid
1591 1210 1631 1237 fa-

879 1262 937 1281 eere
951 1252 1082 1280 sustineas
1100 1264 1106 1279 :
1122 1252 1173 1281 hoc
1186 1253 1236 1281 tibi
1259 1253 1383 1293 martyrii
1399 1264 1523 1282 coronam
1539 1255 1625 1283 affert.

880 1296 914 1324 Et
926 1307 958 1324 ne
972 1296 1068 1325 dubita
1089 1308 1095 1324 :
1112 1297 1341 1335 quemadmodum
1362 1297 1432 1326 enim
1449 1298 1494 1326 ille
1510 1305 1631 1327 tornien-

880 1349 968 1370 torum
981 1343 1115 1372 cruciatus
1126 1344 1178 1372 sert
1191 1344 1313 1379 fortiter,
1327 1351 1357 1372 ut
1371 1354 1404 1372 ne
1415 1344 1507 1373 adoret
1519 1346 1632 1373 simula-

879 1400 953 1418 crum
970 1402 976 1417 t
994 1390 1030 1418 ita
1042 1397 1065 1419 et
1082 1397 1109 1418 tu
1126 1391 1213 1419 morbi
1229 1390 1349 1419 dolorem
1363 1392 1478 1430 perfers,
1493 1399 1522 1420 ut
1541 1402 1572 1420 ne
1588 1392 1629 1419 ul-

880 1434 932 1462 lius
945 1434 982 1463 rei
998 1434 1032 1463 ab
1047 1435 1093 1464 illo
1109 1434 1246 1474 indigeas,
1264 1446 1350 1473 neque
1369 1435 1451 1464 facias
1462 1446 1490 1463 ea
1505 1446 1564 1474 quse
1581 1436 1632 1464 im-

880 1487 963 1519 perat.
981 1483 1015 1509 At
1037 1481 1110 1509 enim
1127 1481 1339 1510 vehementiores
1354 1481 1395 1509 illi
1419 1482 1502 1510 sunt?
1528 1483 1631 1512 Verum

880 1527 907 1555 lii
931 1527 1112 1556 diuturniores
1130 1540 1135 1556 ε
1160 1529 1284 1566 quocirca
1307 1540 1355 1568 par
1371 1529 1480 1565 exitus;
1496 1539 1632 1558 nonnum—

880 1583 959 1611 quam
974 1574 1054 1602 etiam
1066 1574 1196 1603 acerbior.
1210 1574 1283 1604 Nam
1296 1585 1357 1603 cnm
1371 1576 1454 1604 febris
1467 1575 1547 1604 ardor
1559 1576 1634 1604 intus

882 1620 1008 1649 molestus
1024 1628 1063 1649 est
1078 1627 1104 1649 et
1119 1621 1189 1659 urit,
1207 1628 1235 1649 tu
1250 1632 1315 1650 vero
1329 1621 1391 1650 aliis
1405 1622 1576 1651 hortantibus
1593 1623 1633 1651 in-

881 1667 1065 1694 cantationem
1080 1666 1185 1705 rejicis,
1200 1677 1287 1695 nonne
1302 1667 1426 1706 martyrii
1442 1678 1567 1697 coronam
1591 1669 1634 1697 in-

881 1714 988 1742 duisti?
1002 1715 1071 1743 Cum
1090 1714 1162 1743 enim
1176 1714 1354 1744 incantatores
1375 1725 1470 1753 magna
1487 1726 1548 1744 cum
1565 1727 1632 1744 con-

881 1761 991 1789 tumelia
1006 1761 1087 1790 domo
1099 1761 1207 1800 ejeceris
1219 1784 1225 1797 ‚
1237 1772 1329 1790 omnes
1344 1761 1390 1799 qui
1406 1761 1558 1798 audierint,
1575 1763 1631 1790 lau-

880 1808 984 1836 dabunt
999 1814 1025 1836 et
1037 1807 1262 1841 admirabuntur,
1279 1807 1420 1845 dicentque
1433 1807 1468 1836 ad
1481 1819 1509 1836 se
1521 1815 1632 1839 mutuo:

882 1853 933 1881 llic
940 1860 1083 1891 aegrotans,
1099 1864 1159 1881 cum
1171 1853 1379 1881 innumerabilia
1394 1853 1565 1882 hortarentur
1576 1856 1637 1893 qui*

881 1899 959 1934 dam,
975 1906 1000 1927 et
1016 1906 1153 1928 monerent
1169 1906 1194 1927 et
1209 1898 1376 1927 consulerent
1392 1899 1503 1938 magicis
1518 1900 1635 1938 quibus-

881 1945 943 1974 dam
963 1945 1191 1974 incantationibus
1212 1946 1251 1974 nti
1267 1968 1274 1982 ,
1295 1956 1348 1974 non
1365 1945 1498 1981 admisit,
1517 1946 1565 1975 sed
1586 1947 1633 1975 di-

883 1993 923 2020 xit
939 2005 944 2020 :
969 1993 1080 2020 Praestat
1096 1991 1134 2020 sic
1156 1991 1223 2020 mori
1235 2014 1244 2029 ,
1261 2002 1343 2029 quam
1362 1991 1476 2031 prodere
1498 1992 1633 2032 pietatem.

883 2037 963 2072 Quod
979 2038 1000 2066 si
1023 2038 1069 2066 hic
1094 2044 1174 2066 tanta}
1198 2037 1291 2066 laudes
1317 2044 1378 2067 sunt
1393 2060 1400 2073 ‚
1418 2038 1504 2076 cogita
1522 2046 1635 2077 quantas

884 2084 941 2112 illic
954 2093 1066 2112 coronas
1081 2083 1118 2112 sis
1130 2090 1302 2122 accepturus,
1318 2094 1378 2112 cnm
1396 2085 1575 2123 praesentibus
1589 2096 1635 2114 au-

884 2130 950 2169 gelis
965 2136 990 2158 et
1002 2129 1168 2168 archangelis
1182 2129 1306 2158 Christus
1321 2130 1465 2167 transiens,
1477 2137 1502 2159 et
1516 2141 1596 2160 manu
1610 2139 1634 2160 te

883 2176 1079 2215 apprehensum
1102 2175 1128 2203 in
1150 2175 1269 2204 medium
1299 2176 1635 2216 tlieatrumilludprodu-

885 2230 938 2258 cet,
952 2230 976 2251 et
993 2222 1118 2251 omnibus
1133 2221 1307 2250 audientibus
1321 2221 1392 2250 dicet
1407 2234 1412 2250 :
1434 2222 1483 2251 Hic
1503 2223 1584 2252 homo
1596 2224 1635 2252 fe—

886 2269 926 2297 bri
955 2275 1093 2307 correptus
1121 2267 1267 2306 aliquando
1285 2290 1292 2303 ‚
1318 2278 1380 2296 cnm
1411 2268 1544 2297 innumeri
1575 2280 1635 2297 enm

886 2315 1073 2349 hortarentur,
1089 2321 1117 2342 ut
1133 2324 1146 2341 e
1161 2313 1229 2342 febri
1250 2313 1391 2349 evaderet,
1409 2321 1521 2354 propter
1540 2326 1635 2344 nomen

887 2372 975 2390 meum
991 2367 1015 2389 et
1029 2361 1151 2388 timorem
1174 2370 1236 2397 erga
1258 2370 1315 2396 me,
1334 2366 1362 2388 ut
1378 2360 1450 2388 nulla
1466 2361 1492 2389 in
1508 2372 1535 2389 re
1551 2362 1635 2390 offen-

887 2409 961 2437 deret
976 2431 984 2445 ,
1004 2407 1104 2446 repulit
1125 2418 1155 2434 ac
1179 2406 1302 2445 despexit
1321 2417 1364 2435 eos
1384 2407 1429 2444 qui
1446 2418 1473 2435 se
1487 2408 1535 2436 illo
1556 2408 1636 2436 modu

889 2462 1032 2483 curaturos
1049 2452 1213 2491 recipiebant
1228 2464 1236 2490 5
1255 2452 1404 2491 maluitque
1426 2454 1520 2482 morbo
1536 2455 1616 2482 emm-i
1629 2477 1636 2487 ,

886 2513 964 2540 quani
993 2499 1206 2529 benevolentiam
1232 2510 1293 2535 erga
1314 2510 1355 2527 uie
1380 2500 1501 2539 prodere.
1524 2502 1589 2529 Nam
1615 2502 1636 2530 si

887 2559 941 2585 eos,
957 2547 1002 2585 qui
1019 2546 1068 2575 sibi
1096 2553 1189 2584 potum
1206 2552 1230 2574 ct
1246 2546 1337 2574 cibum
1359 2546 1544 2585 praebuerunt,
1566 2555 1588 2576 ct
1611 2560 1637 2576 se

1653 994 1684 1014 1⁴1⁷„
1697 994 1779 1019 F-xpus.

1639 1027 1661 1046 in
1677 1031 1683 1045 ι
1710 1025 1783 1052 Epist-

1640 1057 1665 1077 :ul
1676 1056 1755 1077 'llic-ss.

1655 1728 1686 1749 Es
1701 1730 1785 1750 uomit.

1643 1760 1657 1782 fi
1668 1765 1743 1780 contra

1643 1792 1741 1814 JUdmus.
