<?xml version="1.0" encoding="UTF-8"?>
<!DOCTYPE html PUBLIC "-//W3C//DTD XHTML 1.0 Transitional//EN"
    "http://www.w3.org/TR/xhtml1/DTD/xhtml1-transitional.dtd">
<html xmlns="http://www.w3.org/1999/xhtml" xml:lang="en" lang="en">
 <head>
  <title>
</title>
<meta http-equiv="Content-Type" content="text/html;charset=utf-8" />
  <meta name='ocr-system' content='tesseract 3.04.00' />
  <meta name='ocr-capabilities' content='ocr_page ocr_carea ocr_par ocr_line ocrx_word'/>
</head>
<body>
  <div class='ocr_page' id='page_1' title='image "./operaomniaquaeex12johnuoft/operaomniaquaeex12johnuoft_0296.png"; bbox 0 0 1906 2846; ppageno 0'>
   <div class='ocr_carea' id='block_1_1' title="bbox 263 184 993 217">
    <p class='ocr_par' dir='ltr' id='par_1_1' title="bbox 263 184 993 217">
     <span class='ocr_line' id='line_1_1' title="bbox 263 184 993 217; baseline -0.003 0"><span class='ocrx_word' id='word_1_1' title='bbox 263 184 327 217; x_wconf 69' lang='lat'>:282</span> <span class='ocrx_word' id='word_1_2' title='bbox 592 194 619 215; x_wconf 77' lang='lat' dir='ltr'>s.</span> <span class='ocrx_word' id='word_1_3' title='bbox 649 192 788 215; x_wconf 65' lang='lat' dir='ltr'>JOANNtS</span> <span class='ocrx_word' id='word_1_4' title='bbox 815 192 993 215; x_wconf 76' lang='lat' dir='ltr'>cnnrsosr.</span> 
     </span>
    </p>
   </div>
   <div class='ocr_carea' id='block_1_2' title="bbox 258 252 1001 1012">
    <p class='ocr_par' dir='ltr' id='par_1_2' title="bbox 259 252 1001 920">
     <span class='ocr_line' id='line_1_2' title="bbox 261 252 993 292; baseline 0 -11"><span class='ocrx_word' id='word_1_5' title='bbox 261 266 340 292; x_wconf 52' lang='lat' dir='ltr'>qut-un</span> <span class='ocrx_word' id='word_1_6' title='bbox 361 254 394 283; x_wconf 82' lang='lat' dir='ltr'>de</span> <span class='ocrx_word' id='word_1_7' title='bbox 415 255 446 283; x_wconf 82' lang='lat' dir='ltr'>iis</span> <span class='ocrx_word' id='word_1_8' title='bbox 462 265 518 292; x_wconf 71' lang='lat' dir='ltr'>quu=</span> <span class='ocrx_word' id='word_1_9' title='bbox 534 252 667 287; x_wconf 71' lang='lat' dir='ltr'>videntur,</span> <span class='ocrx_word' id='word_1_10' title='bbox 683 263 733 281; x_wconf 93' lang='lat' dir='ltr'>non</span> <span class='ocrx_word' id='word_1_11' title='bbox 750 259 832 291; x_wconf 83' lang='lat' dir='ltr'>potest</span> <span class='ocrx_word' id='word_1_12' title='bbox 848 263 902 281; x_wconf 79' lang='lat' dir='ltr'>esse</span> <span class='ocrx_word' id='word_1_13' title='bbox 919 252 993 281; x_wconf 80' lang='lat' dir='ltr'>fides.</span> 
     </span>
     <span class='ocr_line' id='line_1_3' title="bbox 263 297 996 337; baseline -0.003 -9"><span class='ocrx_word' id='word_1_14' title='bbox 263 301 331 328; x_wconf 80' lang='lat' dir='ltr'>Nam</span> <span class='ocrx_word' id='word_1_15' title='bbox 347 300 471 337; x_wconf 70' lang='lat' dir='ltr'>quonisun</span> <span class='ocrx_word' id='word_1_16' title='bbox 483 309 541 336; x_wconf 67' lang='lat' dir='ltr'>quar</span> <span class='ocrx_word' id='word_1_17' title='bbox 555 305 615 326; x_wconf 86' lang='lat' dir='ltr'>sunt</span> <span class='ocrx_word' id='word_1_18' title='bbox 629 298 655 325; x_wconf 95' lang='lat' dir='ltr'>in</span> <span class='ocrx_word' id='word_1_19' title='bbox 669 308 715 336; x_wconf 83' lang='lat' dir='ltr'>spe</span> <span class='ocrx_word' id='word_1_20' title='bbox 728 308 779 325; x_wconf 91' lang='lat' dir='ltr'>non</span> <span class='ocrx_word' id='word_1_21' title='bbox 792 297 920 326; x_wconf 80' lang='lat' dir='ltr'>videntur</span> <span class='ocrx_word' id='word_1_22' title='bbox 936 308 996 336; x_wconf 85' lang='lat' dir='ltr'>pos-</span> 
     </span>
     <span class='ocr_line' id='line_1_4' title="bbox 263 344 997 379; baseline -0.001 -6"><span class='ocrx_word' id='word_1_23' title='bbox 263 357 290 374; x_wconf 77' lang='lat' dir='ltr'>se</span> <span class='ocrx_word' id='word_1_24' title='bbox 306 346 457 378; x_wconf 70' lang='lat' dir='ltr'>consistere,</span> <span class='ocrx_word' id='word_1_25' title='bbox 483 344 548 372; x_wconf 74' lang='lat' dir='ltr'>tides</span> <span class='ocrx_word' id='word_1_26' title='bbox 572 344 608 372; x_wconf 84' lang='lat' dir='ltr'>eis</span> <span class='ocrx_word' id='word_1_27' title='bbox 632 344 714 372; x_wconf 80' lang='lat' dir='ltr'>donat</span> <span class='ocrx_word' id='word_1_28' title='bbox 737 344 932 379; x_wconf 79' lang='lat' dir='ltr'>substantiam;</span> <span class='ocrx_word' id='word_1_29' title='bbox 955 344 997 372; x_wconf 87' lang='lat' dir='ltr'>vel</span> 
     </span>
     <span class='ocr_line' id='line_1_5' title="bbox 264 389 997 430; baseline -0.003 -11"><span class='ocrx_word' id='word_1_30' title='bbox 264 392 351 430; x_wconf 72' lang='lat' dir='ltr'>potius</span> <span class='ocrx_word' id='word_1_31' title='bbox 374 401 424 418; x_wconf 84' lang='lat' dir='ltr'>non</span> <span class='ocrx_word' id='word_1_32' title='bbox 439 390 528 420; x_wconf 82' lang='lat' dir='ltr'>donat.</span> <span class='ocrx_word' id='word_1_33' title='bbox 547 389 592 417; x_wconf 84' lang='lat' dir='ltr'>sed</span> <span class='ocrx_word' id='word_1_34' title='bbox 614 389 663 418; x_wconf 88' lang='lat' dir='ltr'>hoc</span> <span class='ocrx_word' id='word_1_35' title='bbox 685 389 772 428; x_wconf 83' lang='lat' dir='ltr'>ipsum</span> <span class='ocrx_word' id='word_1_36' title='bbox 796 396 833 418; x_wconf 87' lang='lat' dir='ltr'>est</span> <span class='ocrx_word' id='word_1_37' title='bbox 848 399 938 417; x_wconf 89' lang='lat' dir='ltr'>eorum</span> <span class='ocrx_word' id='word_1_38' title='bbox 954 400 997 418; x_wconf 85' lang='lat' dir='ltr'>es-</span> 
     </span>
     <span class='ocr_line' id='line_1_6' title="bbox 262 434 997 473; baseline 0 -9"><span class='ocrx_word' id='word_1_39' title='bbox 262 436 343 464; x_wconf 54' lang='lat' dir='ltr'>senti-*i</span> <span class='ocrx_word' id='word_1_40' title='bbox 358 448 362 461; x_wconf 74' lang='grc' dir='ltr'>ι</span> <span class='ocrx_word' id='word_1_41' title='bbox 379 442 405 463; x_wconf 87' lang='lat' dir='ltr'>nt</span> <span class='ocrx_word' id='word_1_42' title='bbox 418 435 532 473; x_wconf 78' lang='lat' dir='ltr'>exempli</span> <span class='ocrx_word' id='word_1_43' title='bbox 547 445 634 469; x_wconf 78' lang='lat' dir='ltr'>causa,</span> <span class='ocrx_word' id='word_1_44' title='bbox 648 445 700 463; x_wconf 85' lang='lat' dir='ltr'>non</span> <span class='ocrx_word' id='word_1_45' title='bbox 711 435 820 464; x_wconf 80' lang='lat' dir='ltr'>advenit</span> <span class='ocrx_word' id='word_1_46' title='bbox 832 434 997 471; x_wconf 86' lang='lat' dir='ltr'>resurrectio,</span> 
     </span>
     <span class='ocr_line' id='line_1_7' title="bbox 263 480 998 518; baseline 0.001 -10"><span class='ocrx_word' id='word_1_47' title='bbox 263 491 346 518; x_wconf 78' lang='lat' dir='ltr'>neque</span> <span class='ocrx_word' id='word_1_48' title='bbox 357 487 394 508; x_wconf 81' lang='lat' dir='ltr'>est</span> <span class='ocrx_word' id='word_1_49' title='bbox 418 481 444 508; x_wconf 93' lang='lat' dir='ltr'>in</span> <span class='ocrx_word' id='word_1_50' title='bbox 459 481 616 515; x_wconf 78' lang='lat' dir='ltr'>substantia,</span> <span class='ocrx_word' id='word_1_51' title='bbox 633 480 660 509; x_wconf 92' lang='lat' dir='ltr'>id</span> <span class='ocrx_word' id='word_1_52' title='bbox 680 487 718 509; x_wconf 85' lang='lat' dir='ltr'>est</span> <span class='ocrx_word' id='word_1_53' title='bbox 733 490 785 508; x_wconf 92' lang='lat' dir='ltr'>non</span> <span class='ocrx_word' id='word_1_54' title='bbox 800 480 930 516; x_wconf 78' lang='lat' dir='ltr'>consistit,</span> <span class='ocrx_word' id='word_1_55' title='bbox 953 480 998 509; x_wconf 88' lang='lat' dir='ltr'>sed</span> 
     </span>
     <span class='ocr_line' id='line_1_8' title="bbox 262 524 1001 565; baseline 0.001 -12"><span class='ocrx_word' id='word_1_56' title='bbox 262 536 320 565; x_wconf 79' lang='lat' dir='ltr'>spes</span> <span class='ocrx_word' id='word_1_57' title='bbox 333 526 394 554; x_wconf 76' lang='lat' dir='ltr'>facit</span> <span class='ocrx_word' id='word_1_58' title='bbox 407 533 435 554; x_wconf 87' lang='lat' dir='ltr'>ut</span> <span class='ocrx_word' id='word_1_59' title='bbox 452 536 480 554; x_wconf 82' lang='lat' dir='ltr'>ea</span> <span class='ocrx_word' id='word_1_60' title='bbox 496 526 620 554; x_wconf 71' lang='lat' dir='ltr'>consistat</span> <span class='ocrx_word' id='word_1_61' title='bbox 633 525 659 553; x_wconf 90' lang='lat' dir='ltr'>in</span> <span class='ocrx_word' id='word_1_62' title='bbox 676 532 764 553; x_wconf 82' lang='lat' dir='ltr'>nostra</span> <span class='ocrx_word' id='word_1_63' title='bbox 780 525 877 553; x_wconf 80' lang='lat' dir='ltr'>anima.</span> <span class='ocrx_word' id='word_1_64' title='bbox 894 524 950 553; x_wconf 86' lang='lat' dir='ltr'>Hoc</span> <span class='ocrx_word' id='word_1_65' title='bbox 963 532 1001 554; x_wconf 83' lang='lat' dir='ltr'>est</span> 
     </span>
     <span class='ocr_line' id='line_1_9' title="bbox 263 570 997 610; baseline 0 -12"><span class='ocrx_word' id='word_1_66' title='bbox 263 581 351 599; x_wconf 84' lang='lat' dir='ltr'>rerum</span> <span class='ocrx_word' id='word_1_67' title='bbox 366 582 424 609; x_wconf 68' lang='lat' dir='ltr'>qun:</span> <span class='ocrx_word' id='word_1_68' title='bbox 439 578 578 610; x_wconf 74' lang='lat' dir='ltr'>sperantur</span> <span class='ocrx_word' id='word_1_69' title='bbox 594 570 750 599; x_wconf 81' lang='lat' dir='ltr'>substantia.</span> <span class='ocrx_word' id='word_1_70' title='bbox 767 570 796 599; x_wconf 88' lang='lat' dir='ltr'>Si</span> <span class='ocrx_word' id='word_1_71' title='bbox 816 577 854 598; x_wconf 82' lang='lat' dir='ltr'>cst</span> <span class='ocrx_word' id='word_1_72' title='bbox 872 580 934 608; x_wconf 81' lang='lat' dir='ltr'>ergo</span> <span class='ocrx_word' id='word_1_73' title='bbox 954 581 997 598; x_wconf 86' lang='lat' dir='ltr'>ar-</span> 
     </span>
     <span class='ocr_line' id='line_1_10' title="bbox 263 615 997 655; baseline -0.001 -10"><span class='ocrx_word' id='word_1_74' title='bbox 263 625 419 655; x_wconf 75' lang='lat' dir='ltr'>gumentum</span> <span class='ocrx_word' id='word_1_75' title='bbox 443 628 533 645; x_wconf 86' lang='lat' dir='ltr'>eorum</span> <span class='ocrx_word' id='word_1_76' title='bbox 555 627 613 654; x_wconf 72' lang='lat' dir='ltr'>quse</span> <span class='ocrx_word' id='word_1_77' title='bbox 638 627 689 644; x_wconf 87' lang='lat' dir='ltr'>non</span> <span class='ocrx_word' id='word_1_78' title='bbox 714 615 855 651; x_wconf 80' lang='lat' dir='ltr'>videntur,</span> <span class='ocrx_word' id='word_1_79' title='bbox 878 615 945 653; x_wconf 89' lang='lat' dir='ltr'>quid</span> <span class='ocrx_word' id='word_1_80' title='bbox 968 627 997 645; x_wconf 79' lang='lat' dir='ltr'>ea</span> 
     </span>
     <span class='ocr_line' id='line_1_11' title="bbox 263 661 998 700; baseline -0.001 -10"><span class='ocrx_word' id='word_1_81' title='bbox 263 663 344 691; x_wconf 76' lang='lat' dir='ltr'>vultis</span> <span class='ocrx_word' id='word_1_82' title='bbox 360 663 458 698; x_wconf 78' lang='lat' dir='ltr'>videre,</span> <span class='ocrx_word' id='word_1_83' title='bbox 472 670 500 690; x_wconf 90' lang='lat' dir='ltr'>ut</span> <span class='ocrx_word' id='word_1_84' title='bbox 518 674 532 690; x_wconf 80' lang='lat' dir='ltr'>a</span> <span class='ocrx_word' id='word_1_85' title='bbox 549 662 601 690; x_wconf 85' lang='lat' dir='ltr'>lide</span> <span class='ocrx_word' id='word_1_86' title='bbox 615 661 743 690; x_wconf 78' lang='lat' dir='ltr'>excidatis</span> <span class='ocrx_word' id='word_1_87' title='bbox 763 668 787 689; x_wconf 90' lang='lat' dir='ltr'>et</span> <span class='ocrx_word' id='word_1_88' title='bbox 806 672 820 689; x_wconf 82' lang='lat' dir='ltr'>a</span> <span class='ocrx_word' id='word_1_89' title='bbox 831 661 945 700; x_wconf 83' lang='lat' dir='ltr'>justitia,</span> <span class='ocrx_word' id='word_1_90' title='bbox 960 661 998 689; x_wconf 84' lang='lat' dir='ltr'>si-</span> 
     </span>
     <span class='ocr_line' id='line_1_12' title="bbox 261 706 997 747; baseline 0 -11"><span class='ocrx_word' id='word_1_91' title='bbox 261 708 369 745; x_wconf 85' lang='lat' dir='ltr'>quidem</span> <span class='ocrx_word' id='word_1_92' title='bbox 389 709 478 747; x_wconf 84' lang='lat' dir='ltr'>justus</span> <span class='ocrx_word' id='word_1_93' title='bbox 499 718 531 735; x_wconf 81' lang='lat' dir='ltr'>ex</span> <span class='ocrx_word' id='word_1_94' title='bbox 550 706 604 735; x_wconf 81' lang='lat' dir='ltr'>fide</span> <span class='ocrx_word' id='word_1_95' title='bbox 619 707 713 735; x_wconf 77' lang='lat' dir='ltr'>vivet?</span> <span class='ocrx_word' id='word_1_96' title='bbox 730 708 786 737; x_wconf 84' lang='lat' dir='ltr'>Vos</span> <span class='ocrx_word' id='word_1_97' title='bbox 812 713 901 735; x_wconf 81' lang='lat' dir='ltr'>autem</span> <span class='ocrx_word' id='word_1_98' title='bbox 923 708 945 735; x_wconf 90' lang='lat' dir='ltr'>si</span> <span class='ocrx_word' id='word_1_99' title='bbox 968 718 997 736; x_wconf 81' lang='lat' dir='ltr'>ea</span> 
     </span>
     <span class='ocr_line' id='line_1_13' title="bbox 261 752 994 791; baseline -0.001 -9"><span class='ocrx_word' id='word_1_100' title='bbox 261 754 344 782; x_wconf 77' lang='lat' dir='ltr'>vultis</span> <span class='ocrx_word' id='word_1_101' title='bbox 360 754 458 789; x_wconf 71' lang='lat' dir='ltr'>videre,</span> <span class='ocrx_word' id='word_1_102' title='bbox 480 764 530 781; x_wconf 86' lang='lat' dir='ltr'>non</span> <span class='ocrx_word' id='word_1_103' title='bbox 545 753 608 781; x_wconf 85' lang='lat' dir='ltr'>estis</span> <span class='ocrx_word' id='word_1_104' title='bbox 624 752 739 791; x_wconf 82' lang='lat' dir='ltr'>amplius</span> <span class='ocrx_word' id='word_1_105' title='bbox 755 752 857 782; x_wconf 83' lang='lat' dir='ltr'>fideles.</span> <span class='ocrx_word' id='word_1_106' title='bbox 873 753 994 782; x_wconf 83' lang='lat' dir='ltr'>Labora-</span> 
     </span>
     <span class='ocr_line' id='line_1_14' title="bbox 260 799 993 837; baseline 0 -10"><span class='ocrx_word' id='word_1_107' title='bbox 260 800 317 835; x_wconf 85' lang='lat' dir='ltr'>stis,</span> <span class='ocrx_word' id='word_1_108' title='bbox 334 800 430 837; x_wconf 87' lang='lat' dir='ltr'>inquit,</span> <span class='ocrx_word' id='word_1_109' title='bbox 449 799 602 827; x_wconf 84' lang='lat' dir='ltr'>decertastis</span> <span class='ocrx_word' id='word_1_110' title='bbox 626 811 631 825; x_wconf 75' lang='grc' dir='ltr'>ε</span> <span class='ocrx_word' id='word_1_111' title='bbox 655 809 703 837; x_wconf 80' lang='lat' dir='ltr'>ego</span> <span class='ocrx_word' id='word_1_112' title='bbox 720 809 828 837; x_wconf 86' lang='lat' dir='ltr'>quoque</span> <span class='ocrx_word' id='word_1_113' title='bbox 842 799 892 827; x_wconf 90' lang='lat' dir='ltr'>hoc</span> <span class='ocrx_word' id='word_1_114' title='bbox 911 799 972 828; x_wconf 91' lang='lat' dir='ltr'>dieo</span> <span class='ocrx_word' id='word_1_115' title='bbox 987 812 993 827; x_wconf 75' lang='grc' dir='ltr'>ε</span> 
     </span>
     <span class='ocr_line' id='line_1_15' title="bbox 259 844 995 884; baseline 0.001 -11"><span class='ocrx_word' id='word_1_116' title='bbox 259 845 305 874; x_wconf 77' lang='lat' dir='ltr'>sed</span> <span class='ocrx_word' id='word_1_117' title='bbox 316 852 480 884; x_wconf 71' lang='lat' dir='ltr'>exspectate,</span> <span class='ocrx_word' id='word_1_118' title='bbox 494 845 543 874; x_wconf 78' lang='lat' dir='ltr'>lioc</span> <span class='ocrx_word' id='word_1_119' title='bbox 555 845 624 874; x_wconf 87' lang='lat' dir='ltr'>enim</span> <span class='ocrx_word' id='word_1_120' title='bbox 636 851 675 873; x_wconf 87' lang='lat' dir='ltr'>est</span> <span class='ocrx_word' id='word_1_121' title='bbox 685 844 750 874; x_wconf 83' lang='lat' dir='ltr'>fides</span> <span class='ocrx_word' id='word_1_122' title='bbox 761 857 767 873; x_wconf 89' lang='lat'>:</span> <span class='ocrx_word' id='word_1_123' title='bbox 779 845 860 874; x_wconf 90' lang='lat' dir='ltr'>nolite</span> <span class='ocrx_word' id='word_1_124' title='bbox 872 845 916 874; x_wconf 84' lang='lat' dir='ltr'>hic</span> <span class='ocrx_word' id='word_1_125' title='bbox 926 856 995 884; x_wconf 79' lang='lat' dir='ltr'>quae-</span> 
     </span>
     <span class='ocr_line' id='line_1_16' title="bbox 259 898 424 920; baseline 0.012 -2"><span class='ocrx_word' id='word_1_126' title='bbox 259 901 315 919; x_wconf 85' lang='lat' dir='ltr'>rere</span> <span class='ocrx_word' id='word_1_127' title='bbox 330 898 424 920; x_wconf 83' lang='lat' dir='ltr'>totum.</span> 
     </span>
    </p>

    <p class='ocr_par' dir='ltr' id='par_1_3' title="bbox 258 937 996 1012">
     <span class='ocr_line' id='line_1_17' title="bbox 297 937 996 976; baseline 0 -10"><span class='ocrx_word' id='word_1_128' title='bbox 297 939 323 966; x_wconf 83' lang='lat'>5.</span> <span class='ocrx_word' id='word_1_129' title='bbox 339 938 401 966; x_wconf 65' lang='lat' dir='ltr'>Haec</span> <span class='ocrx_word' id='word_1_130' title='bbox 413 937 484 966; x_wconf 84' lang='lat' dir='ltr'>dieta</span> <span class='ocrx_word' id='word_1_131' title='bbox 499 937 607 976; x_wconf 88' lang='lat' dir='ltr'>quidem</span> <span class='ocrx_word' id='word_1_132' title='bbox 620 945 681 966; x_wconf 86' lang='lat' dir='ltr'>sunt</span> <span class='ocrx_word' id='word_1_133' title='bbox 692 938 727 967; x_wconf 81' lang='lat' dir='ltr'>ad</span> <span class='ocrx_word' id='word_1_134' title='bbox 738 938 866 967; x_wconf 70' lang='lat' dir='ltr'>Hebraeos</span> <span class='ocrx_word' id='word_1_135' title='bbox 878 949 886 976; x_wconf 86' lang='lat'>;</span> <span class='ocrx_word' id='word_1_136' title='bbox 900 944 937 967; x_wconf 90' lang='lat' dir='ltr'>est</span> <span class='ocrx_word' id='word_1_137' title='bbox 946 948 996 966; x_wconf 92' lang='lat' dir='ltr'>au-</span> 
     </span>
     <span class='ocr_line' id='line_1_18' title="bbox 258 983 996 1012; baseline 0 -1"><span class='ocrx_word' id='word_1_138' title='bbox 258 990 308 1011; x_wconf 85' lang='lat' dir='ltr'>tem</span> <span class='ocrx_word' id='word_1_139' title='bbox 325 984 472 1012; x_wconf 87' lang='lat' dir='ltr'>communis</span> <span class='ocrx_word' id='word_1_140' title='bbox 483 984 630 1012; x_wconf 83' lang='lat' dir='ltr'>admonitio</span> <span class='ocrx_word' id='word_1_141' title='bbox 644 984 725 1012; x_wconf 83' lang='lat' dir='ltr'>etiam</span> <span class='ocrx_word' id='word_1_142' title='bbox 748 984 782 1012; x_wconf 90' lang='lat' dir='ltr'>ad</span> <span class='ocrx_word' id='word_1_143' title='bbox 804 984 903 1012; x_wconf 84' lang='lat' dir='ltr'>multos</span> <span class='ocrx_word' id='word_1_144' title='bbox 914 994 948 1011; x_wconf 80' lang='lat' dir='ltr'>ex</span> <span class='ocrx_word' id='word_1_145' title='bbox 963 983 996 1011; x_wconf 88' lang='lat' dir='ltr'>iis</span> 
     </span>
    </p>
   </div>
   <div class='ocr_carea' id='block_1_3' title="bbox 1025 192 1475 218">
    <p class='ocr_par' dir='ltr' id='par_1_4' title="bbox 1025 192 1475 218">
     <span class='ocr_line' id='line_1_19' title="bbox 1025 192 1475 218; baseline 0.007 -3"><span class='ocrx_word' id='word_1_146' title='bbox 1025 192 1179 215; x_wconf 67' lang='lat' dir='ltr'>AncmEt’.</span> <span class='ocrx_word' id='word_1_147' title='bbox 1209 192 1475 218; x_wconf 69' lang='lat' dir='ltr'><strong>CONSTANTINOP.</strong></span> 
     </span>
    </p>
   </div>
   <div class='ocr_carea' id='block_1_4' title="bbox 1050 253 1814 424">
    <p class='ocr_par' dir='ltr' id='par_1_5' title="bbox 1050 253 1814 424">
     <span class='ocr_line' id='line_1_20' title="bbox 1050 253 1811 293; baseline 0.011 -13"><span class='ocrx_word' id='word_1_148' title='bbox 1050 253 1173 288; x_wconf 80' lang='grc' dir='ltr'>ζήσεται;</span> <span class='ocrx_word' id='word_1_149' title='bbox 1194 253 1285 290; x_wconf 81' lang='grc' dir='ltr'>Ὑμεῖς</span> <span class='ocrx_word' id='word_1_150' title='bbox 1310 253 1336 282; x_wconf 80' lang='grc' dir='ltr'>δὲ</span> <span class='ocrx_word' id='word_1_151' title='bbox 1357 255 1379 282; x_wconf 85' lang='grc' dir='ltr'>εἰ</span> <span class='ocrx_word' id='word_1_152' title='bbox 1404 255 1526 293; x_wconf 71' lang='grc' dir='ltr'>βούλεσθε</span> <span class='ocrx_word' id='word_1_153' title='bbox 1550 257 1616 286; x_wconf 81' lang='grc' dir='ltr'>αὐτὰ</span> <span class='ocrx_word' id='word_1_154' title='bbox 1638 259 1710 292; x_wconf 81' lang='grc' dir='ltr'>ἰδεῖν,</span> <span class='ocrx_word' id='word_1_155' title='bbox 1725 258 1811 288; x_wconf 78' lang='grc' dir='ltr'>οὐκέτι</span> 
     </span>
     <span class='ocr_line' id='line_1_21' title="bbox 1051 297 1814 341; baseline 0.008 -15"><span class='ocrx_word' id='word_1_156' title='bbox 1051 297 1108 327; x_wconf 78' lang='grc' dir='ltr'>ἐστὲ</span> <span class='ocrx_word' id='word_1_157' title='bbox 1124 297 1220 327; x_wconf 82' lang='grc' dir='ltr'>πιστοί.</span> <span class='ocrx_word' id='word_1_158' title='bbox 1235 298 1380 336; x_wconf 81' lang='grc' dir='ltr'>Ἐκάμετε,</span> <span class='ocrx_word' id='word_1_159' title='bbox 1393 299 1481 338; x_wconf 75' lang='grc' dir='ltr'>φησὶν,</span> <span class='ocrx_word' id='word_1_160' title='bbox 1496 301 1636 336; x_wconf 77' lang='grc' dir='ltr'>ἠθλήσατε’</span> <span class='ocrx_word' id='word_1_161' title='bbox 1649 303 1722 341; x_wconf 78' lang='grc' dir='ltr'>κάγὼ</span> <span class='ocrx_word' id='word_1_162' title='bbox 1737 305 1814 333; x_wconf 78' lang='grc' dir='ltr'>τοῦτο’</span> 
     </span>
     <span class='ocr_line' id='line_1_22' title="bbox 1052 343 1813 387; baseline 0.011 -16"><span class='ocrx_word' id='word_1_163' title='bbox 1052 355 1133 382; x_wconf 79' lang='grc' dir='ltr'>φημι·</span> <span class='ocrx_word' id='word_1_164' title='bbox 1149 343 1218 372; x_wconf 83' lang='grc' dir='ltr'>ἀλλὰ</span> <span class='ocrx_word' id='word_1_165' title='bbox 1232 344 1403 382; x_wconf 78' lang='grc' dir='ltr'>ἀναμείνατε·</span> <span class='ocrx_word' id='word_1_166' title='bbox 1419 349 1493 375; x_wconf 76' lang='grc' dir='ltr'>τοῦτο</span> <span class='ocrx_word' id='word_1_167' title='bbox 1513 346 1563 385; x_wconf 80' lang='grc' dir='ltr'>γάρ</span> <span class='ocrx_word' id='word_1_168' title='bbox 1588 348 1644 375; x_wconf 82' lang='grc' dir='ltr'>ἐστι</span> <span class='ocrx_word' id='word_1_169' title='bbox 1663 349 1760 381; x_wconf 76' lang='grc' dir='ltr'>πίστις’</span> <span class='ocrx_word' id='word_1_170' title='bbox 1776 348 1813 387; x_wconf 82' lang='grc' dir='ltr'>μὴ</span> 
     </span>
     <span class='ocr_line' id='line_1_23' title="bbox 1053 390 1399 424; baseline 0.003 -6"><span class='ocrx_word' id='word_1_171' title='bbox 1053 391 1164 418; x_wconf 79' lang='grc' dir='ltr'>ἐνταῦθα</span> <span class='ocrx_word' id='word_1_172' title='bbox 1178 390 1277 424; x_wconf 80' lang='grc' dir='ltr'>ζητεῖτε</span> <span class='ocrx_word' id='word_1_173' title='bbox 1295 390 1324 419; x_wconf 83' lang='grc' dir='ltr'>τὸ</span> <span class='ocrx_word' id='word_1_174' title='bbox 1337 394 1399 419; x_wconf 76' lang='grc' dir='ltr'>πᾶν.</span> 
     </span>
    </p>
   </div>
   <div class='ocr_carea' id='block_1_5' title="bbox 1049 938 1814 1024">
    <p class='ocr_par' dir='ltr' id='par_1_6' title="bbox 1049 938 1814 1024">
     <span class='ocr_line' id='line_1_24' title="bbox 1089 938 1814 979; baseline 0.004 -13"><span class='ocrx_word' id='word_1_175' title='bbox 1089 938 1181 967; x_wconf 74' lang='grc' dir='ltr'>Ταῦτα</span> <span class='ocrx_word' id='word_1_176' title='bbox 1207 938 1309 978; x_wconf 86' lang='grc' dir='ltr'>εἴρηται</span> <span class='ocrx_word' id='word_1_177' title='bbox 1340 938 1386 977; x_wconf 84' lang='grc' dir='ltr'>μὲν</span> <span class='ocrx_word' id='word_1_178' title='bbox 1409 939 1473 979; x_wconf 81' lang='grc' dir='ltr'>πρὸς</span> <span class='ocrx_word' id='word_1_179' title='bbox 1497 939 1656 978; x_wconf 69' lang='grc' dir='ltr'>Ἑὸραίους,</span> <span class='ocrx_word' id='word_1_180' title='bbox 1687 938 1760 976; x_wconf 81' lang='grc' dir='ltr'>κοινὴ</span> <span class='ocrx_word' id='word_1_181' title='bbox 1785 939 1814 969; x_wconf 79' lang='grc' dir='ltr'>δέ</span> 
     </span>
     <span class='ocr_line' id='line_1_25' title="bbox 1049 984 1813 1024; baseline 0.003 -12"><span class='ocrx_word' id='word_1_182' title='bbox 1049 984 1105 1012; x_wconf 77' lang='grc' dir='ltr'>ἐστι</span> <span class='ocrx_word' id='word_1_183' title='bbox 1116 984 1269 1022; x_wconf 83' lang='grc' dir='ltr'>παραίνεσις</span> <span class='ocrx_word' id='word_1_184' title='bbox 1284 984 1327 1013; x_wconf 69' lang='grc' dir='ltr'>καὶ</span> <span class='ocrx_word' id='word_1_185' title='bbox 1350 984 1413 1024; x_wconf 78' lang='grc' dir='ltr'>πρὸς</span> <span class='ocrx_word' id='word_1_186' title='bbox 1427 985 1537 1017; x_wconf 72' lang='grc' dir='ltr'>πολλοὺς</span> <span class='ocrx_word' id='word_1_187' title='bbox 1559 987 1609 1014; x_wconf 75' lang='grc' dir='ltr'>τῶν</span> <span class='ocrx_word' id='word_1_188' title='bbox 1625 987 1735 1014; x_wconf 72' lang='grc' dir='ltr'>ἐνταῦθα</span> <span class='ocrx_word' id='word_1_189' title='bbox 1749 997 1813 1014; x_wconf 83' lang='grc' dir='ltr'>συν-</span> 
     </span>
    </p>
   </div>
   <div class='ocr_carea' id='block_1_6' title="bbox 255 1029 1812 1070">
    <p class='ocr_par' dir='ltr' id='par_1_7' title="bbox 255 1029 1812 1070">
     <span class='ocr_line' id='line_1_26' title="bbox 255 1029 1812 1070; baseline 0.003 -14"><span class='ocrx_word' id='word_1_190' title='bbox 255 1029 300 1067; x_wconf 85' lang='lat' dir='ltr'>qui</span> <span class='ocrx_word' id='word_1_191' title='bbox 316 1030 359 1057; x_wconf 88' lang='lat' dir='ltr'>hie</span> <span class='ocrx_word' id='word_1_192' title='bbox 374 1037 435 1058; x_wconf 90' lang='lat' dir='ltr'>sunt</span> <span class='ocrx_word' id='word_1_193' title='bbox 450 1030 614 1068; x_wconf 79' lang='lat' dir='ltr'>congregati.</span> <span class='ocrx_word' id='word_1_194' title='bbox 637 1032 761 1066; x_wconf 85' lang='lat' dir='ltr'>Quonam</span> <span class='ocrx_word' id='word_1_195' title='bbox 776 1029 881 1058; x_wconf 75' lang='lat' dir='ltr'>modo?</span> <span class='ocrx_word' id='word_1_196' title='bbox 897 1029 937 1057; x_wconf 75' lang='lat' dir='ltr'>Ad</span> <span class='ocrx_word' id='word_1_197' title='bbox 951 1039 994 1057; x_wconf 87' lang='lat' dir='ltr'>eos</span> <span class='ocrx_word' id='word_1_198' title='bbox 1012 1034 1030 1056; x_wconf 91' lang='lat' dir='ltr'>D</span> <span class='ocrx_word' id='word_1_199' title='bbox 1049 1029 1214 1068; x_wconf 79' lang='grc' dir='ltr'>ειλεγμένων.</span> <span class='ocrx_word' id='word_1_200' title='bbox 1230 1031 1293 1062; x_wconf 81' lang='grc' dir='ltr'>Πῶς</span> <span class='ocrx_word' id='word_1_201' title='bbox 1317 1030 1362 1059; x_wconf 80' lang='grc' dir='ltr'>καὶ</span> <span class='ocrx_word' id='word_1_202' title='bbox 1385 1030 1436 1058; x_wconf 80' lang='grc' dir='ltr'>τίνι</span> <span class='ocrx_word' id='word_1_203' title='bbox 1460 1031 1568 1070; x_wconf 52' lang='grc' dir='ltr'>τρόπιςη</span> <span class='ocrx_word' id='word_1_204' title='bbox 1589 1030 1660 1069; x_wconf 86' lang='grc' dir='ltr'>Πρὸς</span> <span class='ocrx_word' id='word_1_205' title='bbox 1679 1030 1738 1064; x_wconf 80' lang='grc' dir='ltr'>τοὺς</span> <span class='ocrx_word' id='word_1_206' title='bbox 1761 1033 1812 1060; x_wconf 77' lang='grc' dir='ltr'>ὄλι-</span> 
     </span>
    </p>
   </div>
   <div class='ocr_carea' id='block_1_7' title="bbox 253 1075 993 1343">
    <p class='ocr_par' dir='ltr' id='par_1_8' title="bbox 253 1075 993 1343">
     <span class='ocr_line' id='line_1_27' title="bbox 256 1075 993 1115; baseline 0 -12"><span class='ocrx_word' id='word_1_207' title='bbox 256 1076 372 1113; x_wconf 86' lang='lat' dir='ltr'>quisunt</span> <span class='ocrx_word' id='word_1_208' title='bbox 386 1076 479 1115; x_wconf 86' lang='lat' dir='ltr'>pusilli</span> <span class='ocrx_word' id='word_1_209' title='bbox 494 1083 518 1104; x_wconf 90' lang='lat' dir='ltr'>ct</span> <span class='ocrx_word' id='word_1_210' title='bbox 530 1076 627 1115; x_wconf 87' lang='lat' dir='ltr'>abjecti</span> <span class='ocrx_word' id='word_1_211' title='bbox 642 1076 733 1104; x_wconf 85' lang='lat' dir='ltr'>animi.</span> <span class='ocrx_word' id='word_1_212' title='bbox 746 1076 815 1104; x_wconf 83' lang='lat' dir='ltr'>Nam</span> <span class='ocrx_word' id='word_1_213' title='bbox 827 1075 935 1113; x_wconf 87' lang='lat' dir='ltr'>quaudo</span> <span class='ocrx_word' id='word_1_214' title='bbox 950 1075 993 1104; x_wconf 64' lang='lat' dir='ltr'>vi-</span> 
     </span>
     <span class='ocr_line' id='line_1_28' title="bbox 254 1121 991 1161; baseline -0.003 -11"><span class='ocrx_word' id='word_1_215' title='bbox 254 1121 343 1150; x_wconf 78' lang='lat' dir='ltr'>derint</span> <span class='ocrx_word' id='word_1_216' title='bbox 364 1122 448 1150; x_wconf 85' lang='lat' dir='ltr'>malos</span> <span class='ocrx_word' id='word_1_217' title='bbox 474 1132 599 1161; x_wconf 83' lang='lat' dir='ltr'>prospere</span> <span class='ocrx_word' id='word_1_218' title='bbox 613 1122 705 1149; x_wconf 82' lang='lat' dir='ltr'>vivere</span> <span class='ocrx_word' id='word_1_219' title='bbox 717 1143 724 1156; x_wconf 87' lang='lat'>,</span> <span class='ocrx_word' id='word_1_220' title='bbox 745 1131 771 1149; x_wconf 86' lang='lat' dir='ltr'>se</span> <span class='ocrx_word' id='word_1_221' title='bbox 790 1128 879 1149; x_wconf 86' lang='lat' dir='ltr'>autem</span> <span class='ocrx_word' id='word_1_222' title='bbox 902 1121 971 1148; x_wconf 84' lang='lat' dir='ltr'>male</span> <span class='ocrx_word' id='word_1_223' title='bbox 983 1142 991 1157; x_wconf 89' lang='lat'>,</span> 
     </span>
     <span class='ocr_line' id='line_1_29' title="bbox 253 1165 992 1205; baseline 0 -11"><span class='ocrx_word' id='word_1_224' title='bbox 253 1166 344 1195; x_wconf 88' lang='lat' dir='ltr'>dolent</span> <span class='ocrx_word' id='word_1_225' title='bbox 367 1175 390 1196; x_wconf 87' lang='lat' dir='ltr'>et</span> <span class='ocrx_word' id='word_1_226' title='bbox 405 1177 474 1205; x_wconf 76' lang='lat' dir='ltr'>:egre</span> <span class='ocrx_word' id='word_1_227' title='bbox 488 1167 593 1202; x_wconf 78' lang='lat' dir='ltr'>serunt,</span> <span class='ocrx_word' id='word_1_228' title='bbox 613 1166 686 1205; x_wconf 88' lang='lat' dir='ltr'>quod</span> <span class='ocrx_word' id='word_1_229' title='bbox 708 1167 818 1194; x_wconf 88' lang='lat' dir='ltr'>illorum</span> <span class='ocrx_word' id='word_1_230' title='bbox 843 1165 992 1194; x_wconf 81' lang='lat' dir='ltr'>desiderent</span> 
     </span>
     <span class='ocr_line' id='line_1_30' title="bbox 253 1211 990 1251; baseline -0.001 -11"><span class='ocrx_word' id='word_1_231' title='bbox 253 1213 418 1251; x_wconf 82' lang='lat' dir='ltr'>supplicium</span> <span class='ocrx_word' id='word_1_232' title='bbox 431 1219 455 1240; x_wconf 92' lang='lat' dir='ltr'>et</span> <span class='ocrx_word' id='word_1_233' title='bbox 467 1212 611 1249; x_wconf 80' lang='lat' dir='ltr'>ultionem,</span> <span class='ocrx_word' id='word_1_234' title='bbox 626 1219 651 1240; x_wconf 89' lang='lat' dir='ltr'>et</span> <span class='ocrx_word' id='word_1_235' title='bbox 663 1211 735 1250; x_wconf 86' lang='lat' dir='ltr'>quod</span> <span class='ocrx_word' id='word_1_236' title='bbox 747 1212 870 1240; x_wconf 87' lang='lat' dir='ltr'>laborum</span> <span class='ocrx_word' id='word_1_237' title='bbox 882 1222 990 1239; x_wconf 85' lang='lat' dir='ltr'>suorum</span> 
     </span>
     <span class='ocr_line' id='line_1_31' title="bbox 255 1257 991 1296; baseline -0.001 -10"><span class='ocrx_word' id='word_1_238' title='bbox 255 1265 406 1296; x_wconf 78' lang='lat' dir='ltr'>exspectent</span> <span class='ocrx_word' id='word_1_239' title='bbox 435 1257 592 1286; x_wconf 81' lang='lat' dir='ltr'>mercedem.</span> <span class='ocrx_word' id='word_1_240' title='bbox 615 1258 723 1286; x_wconf 78' lang='lat' dir='ltr'>Adhuc</span> <span class='ocrx_word' id='word_1_241' title='bbox 747 1260 823 1286; x_wconf 83' lang='lat' dir='ltr'>enim</span> <span class='ocrx_word' id='word_1_242' title='bbox 848 1258 991 1286; x_wconf 77' lang='lat' dir='ltr'>modicum</span> 
     </span>
     <span class='ocr_line' id='line_1_32' title="bbox 254 1305 993 1343; baseline -0.001 -11"><span class='ocrx_word' id='word_1_243' title='bbox 254 1305 472 1343; x_wconf 77' lang='lat' dir='ltr'>aliquantulum</span> <span class='ocrx_word' id='word_1_244' title='bbox 480 1326 487 1341; x_wconf 83' lang='lat'>,</span> <span class='ocrx_word' id='word_1_245' title='bbox 499 1307 549 1342; x_wconf 79' lang='lat' dir='ltr'>qui</span> <span class='ocrx_word' id='word_1_246' title='bbox 559 1311 701 1332; x_wconf 79' lang='lat' dir='ltr'>venturus</span> <span class='ocrx_word' id='word_1_247' title='bbox 713 1311 755 1332; x_wconf 80' lang='lat' dir='ltr'>est</span> <span class='ocrx_word' id='word_1_248' title='bbox 768 1306 878 1338; x_wconf 80' lang='lat' dir='ltr'>veniet,</span> <span class='ocrx_word' id='word_1_249' title='bbox 891 1311 919 1332; x_wconf 80' lang='lat' dir='ltr'>et</span> <span class='ocrx_word' id='word_1_250' title='bbox 935 1314 993 1331; x_wconf 87' lang='lat' dir='ltr'>non</span> 
     </span>
    </p>
   </div>
   <div class='ocr_carea' id='block_1_8' title="bbox 1046 1075 1813 1342">
    <p class='ocr_par' dir='ltr' id='par_1_9' title="bbox 1046 1075 1813 1342">
     <span class='ocr_line' id='line_1_33' title="bbox 1047 1075 1812 1116; baseline 0.003 -13"><span class='ocrx_word' id='word_1_251' title='bbox 1047 1075 1193 1114; x_wconf 72' lang='grc' dir='ltr'>γοψύχους,</span> <span class='ocrx_word' id='word_1_252' title='bbox 1217 1076 1281 1115; x_wconf 77' lang='grc' dir='ltr'>πρὸς</span> <span class='ocrx_word' id='word_1_253' title='bbox 1299 1076 1357 1108; x_wconf 82' lang='grc' dir='ltr'>τοὺς</span> <span class='ocrx_word' id='word_1_254' title='bbox 1377 1076 1560 1115; x_wconf 73' lang='grc' dir='ltr'>μικροψύχους.</span> <span class='ocrx_word' id='word_1_255' title='bbox 1583 1076 1668 1105; x_wconf 69' lang='grc' dir='ltr'>εὈταν</span> <span class='ocrx_word' id='word_1_256' title='bbox 1682 1076 1733 1116; x_wconf 80' lang='grc' dir='ltr'>γὰρ</span> <span class='ocrx_word' id='word_1_257' title='bbox 1748 1077 1812 1105; x_wconf 59' lang='grc' dir='ltr'>ἴδω·</span> 
     </span>
     <span class='ocr_line' id='line_1_34' title="bbox 1048 1120 1813 1162; baseline 0.001 -12"><span class='ocrx_word' id='word_1_258' title='bbox 1048 1133 1073 1150; x_wconf 87' lang='grc' dir='ltr'>σι</span> <span class='ocrx_word' id='word_1_259' title='bbox 1107 1120 1235 1159; x_wconf 69' lang='grc' dir='ltr'>πονηροὺς</span> <span class='ocrx_word' id='word_1_260' title='bbox 1263 1123 1476 1161; x_wconf 76' lang='grc' dir='ltr'>εὐπραγοῦντας,</span> <span class='ocrx_word' id='word_1_261' title='bbox 1505 1121 1612 1155; x_wconf 72' lang='grc' dir='ltr'>ἑαυτοὺς</span> <span class='ocrx_word' id='word_1_262' title='bbox 1640 1121 1667 1150; x_wconf 83' lang='grc' dir='ltr'>δὲ</span> <span class='ocrx_word' id='word_1_263' title='bbox 1698 1123 1813 1162; x_wconf 87' lang='grc' dir='ltr'>δυσπρα-</span> 
     </span>
     <span class='ocr_line' id='line_1_35' title="bbox 1046 1166 1811 1206; baseline 0.001 -12"><span class='ocrx_word' id='word_1_264' title='bbox 1046 1169 1169 1204; x_wconf 75' lang='grc' dir='ltr'>γοῦντας,</span> <span class='ocrx_word' id='word_1_265' title='bbox 1190 1166 1311 1202; x_wconf 78' lang='grc' dir='ltr'>ἀλύουσι,</span> <span class='ocrx_word' id='word_1_266' title='bbox 1333 1168 1587 1206; x_wconf 74' lang='grc' dir='ltr'>δυσανασχετοῦσιν·</span> <span class='ocrx_word' id='word_1_267' title='bbox 1615 1166 1676 1196; x_wconf 78' lang='grc' dir='ltr'>ὅταν</span> <span class='ocrx_word' id='word_1_268' title='bbox 1696 1169 1811 1197; x_wconf 78' lang='grc' dir='ltr'>ποθῶσιν</span> 
     </span>
     <span class='ocr_line' id='line_1_36' title="bbox 1046 1212 1812 1250; baseline 0 -9"><span class='ocrx_word' id='word_1_269' title='bbox 1046 1213 1150 1241; x_wconf 77' lang='grc' dir='ltr'>ἐκείνων</span> <span class='ocrx_word' id='word_1_270' title='bbox 1165 1212 1212 1247; x_wconf 82' lang='grc' dir='ltr'>τὴν</span> <span class='ocrx_word' id='word_1_271' title='bbox 1228 1213 1335 1241; x_wconf 85' lang='grc' dir='ltr'>κόλασιν</span> <span class='ocrx_word' id='word_1_272' title='bbox 1355 1212 1399 1240; x_wconf 74' lang='grc' dir='ltr'>καὶ</span> <span class='ocrx_word' id='word_1_273' title='bbox 1422 1213 1470 1246; x_wconf 80' lang='grc' dir='ltr'>τὴν</span> <span class='ocrx_word' id='word_1_274' title='bbox 1488 1212 1617 1248; x_wconf 77' lang='grc' dir='ltr'>ἐκδικίαν,</span> <span class='ocrx_word' id='word_1_275' title='bbox 1633 1212 1675 1250; x_wconf 81' lang='grc' dir='ltr'>[ἢ]</span> <span class='ocrx_word' id='word_1_276' title='bbox 1688 1213 1749 1241; x_wconf 80' lang='grc' dir='ltr'>ὅταν</span> <span class='ocrx_word' id='word_1_277' title='bbox 1761 1216 1812 1242; x_wconf 80' lang='grc' dir='ltr'>τῶν</span> 
     </span>
     <span class='ocr_line' id='line_1_37' title="bbox 1047 1256 1812 1297; baseline -0.001 -10"><span class='ocrx_word' id='word_1_278' title='bbox 1047 1258 1148 1287; x_wconf 81' lang='grc' dir='ltr'>οἰκείων</span> <span class='ocrx_word' id='word_1_279' title='bbox 1163 1258 1249 1287; x_wconf 85' lang='grc' dir='ltr'>πόνων</span> <span class='ocrx_word' id='word_1_280' title='bbox 1264 1257 1321 1289; x_wconf 68' lang='grc' dir='ltr'>τοὺς</span> <span class='ocrx_word' id='word_1_281' title='bbox 1333 1256 1438 1295; x_wconf 79' lang='grc' dir='ltr'>μισθοὺς</span> <span class='ocrx_word' id='word_1_282' title='bbox 1457 1257 1626 1296; x_wconf 78' lang='grc' dir='ltr'>ἐκδέχωνται.</span> <span class='ocrx_word' id='word_1_283' title='bbox 1640 1257 1702 1286; x_wconf 82' lang='grc' dir='ltr'>Ἔτι</span> <span class='ocrx_word' id='word_1_284' title='bbox 1719 1257 1812 1297; x_wconf 79' lang='grc' dir='ltr'>μικρὸν</span> 
     </span>
     <span class='ocr_line' id='line_1_38' title="bbox 1046 1299 1812 1342; baseline 0 -10"><span class='ocrx_word' id='word_1_285' title='bbox 1046 1303 1104 1332; x_wconf 75' lang='grc' dir='ltr'>ὅσον</span> <span class='ocrx_word' id='word_1_286' title='bbox 1127 1303 1197 1339; x_wconf 80' lang='grc' dir='ltr'>ὅσον,</span> <span class='ocrx_word' id='word_1_287' title='bbox 1212 1306 1225 1331; x_wconf 85' lang='grc' dir='ltr'>ὁ</span> <span class='ocrx_word' id='word_1_288' title='bbox 1246 1302 1385 1342; x_wconf 70' lang='grc' dir='ltr'>ἐρχόμενος</span> <span class='ocrx_word' id='word_1_289' title='bbox 1401 1301 1470 1337; x_wconf 71' lang='grc' dir='ltr'>ἥξει,</span> <span class='ocrx_word' id='word_1_290' title='bbox 1495 1302 1539 1330; x_wconf 76' lang='grc' dir='ltr'>καὶ</span> <span class='ocrx_word' id='word_1_291' title='bbox 1563 1304 1591 1330; x_wconf 78' lang='grc' dir='ltr'>οὐ</span> <span class='ocrx_word' id='word_1_292' title='bbox 1618 1307 1731 1341; x_wconf 84' lang='grc' dir='ltr'>χρονιεῖ,</span> <span class='ocrx_word' id='word_1_293' title='bbox 1756 1299 1812 1332; x_wconf 72' lang='grc' dir='ltr'>εἷπε</span> 
     </span>
    </p>
   </div>
   <div class='ocr_carea' id='block_1_9' title="bbox 254 1347 1812 1614">
    <p class='ocr_par' dir='ltr' id='par_1_10' title="bbox 254 1347 1812 1614">
     <span class='ocr_line' id='line_1_39' title="bbox 255 1347 1812 1394; baseline 0.001 -17"><span class='ocrx_word' id='word_1_294' title='bbox 255 1351 402 1383; x_wconf 79' lang='lat' dir='ltr'>tardabit,</span> <span class='ocrx_word' id='word_1_295' title='bbox 421 1350 525 1378; x_wconf 84' lang='lat' dir='ltr'>dicebat</span> <span class='ocrx_word' id='word_1_296' title='bbox 539 1357 601 1378; x_wconf 88' lang='lat' dir='ltr'>tunc</span> <span class='ocrx_word' id='word_1_297' title='bbox 617 1350 724 1378; x_wconf 80' lang='lat' dir='ltr'>Paulus.</span> <span class='ocrx_word' id='word_1_298' title='bbox 746 1350 779 1378; x_wconf 85' lang='lat' dir='ltr'>Et</span> <span class='ocrx_word' id='word_1_299' title='bbox 795 1360 841 1378; x_wconf 87' lang='lat' dir='ltr'>nos</span> <span class='ocrx_word' id='word_1_300' title='bbox 856 1360 919 1387; x_wconf 84' lang='lat' dir='ltr'>ergo</span> <span class='ocrx_word' id='word_1_301' title='bbox 936 1350 991 1378; x_wconf 70' lang='lat' dir='ltr'>lime</span> <span class='ocrx_word' id='word_1_302' title='bbox 1002 1376 1037 1394; x_wconf 61' lang='lat'>¹93</span> <span class='ocrx_word' id='word_1_303' title='bbox 1045 1349 1103 1377; x_wconf 79' lang='grc' dir='ltr'>τότε</span> <span class='ocrx_word' id='word_1_304' title='bbox 1115 1351 1127 1376; x_wconf 84' lang='grc' dir='ltr'>ὁ</span> <span class='ocrx_word' id='word_1_305' title='bbox 1138 1349 1251 1380; x_wconf 72' lang='grc' dir='ltr'>Παῦλος.</span> <span class='ocrx_word' id='word_1_306' title='bbox 1265 1348 1317 1376; x_wconf 78' lang='grc' dir='ltr'>Καὶ</span> <span class='ocrx_word' id='word_1_307' title='bbox 1331 1350 1407 1384; x_wconf 77' lang='grc' dir='ltr'>ἡμεῖς</span> <span class='ocrx_word' id='word_1_308' title='bbox 1419 1347 1502 1376; x_wconf 87' lang='grc' dir='ltr'>τοίνυν</span> <span class='ocrx_word' id='word_1_309' title='bbox 1519 1347 1582 1386; x_wconf 79' lang='grc' dir='ltr'>πρὸς</span> <span class='ocrx_word' id='word_1_310' title='bbox 1607 1347 1666 1381; x_wconf 77' lang='grc' dir='ltr'>τοὺς</span> <span class='ocrx_word' id='word_1_311' title='bbox 1684 1347 1812 1388; x_wconf 76' lang='grc' dir='ltr'>ῥᾳθύμους</span> 
     </span>
     <span class='ocr_line' id='line_1_40' title="bbox 254 1392 1809 1434; baseline 0.001 -10"><span class='ocrx_word' id='word_1_312' title='bbox 254 1395 374 1424; x_wconf 79' lang='lat' dir='ltr'>dicamus</span> <span class='ocrx_word' id='word_1_313' title='bbox 392 1397 494 1433; x_wconf 67' lang='lat' dir='ltr'>ignavis</span> <span class='ocrx_word' id='word_1_314' title='bbox 509 1403 532 1424; x_wconf 86' lang='lat' dir='ltr'>et</span> <span class='ocrx_word' id='word_1_315' title='bbox 548 1396 721 1424; x_wconf 81' lang='lat' dir='ltr'>socordibus:</span> <span class='ocrx_word' id='word_1_316' title='bbox 739 1396 855 1424; x_wconf 88' lang='lat' dir='ltr'>Omnino</span> <span class='ocrx_word' id='word_1_317' title='bbox 872 1396 922 1424; x_wconf 90' lang='lat' dir='ltr'>crit</span> <span class='ocrx_word' id='word_1_318' title='bbox 937 1407 989 1434; x_wconf 74' lang='lat' dir='ltr'>pu—</span> <span class='ocrx_word' id='word_1_319' title='bbox 1010 1404 1028 1424; x_wconf 75' lang='grc' dir='ltr'><strong>Α</strong></span> <span class='ocrx_word' id='word_1_320' title='bbox 1045 1397 1127 1422; x_wconf 80' lang='grc' dir='ltr'>ταῦτα</span> <span class='ocrx_word' id='word_1_321' title='bbox 1146 1393 1279 1431; x_wconf 80' lang='grc' dir='ltr'>λέγωμεν·</span> <span class='ocrx_word' id='word_1_322' title='bbox 1296 1393 1400 1425; x_wconf 77' lang='grc' dir='ltr'>πάντως</span> <span class='ocrx_word' id='word_1_323' title='bbox 1409 1392 1482 1421; x_wconf 69' lang='grc' dir='ltr'>ἔσται</span> <span class='ocrx_word' id='word_1_324' title='bbox 1493 1393 1614 1430; x_wconf 71' lang='grc' dir='ltr'>κόλασῑς,</span> <span class='ocrx_word' id='word_1_325' title='bbox 1626 1393 1731 1426; x_wconf 73' lang='grc' dir='ltr'>πάντως</span> <span class='ocrx_word' id='word_1_326' title='bbox 1741 1393 1809 1429; x_wconf 68' lang='grc' dir='ltr'>ἥξει,</span> 
     </span>
     <span class='ocr_line' id='line_1_41' title="bbox 1045 1438 1811 1478; baseline 0 -10"><span class='ocrx_word' id='word_1_327' title='bbox 1045 1439 1087 1468; x_wconf 78' lang='grc' dir='ltr'>ἐπὶ</span> <span class='ocrx_word' id='word_1_328' title='bbox 1102 1439 1191 1478; x_wconf 72' lang='grc' dir='ltr'>Οὖραις</span> <span class='ocrx_word' id='word_1_329' title='bbox 1205 1439 1295 1467; x_wconf 74' lang='grc' dir='ltr'>λοιπὸν</span> <span class='ocrx_word' id='word_1_330' title='bbox 1310 1438 1343 1467; x_wconf 82' lang='grc' dir='ltr'>τὰ</span> <span class='ocrx_word' id='word_1_331' title='bbox 1357 1441 1404 1473; x_wconf 74' lang='grc' dir='ltr'>τῆς</span> <span class='ocrx_word' id='word_1_332' title='bbox 1425 1439 1602 1472; x_wconf 79' lang='grc' dir='ltr'>ἀναστάσεως.</span> <span class='ocrx_word' id='word_1_333' title='bbox 1619 1439 1702 1468; x_wconf 87' lang='grc' dir='ltr'>Πόθεν</span> <span class='ocrx_word' id='word_1_334' title='bbox 1719 1440 1811 1475; x_wconf 78' lang='grc' dir='ltr'>δῆλον,</span> 
     </span>
     <span class='ocr_line' id='line_1_42' title="bbox 1044 1484 1810 1525; baseline 0.001 -13"><span class='ocrx_word' id='word_1_335' title='bbox 1044 1484 1137 1523; x_wconf 82' lang='grc' dir='ltr'>φησίν;</span> <span class='ocrx_word' id='word_1_336' title='bbox 1153 1485 1192 1513; x_wconf 84' lang='grc' dir='ltr'>Οὐ</span> <span class='ocrx_word' id='word_1_337' title='bbox 1206 1484 1274 1522; x_wconf 78' lang='grc' dir='ltr'>λέγω</span> <span class='ocrx_word' id='word_1_338' title='bbox 1289 1484 1341 1513; x_wconf 81' lang='grc' dir='ltr'>ἀπὸ</span> <span class='ocrx_word' id='word_1_339' title='bbox 1353 1487 1493 1523; x_wconf 72' lang='grc' dir='ltr'>προφητῶν</span> <span class='ocrx_word' id='word_1_340' title='bbox 1507 1496 1513 1501; x_wconf 87' lang='grc'><strong><em>·</em></strong></span> <span class='ocrx_word' id='word_1_341' title='bbox 1534 1484 1592 1513; x_wconf 78' lang='grc' dir='ltr'>οὔτε</span> <span class='ocrx_word' id='word_1_342' title='bbox 1604 1484 1655 1523; x_wconf 80' lang='grc' dir='ltr'>γὰρ</span> <span class='ocrx_word' id='word_1_343' title='bbox 1668 1484 1732 1524; x_wconf 77' lang='grc' dir='ltr'>πρὸς</span> <span class='ocrx_word' id='word_1_344' title='bbox 1744 1485 1810 1525; x_wconf 81' lang='grc' dir='ltr'>Χρι-</span> 
     </span>
     <span class='ocr_line' id='line_1_43' title="bbox 1044 1527 1809 1569; baseline 0.001 -12"><span class='ocrx_word' id='word_1_345' title='bbox 1044 1529 1163 1562; x_wconf 79' lang='grc' dir='ltr'>στιανοὺς</span> <span class='ocrx_word' id='word_1_346' title='bbox 1177 1529 1255 1567; x_wconf 81' lang='grc' dir='ltr'>μόνον</span> <span class='ocrx_word' id='word_1_347' title='bbox 1267 1540 1311 1567; x_wconf 89' lang='grc' dir='ltr'>μοι</span> <span class='ocrx_word' id='word_1_348' title='bbox 1325 1533 1368 1558; x_wconf 79' lang='grc' dir='ltr'>νῦν</span> <span class='ocrx_word' id='word_1_349' title='bbox 1383 1532 1396 1558; x_wconf 82' lang='grc' dir='ltr'><strong>ὁ</strong></span> <span class='ocrx_word' id='word_1_350' title='bbox 1409 1529 1485 1568; x_wconf 82' lang='grc' dir='ltr'>λόγος</span> <span class='ocrx_word' id='word_1_351' title='bbox 1495 1551 1502 1565; x_wconf 90' lang='grc'><strong>,</strong></span> <span class='ocrx_word' id='word_1_352' title='bbox 1519 1530 1586 1558; x_wconf 82' lang='grc' dir='ltr'>ἀλλὰ</span> <span class='ocrx_word' id='word_1_353' title='bbox 1603 1529 1651 1558; x_wconf 78' lang='grc' dir='ltr'>κᾶν</span> <span class='ocrx_word' id='word_1_354' title='bbox 1662 1530 1766 1565; x_wconf 55' lang='grc' dir='ltr'>(Ἕλλην</span> <span class='ocrx_word' id='word_1_355' title='bbox 1775 1527 1792 1569; x_wconf 74' lang='grc' dir='ltr'>ᾗ</span> <span class='ocrx_word' id='word_1_356' title='bbox 1802 1552 1809 1565; x_wconf 91' lang='grc'>,</span> 
     </span>
     <span class='ocr_line' id='line_1_44' title="bbox 1044 1574 1812 1614; baseline 0.001 -11"><span class='ocrx_word' id='word_1_357' title='bbox 1044 1577 1130 1614; x_wconf 77' lang='grc' dir='ltr'>θαῤῥῶ</span> <span class='ocrx_word' id='word_1_358' title='bbox 1144 1574 1225 1610; x_wconf 79' lang='grc' dir='ltr'>πάνυ,</span> <span class='ocrx_word' id='word_1_359' title='bbox 1235 1575 1279 1603; x_wconf 76' lang='grc' dir='ltr'>καὶ</span> <span class='ocrx_word' id='word_1_360' title='bbox 1291 1574 1337 1607; x_wconf 79' lang='grc' dir='ltr'>τὰς</span> <span class='ocrx_word' id='word_1_361' title='bbox 1350 1574 1494 1607; x_wconf 72' lang='grc' dir='ltr'>ἀποδείξεις</span> <span class='ocrx_word' id='word_1_362' title='bbox 1506 1575 1617 1614; x_wconf 68' lang='grc' dir='ltr'>παρέχω</span> <span class='ocrx_word' id='word_1_363' title='bbox 1626 1597 1633 1610; x_wconf 94' lang='grc'><strong>,</strong></span> <span class='ocrx_word' id='word_1_364' title='bbox 1651 1575 1696 1604; x_wconf 80' lang='grc' dir='ltr'>καὶ</span> <span class='ocrx_word' id='word_1_365' title='bbox 1716 1575 1812 1609; x_wconf 75' lang='grc' dir='ltr'>διδάξω</span> 
     </span>
    </p>
   </div>
   <div class='ocr_carea' id='block_1_10' title="bbox 253 1442 991 1706">
    <p class='ocr_par' dir='ltr' id='par_1_11' title="bbox 253 1442 991 1706">
     <span class='ocr_line' id='line_1_45' title="bbox 255 1442 989 1481; baseline 0 -12"><span class='ocrx_word' id='word_1_366' title='bbox 255 1442 333 1477; x_wconf 78' lang='lat' dir='ltr'>nitio,</span> <span class='ocrx_word' id='word_1_367' title='bbox 349 1443 456 1470; x_wconf 86' lang='lat' dir='ltr'>omniuo</span> <span class='ocrx_word' id='word_1_368' title='bbox 469 1442 574 1479; x_wconf 82' lang='lat' dir='ltr'>veniet;</span> <span class='ocrx_word' id='word_1_369' title='bbox 590 1443 646 1481; x_wconf 76' lang='lat' dir='ltr'>jam</span> <span class='ocrx_word' id='word_1_370' title='bbox 657 1449 694 1470; x_wconf 87' lang='lat' dir='ltr'>est</span> <span class='ocrx_word' id='word_1_371' title='bbox 711 1443 736 1469; x_wconf 93' lang='lat' dir='ltr'>in</span> <span class='ocrx_word' id='word_1_372' title='bbox 750 1442 852 1469; x_wconf 81' lang='lat' dir='ltr'>foribus</span> <span class='ocrx_word' id='word_1_373' title='bbox 868 1452 989 1469; x_wconf 52' lang='lat' dir='ltr'>resurre*</span> 
     </span>
     <span class='ocr_line' id='line_1_46' title="bbox 254 1487 991 1525; baseline 0 -11"><span class='ocrx_word' id='word_1_374' title='bbox 254 1487 314 1515; x_wconf 79' lang='lat' dir='ltr'>etio.</span> <span class='ocrx_word' id='word_1_375' title='bbox 331 1487 488 1524; x_wconf 59' lang='lat' dir='ltr'>sodomam,</span> <span class='ocrx_word' id='word_1_376' title='bbox 513 1488 601 1525; x_wconf 86' lang='lat' dir='ltr'>inquit</span> <span class='ocrx_word' id='word_1_377' title='bbox 618 1510 626 1523; x_wconf 92' lang='lat'>,</span> <span class='ocrx_word' id='word_1_378' title='bbox 653 1487 774 1515; x_wconf 76' lang='lat' dir='ltr'>constat?</span> <span class='ocrx_word' id='word_1_379' title='bbox 794 1487 854 1515; x_wconf 87' lang='lat' dir='ltr'>Non</span> <span class='ocrx_word' id='word_1_380' title='bbox 876 1487 936 1515; x_wconf 89' lang='lat' dir='ltr'>dico</span> <span class='ocrx_word' id='word_1_381' title='bbox 958 1497 991 1515; x_wconf 79' lang='lat' dir='ltr'>ex</span> 
     </span>
     <span class='ocr_line' id='line_1_47' title="bbox 254 1531 991 1570; baseline 0 -11"><span class='ocrx_word' id='word_1_382' title='bbox 254 1532 390 1570; x_wconf 72' lang='lat' dir='ltr'>prophetis</span> <span class='ocrx_word' id='word_1_383' title='bbox 406 1544 411 1559; x_wconf 79' lang='lat' dir='ltr'>t</span> <span class='ocrx_word' id='word_1_384' title='bbox 430 1543 481 1560; x_wconf 85' lang='lat' dir='ltr'>non</span> <span class='ocrx_word' id='word_1_385' title='bbox 496 1533 566 1560; x_wconf 89' lang='lat' dir='ltr'>enim</span> <span class='ocrx_word' id='word_1_386' title='bbox 584 1532 617 1560; x_wconf 84' lang='lat' dir='ltr'>ad</span> <span class='ocrx_word' id='word_1_387' title='bbox 633 1533 798 1560; x_wconf 61' lang='lat' dir='ltr'>Christianus</span> <span class='ocrx_word' id='word_1_388' title='bbox 819 1531 905 1560; x_wconf 88' lang='lat' dir='ltr'>solum</span> <span class='ocrx_word' id='word_1_389' title='bbox 921 1542 991 1560; x_wconf 79' lang='lat' dir='ltr'>nune</span> 
     </span>
     <span class='ocr_line' id='line_1_48' title="bbox 253 1576 989 1615; baseline 0 -10"><span class='ocrx_word' id='word_1_390' title='bbox 253 1589 266 1605; x_wconf 83' lang='lat' dir='ltr'>a</span> <span class='ocrx_word' id='word_1_391' title='bbox 283 1588 325 1606; x_wconf 83' lang='lat' dir='ltr'>ine</span> <span class='ocrx_word' id='word_1_392' title='bbox 337 1578 416 1607; x_wconf 77' lang='lat' dir='ltr'>verba</span> <span class='ocrx_word' id='word_1_393' title='bbox 430 1578 514 1615; x_wconf 71' lang='lat' dir='ltr'>fiunt,</span> <span class='ocrx_word' id='word_1_394' title='bbox 528 1578 574 1606; x_wconf 82' lang='lat' dir='ltr'>sed</span> <span class='ocrx_word' id='word_1_395' title='bbox 587 1578 690 1606; x_wconf 78' lang='lat' dir='ltr'>etiarnsi</span> <span class='ocrx_word' id='word_1_396' title='bbox 700 1577 733 1605; x_wconf 86' lang='lat' dir='ltr'>sit</span> <span class='ocrx_word' id='word_1_397' title='bbox 744 1578 870 1614; x_wconf 85' lang='lat' dir='ltr'>Graecns,</span> <span class='ocrx_word' id='word_1_398' title='bbox 884 1576 989 1606; x_wconf 79' lang='lat' dir='ltr'>confido</span> 
     </span>
     <span class='ocr_line' id='line_1_49' title="bbox 253 1623 990 1663; baseline 0 -12"><span class='ocrx_word' id='word_1_399' title='bbox 253 1624 347 1662; x_wconf 84' lang='lat' dir='ltr'>plane,</span> <span class='ocrx_word' id='word_1_400' title='bbox 364 1631 388 1652; x_wconf 92' lang='lat' dir='ltr'>et</span> <span class='ocrx_word' id='word_1_401' title='bbox 404 1630 487 1652; x_wconf 81' lang='lat' dir='ltr'>certas</span> <span class='ocrx_word' id='word_1_402' title='bbox 500 1624 668 1663; x_wconf 78' lang='lat' dir='ltr'>probationes</span> <span class='ocrx_word' id='word_1_403' title='bbox 682 1624 763 1651; x_wconf 81' lang='lat' dir='ltr'>assero</span> <span class='ocrx_word' id='word_1_404' title='bbox 775 1647 780 1658; x_wconf 81' lang='lat'><strong>‚</strong></span> <span class='ocrx_word' id='word_1_405' title='bbox 794 1630 819 1651; x_wconf 80' lang='lat' dir='ltr'>et</span> <span class='ocrx_word' id='word_1_406' title='bbox 834 1634 895 1651; x_wconf 86' lang='lat' dir='ltr'>eum</span> <span class='ocrx_word' id='word_1_407' title='bbox 911 1623 990 1651; x_wconf 83' lang='lat' dir='ltr'>doce·</span> 
     </span>
     <span class='ocr_line' id='line_1_50' title="bbox 253 1667 987 1706; baseline 0.001 -12"><span class='ocrx_word' id='word_1_408' title='bbox 253 1667 286 1695; x_wconf 69' lang='lat' dir='ltr'>luo</span> <span class='ocrx_word' id='word_1_409' title='bbox 299 1679 304 1694; x_wconf 90' lang='lat'>:</span> <span class='ocrx_word' id='word_1_410' title='bbox 318 1675 342 1696; x_wconf 86' lang='lat' dir='ltr'>et</span> <span class='ocrx_word' id='word_1_411' title='bbox 356 1668 488 1705; x_wconf 81' lang='lat' dir='ltr'>quomodo</span> <span class='ocrx_word' id='word_1_412' title='bbox 501 1691 506 1704; x_wconf 93' lang='lat'><em>‚</em></span> <span class='ocrx_word' id='word_1_413' title='bbox 524 1668 596 1696; x_wconf 88' lang='lat' dir='ltr'>audi.</span> <span class='ocrx_word' id='word_1_414' title='bbox 608 1668 693 1696; x_wconf 86' lang='lat' dir='ltr'>Multa</span> <span class='ocrx_word' id='word_1_415' title='bbox 709 1667 837 1706; x_wconf 70' lang='lat' dir='ltr'>praedixit</span> <span class='ocrx_word' id='word_1_416' title='bbox 853 1667 987 1695; x_wconf 81' lang='lat' dir='ltr'>Christus.</span> 
     </span>
    </p>
   </div>
   <div class='ocr_carea' id='block_1_11' title="bbox 1043 1621 1811 1706">
    <p class='ocr_par' dir='ltr' id='par_1_12' title="bbox 1043 1621 1811 1706">
     <span class='ocr_line' id='line_1_51' title="bbox 1044 1621 1811 1661; baseline 0 -11"><span class='ocrx_word' id='word_1_417' title='bbox 1044 1621 1133 1650; x_wconf 82' lang='grc' dir='ltr'>αὐτόν·</span> <span class='ocrx_word' id='word_1_418' title='bbox 1149 1621 1192 1649; x_wconf 82' lang='grc' dir='ltr'>καὶ</span> <span class='ocrx_word' id='word_1_419' title='bbox 1212 1622 1268 1652; x_wconf 77' lang='grc' dir='ltr'>πῶς</span> <span class='ocrx_word' id='word_1_420' title='bbox 1278 1642 1286 1656; x_wconf 85' lang='lat'>,</span> <span class='ocrx_word' id='word_1_421' title='bbox 1307 1621 1393 1649; x_wconf 78' lang='grc' dir='ltr'>ἄκουε.</span> <span class='ocrx_word' id='word_1_422' title='bbox 1416 1621 1508 1650; x_wconf 85' lang='grc' dir='ltr'>Πολλὰ</span> <span class='ocrx_word' id='word_1_423' title='bbox 1523 1626 1646 1660; x_wconf 82' lang='grc' dir='ltr'>προεῖπεν</span> <span class='ocrx_word' id='word_1_424' title='bbox 1660 1623 1673 1650; x_wconf 79' lang='grc' dir='ltr'>ὁ</span> <span class='ocrx_word' id='word_1_425' title='bbox 1687 1622 1811 1661; x_wconf 83' lang='grc' dir='ltr'>Χριστός.</span> 
     </span>
     <span class='ocr_line' id='line_1_52' title="bbox 1043 1665 1811 1706; baseline 0.003 -12"><span class='ocrx_word' id='word_1_426' title='bbox 1043 1667 1077 1695; x_wconf 78' lang='grc' dir='ltr'>Εἰ</span> <span class='ocrx_word' id='word_1_427' title='bbox 1097 1666 1134 1704; x_wconf 80' lang='grc' dir='ltr'>μὴ</span> <span class='ocrx_word' id='word_1_428' title='bbox 1153 1665 1228 1700; x_wconf 45' lang='lat' dir='ltr'>§gisa</span> <span class='ocrx_word' id='word_1_429' title='bbox 1246 1668 1348 1702; x_wconf 83' lang='grc' dir='ltr'>ἐκεῖνα,</span> <span class='ocrx_word' id='word_1_430' title='bbox 1365 1666 1431 1704; x_wconf 73' lang='grc' dir='ltr'>μηδὲ</span> <span class='ocrx_word' id='word_1_431' title='bbox 1457 1666 1556 1700; x_wconf 79' lang='grc' dir='ltr'>τούτοις</span> <span class='ocrx_word' id='word_1_432' title='bbox 1575 1667 1733 1706; x_wconf 79' lang='grc' dir='ltr'>πιστεύσῃς·</span> <span class='ocrx_word' id='word_1_433' title='bbox 1749 1669 1770 1696; x_wconf 84' lang='grc' dir='ltr'>εἷ</span> <span class='ocrx_word' id='word_1_434' title='bbox 1784 1667 1811 1696; x_wconf 74' lang='grc' dir='ltr'>δὲ</span> 
     </span>
    </p>
   </div>
   <div class='ocr_carea' id='block_1_12' title="bbox 668 1765 1393 1796">
    <p class='ocr_par' dir='ltr' id='par_1_13' title="bbox 668 1765 1393 1796">
     <span class='ocr_line' id='line_1_53' title="bbox 668 1765 1393 1796; baseline -0.001 -1"><span class='ocrx_word' id='word_1_435' title='bbox 668 1766 843 1796; x_wconf 72' lang='grc' dir='ltr'>ΜΠΤΙΑΝΟ</span> <span class='ocrx_word' id='word_1_436' title='bbox 865 1765 1120 1795; x_wconf 71' lang='grc' dir='ltr'><strong>ΞΟΗΟῙΛΒΤΙΟΟ</strong></span> <span class='ocrx_word' id='word_1_437' title='bbox 1141 1765 1393 1795; x_wconf 79' lang='lat' dir='ltr'>INTERPRETE.</span> 
     </span>
    </p>
   </div>
   <div class='ocr_carea' id='block_1_13' title="bbox 250 1844 1808 2586">
    <p class='ocr_par' dir='ltr' id='par_1_14' title="bbox 250 1844 1808 2166">
     <span class='ocr_line' id='line_1_54' title="bbox 251 1844 1808 1884; baseline 0.002 -11"><span class='ocrx_word' id='word_1_438' title='bbox 251 1845 390 1874; x_wconf 63' lang='lat' dir='ltr'>[actionem</span> <span class='ocrx_word' id='word_1_439' title='bbox 408 1845 549 1883; x_wconf 79' lang='lat' dir='ltr'>quisquam</span> <span class='ocrx_word' id='word_1_440' title='bbox 565 1845 697 1873; x_wconf 81' lang='lat' dir='ltr'>hahuerit.</span> <span class='ocrx_word' id='word_1_441' title='bbox 727 1844 862 1880; x_wconf 85' lang='lat' dir='ltr'>Quoniam</span> <span class='ocrx_word' id='word_1_442' title='bbox 883 1855 912 1873; x_wconf 85' lang='lat' dir='ltr'>ea</span> <span class='ocrx_word' id='word_1_443' title='bbox 926 1854 986 1883; x_wconf 82' lang='lat' dir='ltr'>quae</span> <span class='ocrx_word' id='word_1_444' title='bbox 1008 1851 1071 1873; x_wconf 89' lang='lat' dir='ltr'>sunt</span> <span class='ocrx_word' id='word_1_445' title='bbox 1093 1844 1121 1873; x_wconf 90' lang='lat' dir='ltr'>in</span> <span class='ocrx_word' id='word_1_446' title='bbox 1146 1854 1200 1883; x_wconf 86' lang='lat' dir='ltr'>spe,</span> <span class='ocrx_word' id='word_1_447' title='bbox 1215 1844 1272 1873; x_wconf 88' lang='lat' dir='ltr'>sine</span> <span class='ocrx_word' id='word_1_448' title='bbox 1284 1844 1431 1873; x_wconf 84' lang='lat' dir='ltr'>substantia</span> <span class='ocrx_word' id='word_1_449' title='bbox 1455 1855 1510 1874; x_wconf 85' lang='lat' dir='ltr'>esse</span> <span class='ocrx_word' id='word_1_450' title='bbox 1527 1851 1666 1884; x_wconf 78' lang='lat' dir='ltr'>putantur,</span> <span class='ocrx_word' id='word_1_451' title='bbox 1682 1846 1749 1877; x_wconf 84' lang='lat' dir='ltr'>fides</span> <span class='ocrx_word' id='word_1_452' title='bbox 1771 1847 1808 1876; x_wconf 86' lang='lat' dir='ltr'>eis</span> 
     </span>
     <span class='ocr_line' id='line_1_55' title="bbox 251 1891 1807 1932; baseline 0.002 -12"><span class='ocrx_word' id='word_1_453' title='bbox 251 1893 345 1921; x_wconf 85' lang='lat' dir='ltr'>tribuit</span> <span class='ocrx_word' id='word_1_454' title='bbox 360 1893 535 1921; x_wconf 77' lang='lat' dir='ltr'>substantiam</span> <span class='ocrx_word' id='word_1_455' title='bbox 550 1904 557 1929; x_wconf 92' lang='lat'>;</span> <span class='ocrx_word' id='word_1_456' title='bbox 574 1893 660 1932; x_wconf 80' lang='lat' dir='ltr'>magis</span> <span class='ocrx_word' id='word_1_457' title='bbox 675 1899 763 1921; x_wconf 84' lang='lat' dir='ltr'>autem</span> <span class='ocrx_word' id='word_1_458' title='bbox 778 1893 816 1921; x_wconf 85' lang='lat' dir='ltr'>eis</span> <span class='ocrx_word' id='word_1_459' title='bbox 828 1903 881 1921; x_wconf 92' lang='lat' dir='ltr'>non</span> <span class='ocrx_word' id='word_1_460' title='bbox 895 1892 1003 1929; x_wconf 79' lang='lat' dir='ltr'>tribuit,</span> <span class='ocrx_word' id='word_1_461' title='bbox 1017 1891 1065 1920; x_wconf 82' lang='lat' dir='ltr'>sed</span> <span class='ocrx_word' id='word_1_462' title='bbox 1079 1891 1137 1931; x_wconf 83' lang='lat' dir='ltr'>ipsa</span> <span class='ocrx_word' id='word_1_463' title='bbox 1151 1899 1190 1920; x_wconf 88' lang='lat' dir='ltr'>est</span> <span class='ocrx_word' id='word_1_464' title='bbox 1204 1891 1314 1920; x_wconf 83' lang='lat' dir='ltr'>essentia</span> <span class='ocrx_word' id='word_1_465' title='bbox 1328 1902 1427 1921; x_wconf 88' lang='lat' dir='ltr'>eorum.</span> <span class='ocrx_word' id='word_1_466' title='bbox 1444 1893 1562 1931; x_wconf 85' lang='lat' dir='ltr'>Utpnta‚</span> <span class='ocrx_word' id='word_1_467' title='bbox 1577 1894 1735 1923; x_wconf 83' lang='lat' dir='ltr'>resurrectio</span> <span class='ocrx_word' id='word_1_468' title='bbox 1746 1905 1807 1923; x_wconf 89' lang='lat' dir='ltr'>nec-</span> 
     </span>
     <span class='ocr_line' id='line_1_56' title="bbox 250 1939 1807 1980; baseline 0.002 -12"><span class='ocrx_word' id='word_1_469' title='bbox 250 1939 315 1968; x_wconf 88' lang='lat' dir='ltr'>dum</span> <span class='ocrx_word' id='word_1_470' title='bbox 329 1940 396 1968; x_wconf 81' lang='lat' dir='ltr'>sacta</span> <span class='ocrx_word' id='word_1_471' title='bbox 409 1947 456 1977; x_wconf 85' lang='lat' dir='ltr'>est,</span> <span class='ocrx_word' id='word_1_472' title='bbox 469 1947 493 1968; x_wconf 89' lang='lat' dir='ltr'>et</span> <span class='ocrx_word' id='word_1_473' title='bbox 508 1940 621 1968; x_wconf 84' lang='lat' dir='ltr'>necdum</span> <span class='ocrx_word' id='word_1_474' title='bbox 636 1947 673 1969; x_wconf 87' lang='lat' dir='ltr'>est</span> <span class='ocrx_word' id='word_1_475' title='bbox 686 1940 713 1968; x_wconf 89' lang='lat' dir='ltr'>in</span> <span class='ocrx_word' id='word_1_476' title='bbox 729 1940 888 1976; x_wconf 82' lang='lat' dir='ltr'>substantia,</span> <span class='ocrx_word' id='word_1_477' title='bbox 902 1939 949 1968; x_wconf 88' lang='lat' dir='ltr'>sed</span> <span class='ocrx_word' id='word_1_478' title='bbox 962 1950 1020 1978; x_wconf 86' lang='lat' dir='ltr'>spes</span> <span class='ocrx_word' id='word_1_479' title='bbox 1034 1939 1097 1968; x_wconf 86' lang='lat' dir='ltr'>facit</span> <span class='ocrx_word' id='word_1_480' title='bbox 1110 1949 1168 1968; x_wconf 89' lang='lat' dir='ltr'>eam</span> <span class='ocrx_word' id='word_1_481' title='bbox 1182 1939 1325 1968; x_wconf 85' lang='lat' dir='ltr'>subsistere</span> <span class='ocrx_word' id='word_1_482' title='bbox 1337 1939 1364 1967; x_wconf 90' lang='lat' dir='ltr'>in</span> <span class='ocrx_word' id='word_1_483' title='bbox 1379 1939 1467 1968; x_wconf 82' lang='lat' dir='ltr'>anima</span> <span class='ocrx_word' id='word_1_484' title='bbox 1483 1946 1581 1969; x_wconf 82' lang='lat' dir='ltr'>nostra.</span> <span class='ocrx_word' id='word_1_485' title='bbox 1597 1940 1654 1969; x_wconf 89' lang='lat' dir='ltr'>Hoc</span> <span class='ocrx_word' id='word_1_486' title='bbox 1667 1948 1721 1978; x_wconf 87' lang='lat' dir='ltr'>est,</span> <span class='ocrx_word' id='word_1_487' title='bbox 1736 1941 1807 1980; x_wconf 89' lang='lat' dir='ltr'>quod</span> 
     </span>
     <span class='ocr_line' id='line_1_57' title="bbox 250 1985 1807 2026; baseline 0.001 -11"><span class='ocrx_word' id='word_1_488' title='bbox 250 1986 332 2023; x_wconf 75' lang='lat' dir='ltr'>dixit,</span> <span class='ocrx_word' id='word_1_489' title='bbox 349 1987 505 2016; x_wconf 84' lang='lat' dir='ltr'>substantia.</span> <span class='ocrx_word' id='word_1_490' title='bbox 521 1988 549 2016; x_wconf 87' lang='lat' dir='ltr'>Si</span> <span class='ocrx_word' id='word_1_491' title='bbox 564 1987 648 2026; x_wconf 81' lang='lat' dir='ltr'>igitur</span> <span class='ocrx_word' id='word_1_492' title='bbox 661 1994 699 2016; x_wconf 84' lang='lat' dir='ltr'>est</span> <span class='ocrx_word' id='word_1_493' title='bbox 715 1987 866 2026; x_wconf 86' lang='lat' dir='ltr'>conjunctio</span> <span class='ocrx_word' id='word_1_494' title='bbox 880 1997 972 2015; x_wconf 86' lang='lat' dir='ltr'>eorum</span> <span class='ocrx_word' id='word_1_495' title='bbox 988 1997 1046 2025; x_wconf 87' lang='lat' dir='ltr'>quae</span> <span class='ocrx_word' id='word_1_496' title='bbox 1060 1997 1112 2015; x_wconf 89' lang='lat' dir='ltr'>non</span> <span class='ocrx_word' id='word_1_497' title='bbox 1127 1986 1264 2022; x_wconf 82' lang='lat' dir='ltr'>videntur,</span> <span class='ocrx_word' id='word_1_498' title='bbox 1278 1985 1344 2024; x_wconf 90' lang='lat' dir='ltr'>quid</span> <span class='ocrx_word' id='word_1_499' title='bbox 1358 1993 1396 2015; x_wconf 85' lang='lat' dir='ltr'>est</span> <span class='ocrx_word' id='word_1_500' title='bbox 1410 1985 1482 2025; x_wconf 89' lang='lat' dir='ltr'>quod</span> <span class='ocrx_word' id='word_1_501' title='bbox 1497 1997 1525 2015; x_wconf 88' lang='lat' dir='ltr'>ea</span> <span class='ocrx_word' id='word_1_502' title='bbox 1540 1987 1623 2015; x_wconf 89' lang='lat' dir='ltr'>vultis</span> <span class='ocrx_word' id='word_1_503' title='bbox 1633 1988 1690 2026; x_wconf 87' lang='lat' dir='ltr'>jam</span> <span class='ocrx_word' id='word_1_504' title='bbox 1705 1988 1807 2025; x_wconf 83' lang='lat' dir='ltr'>videre,</span> 
     </span>
     <span class='ocr_line' id='line_1_58' title="bbox 251 2032 1804 2072; baseline 0.002 -11"><span class='ocrx_word' id='word_1_505' title='bbox 251 2040 279 2062; x_wconf 91' lang='lat' dir='ltr'>nt</span> <span class='ocrx_word' id='word_1_506' title='bbox 295 2033 423 2062; x_wconf 79' lang='lat' dir='ltr'>excidatis</span> <span class='ocrx_word' id='word_1_507' title='bbox 436 2045 449 2062; x_wconf 89' lang='lat' dir='ltr'>a</span> <span class='ocrx_word' id='word_1_508' title='bbox 465 2034 527 2069; x_wconf 80' lang='lat' dir='ltr'>fide,</span> <span class='ocrx_word' id='word_1_509' title='bbox 542 2041 567 2063; x_wconf 86' lang='lat' dir='ltr'>et</span> <span class='ocrx_word' id='word_1_510' title='bbox 581 2033 708 2063; x_wconf 84' lang='lat' dir='ltr'>desinatis</span> <span class='ocrx_word' id='word_1_511' title='bbox 718 2033 784 2072; x_wconf 87' lang='lat' dir='ltr'>justi</span> <span class='ocrx_word' id='word_1_512' title='bbox 800 2044 855 2062; x_wconf 84' lang='lat' dir='ltr'>esse</span> <span class='ocrx_word' id='word_1_513' title='bbox 865 2034 878 2061; x_wconf 76' lang='lat' dir='ltr'>&#39;t&#39;</span> <span class='ocrx_word' id='word_1_514' title='bbox 893 2032 1025 2071; x_wconf 86' lang='lat' dir='ltr'>siquidem</span> <span class='ocrx_word' id='word_1_515' title='bbox 1037 2033 1126 2071; x_wconf 86' lang='lat' dir='ltr'>justus</span> <span class='ocrx_word' id='word_1_516' title='bbox 1146 2043 1178 2061; x_wconf 86' lang='lat' dir='ltr'>ex</span> <span class='ocrx_word' id='word_1_517' title='bbox 1193 2032 1247 2061; x_wconf 83' lang='lat' dir='ltr'>fide</span> <span class='ocrx_word' id='word_1_518' title='bbox 1264 2032 1348 2070; x_wconf 88' lang='lat' dir='ltr'>vivit,</span> <span class='ocrx_word' id='word_1_519' title='bbox 1364 2043 1413 2061; x_wconf 86' lang='lat' dir='ltr'>vos</span> <span class='ocrx_word' id='word_1_520' title='bbox 1427 2039 1515 2061; x_wconf 86' lang='lat' dir='ltr'>autem</span> <span class='ocrx_word' id='word_1_521' title='bbox 1528 2033 1550 2061; x_wconf 90' lang='lat' dir='ltr'>si</span> <span class='ocrx_word' id='word_1_522' title='bbox 1565 2034 1706 2063; x_wconf 85' lang='lat' dir='ltr'>volueritis</span> <span class='ocrx_word' id='word_1_523' title='bbox 1720 2045 1749 2063; x_wconf 86' lang='lat' dir='ltr'>ea</span> <span class='ocrx_word' id='word_1_524' title='bbox 1763 2035 1804 2064; x_wconf 85' lang='lat' dir='ltr'>vi-</span> 
     </span>
     <span class='ocr_line' id='line_1_59' title="bbox 251 2078 1804 2119; baseline 0.001 -10"><span class='ocrx_word' id='word_1_525' title='bbox 251 2081 322 2117; x_wconf 85' lang='lat' dir='ltr'>dere,</span> <span class='ocrx_word' id='word_1_526' title='bbox 342 2082 398 2119; x_wconf 87' lang='lat' dir='ltr'>jam</span> <span class='ocrx_word' id='word_1_527' title='bbox 413 2091 464 2109; x_wconf 89' lang='lat' dir='ltr'>non</span> <span class='ocrx_word' id='word_1_528' title='bbox 479 2081 553 2109; x_wconf 85' lang='lat' dir='ltr'>eritis</span> <span class='ocrx_word' id='word_1_529' title='bbox 568 2081 670 2109; x_wconf 85' lang='lat' dir='ltr'>fideles.</span> <span class='ocrx_word' id='word_1_530' title='bbox 690 2080 854 2114; x_wconf 85' lang='lat' dir='ltr'>LaborastiS,</span> <span class='ocrx_word' id='word_1_531' title='bbox 870 2079 969 2116; x_wconf 86' lang='lat' dir='ltr'>inquit,</span> <span class='ocrx_word' id='word_1_532' title='bbox 985 2078 1129 2107; x_wconf 83' lang='lat' dir='ltr'>certamina</span> <span class='ocrx_word' id='word_1_533' title='bbox 1145 2078 1261 2116; x_wconf 85' lang='lat' dir='ltr'>plurima</span> <span class='ocrx_word' id='word_1_534' title='bbox 1278 2078 1443 2107; x_wconf 84' lang='lat' dir='ltr'>sustinuistis</span> <span class='ocrx_word' id='word_1_535' title='bbox 1467 2090 1473 2105; x_wconf 91' lang='lat'>:</span> <span class='ocrx_word' id='word_1_536' title='bbox 1499 2078 1579 2107; x_wconf 81' lang='lat' dir='ltr'>etiam</span> <span class='ocrx_word' id='word_1_537' title='bbox 1592 2090 1641 2118; x_wconf 82' lang='lat' dir='ltr'>ego</span> <span class='ocrx_word' id='word_1_538' title='bbox 1665 2080 1716 2109; x_wconf 91' lang='lat' dir='ltr'>hoc</span> <span class='ocrx_word' id='word_1_539' title='bbox 1732 2081 1804 2117; x_wconf 86' lang='lat' dir='ltr'>dico,</span> 
     </span>
     <span class='ocr_line' id='line_1_60' title="bbox 252 2124 1222 2166; baseline -0.003 -11"><span class='ocrx_word' id='word_1_540' title='bbox 252 2127 354 2166; x_wconf 89' lang='lat' dir='ltr'>inquit;</span> <span class='ocrx_word' id='word_1_541' title='bbox 370 2127 415 2156; x_wconf 84' lang='lat' dir='ltr'>sed</span> <span class='ocrx_word' id='word_1_542' title='bbox 432 2134 582 2166; x_wconf 78' lang='lat' dir='ltr'>exspectate</span> <span class='ocrx_word' id='word_1_543' title='bbox 597 2140 602 2156; x_wconf 92' lang='lat'><strong>:</strong></span> <span class='ocrx_word' id='word_1_544' title='bbox 619 2127 669 2156; x_wconf 89' lang='lat' dir='ltr'>hoc</span> <span class='ocrx_word' id='word_1_545' title='bbox 681 2134 728 2163; x_wconf 85' lang='lat' dir='ltr'>est,</span> <span class='ocrx_word' id='word_1_546' title='bbox 745 2126 827 2155; x_wconf 86' lang='lat' dir='ltr'>nolite</span> <span class='ocrx_word' id='word_1_547' title='bbox 839 2125 884 2154; x_wconf 88' lang='lat' dir='ltr'>hic</span> <span class='ocrx_word' id='word_1_548' title='bbox 899 2135 1016 2163; x_wconf 84' lang='lat' dir='ltr'>quaerere</span> <span class='ocrx_word' id='word_1_549' title='bbox 1030 2135 1088 2162; x_wconf 80' lang='lat' dir='ltr'>quae</span> <span class='ocrx_word' id='word_1_550' title='bbox 1103 2124 1222 2164; x_wconf 78' lang='lat' dir='ltr'>speratis.</span> 
     </span>
    </p>

    <p class='ocr_par' dir='ltr' id='par_1_15' title="bbox 251 2170 1808 2586">
     <span class='ocr_line' id='line_1_61' title="bbox 291 2170 1808 2213; baseline 0 -10"><span class='ocrx_word' id='word_1_551' title='bbox 291 2175 354 2203; x_wconf 83' lang='lat' dir='ltr'>Haec</span> <span class='ocrx_word' id='word_1_552' title='bbox 368 2175 439 2203; x_wconf 84' lang='lat' dir='ltr'>dicta</span> <span class='ocrx_word' id='word_1_553' title='bbox 453 2175 562 2213; x_wconf 87' lang='lat' dir='ltr'>quidem</span> <span class='ocrx_word' id='word_1_554' title='bbox 573 2174 676 2203; x_wconf 85' lang='lat' dir='ltr'>suntad</span> <span class='ocrx_word' id='word_1_555' title='bbox 692 2174 837 2211; x_wconf 82' lang='lat' dir='ltr'>Hebraeos;</span> <span class='ocrx_word' id='word_1_556' title='bbox 854 2171 1004 2201; x_wconf 86' lang='lat' dir='ltr'>communis</span> <span class='ocrx_word' id='word_1_557' title='bbox 1015 2178 1054 2200; x_wconf 89' lang='lat' dir='ltr'>est</span> <span class='ocrx_word' id='word_1_558' title='bbox 1067 2178 1156 2200; x_wconf 86' lang='lat' dir='ltr'>autem</span> <span class='ocrx_word' id='word_1_559' title='bbox 1168 2171 1339 2207; x_wconf 84' lang='lat' dir='ltr'>ammonitio,</span> <span class='ocrx_word' id='word_1_560' title='bbox 1354 2170 1432 2199; x_wconf 83' lang='lat' dir='ltr'>etiam</span> <span class='ocrx_word' id='word_1_561' title='bbox 1443 2170 1476 2200; x_wconf 87' lang='lat' dir='ltr'>ad</span> <span class='ocrx_word' id='word_1_562' title='bbox 1491 2172 1621 2210; x_wconf 82' lang='lat' dir='ltr'>plurimos</span> <span class='ocrx_word' id='word_1_563' title='bbox 1636 2182 1745 2210; x_wconf 86' lang='lat' dir='ltr'>eorum,</span> <span class='ocrx_word' id='word_1_564' title='bbox 1761 2174 1808 2212; x_wconf 84' lang='lat' dir='ltr'>qui</span> 
     </span>
     <span class='ocr_line' id='line_1_62' title="bbox 251 2217 1805 2261; baseline -0.001 -11"><span class='ocrx_word' id='word_1_565' title='bbox 251 2222 296 2250; x_wconf 85' lang='lat' dir='ltr'>hic</span> <span class='ocrx_word' id='word_1_566' title='bbox 315 2222 465 2261; x_wconf 79' lang='lat' dir='ltr'>congregati</span> <span class='ocrx_word' id='word_1_567' title='bbox 486 2229 556 2250; x_wconf 87' lang='lat' dir='ltr'>sunt.</span> <span class='ocrx_word' id='word_1_568' title='bbox 578 2220 720 2257; x_wconf 86' lang='lat' dir='ltr'>Qualiter,</span> <span class='ocrx_word' id='word_1_569' title='bbox 740 2219 827 2258; x_wconf 88' lang='lat' dir='ltr'>inquit</span> <span class='ocrx_word' id='word_1_570' title='bbox 840 2241 847 2255; x_wconf 94' lang='lat'>,</span> <span class='ocrx_word' id='word_1_571' title='bbox 870 2225 895 2247; x_wconf 88' lang='lat' dir='ltr'>et</span> <span class='ocrx_word' id='word_1_572' title='bbox 917 2217 990 2256; x_wconf 83' lang='lat' dir='ltr'>quali</span> <span class='ocrx_word' id='word_1_573' title='bbox 1004 2217 1103 2246; x_wconf 76' lang='lat' dir='ltr'>modo?</span> <span class='ocrx_word' id='word_1_574' title='bbox 1119 2217 1160 2245; x_wconf 83' lang='lat' dir='ltr'>Ad</span> <span class='ocrx_word' id='word_1_575' title='bbox 1180 2217 1362 2257; x_wconf 87' lang='lat' dir='ltr'>pusillanimes</span> <span class='ocrx_word' id='word_1_576' title='bbox 1377 2224 1404 2247; x_wconf 83' lang='lat' dir='ltr'>et</span> <span class='ocrx_word' id='word_1_577' title='bbox 1419 2218 1585 2257; x_wconf 79' lang='lat' dir='ltr'>impatientes</span> <span class='ocrx_word' id='word_1_578' title='bbox 1599 2219 1649 2248; x_wconf 88' lang='lat' dir='ltr'>ista</span> <span class='ocrx_word' id='word_1_579' title='bbox 1666 2219 1805 2249; x_wconf 89' lang='lat' dir='ltr'>dicuntur.</span> 
     </span>
     <span class='ocr_line' id='line_1_63' title="bbox 253 2265 1807 2307; baseline -0.001 -10"><span class='ocrx_word' id='word_1_580' title='bbox 253 2270 320 2298; x_wconf 91' lang='lat' dir='ltr'>Cum</span> <span class='ocrx_word' id='word_1_581' title='bbox 333 2270 403 2297; x_wconf 90' lang='lat' dir='ltr'>enim</span> <span class='ocrx_word' id='word_1_582' title='bbox 420 2269 535 2298; x_wconf 84' lang='lat' dir='ltr'>viderint</span> <span class='ocrx_word' id='word_1_583' title='bbox 548 2269 680 2307; x_wconf 83' lang='lat' dir='ltr'>malignos</span> <span class='ocrx_word' id='word_1_584' title='bbox 695 2266 898 2307; x_wconf 76' lang='lat' dir='ltr'>prosperitatem</span> <span class='ocrx_word' id='word_1_585' title='bbox 914 2266 1012 2294; x_wconf 87' lang='lat' dir='ltr'>habere</span> <span class='ocrx_word' id='word_1_586' title='bbox 1027 2265 1217 2304; x_wconf 83' lang='lat' dir='ltr'>temporalem,</span> <span class='ocrx_word' id='word_1_587' title='bbox 1234 2265 1388 2304; x_wconf 86' lang='lat' dir='ltr'>semetipsos</span> <span class='ocrx_word' id='word_1_588' title='bbox 1406 2272 1494 2294; x_wconf 88' lang='lat' dir='ltr'>autem</span> <span class='ocrx_word' id='word_1_589' title='bbox 1512 2265 1700 2295; x_wconf 82' lang='lat' dir='ltr'>adversitatem</span> <span class='ocrx_word' id='word_1_590' title='bbox 1713 2289 1720 2304; x_wconf 93' lang='lat'>,</span> <span class='ocrx_word' id='word_1_591' title='bbox 1736 2267 1807 2296; x_wconf 40' lang='lat' dir='ltr'>affli*</span> 
     </span>
     <span class='ocr_line' id='line_1_64' title="bbox 253 2311 1808 2356; baseline 0 -13"><span class='ocrx_word' id='word_1_592' title='bbox 253 2323 352 2354; x_wconf 81' lang='lat' dir='ltr'>guntur</span> <span class='ocrx_word' id='word_1_593' title='bbox 364 2323 389 2344; x_wconf 87' lang='lat' dir='ltr'>et</span> <span class='ocrx_word' id='word_1_594' title='bbox 412 2316 581 2356; x_wconf 80' lang='lat' dir='ltr'>impatienter</span> <span class='ocrx_word' id='word_1_595' title='bbox 596 2316 700 2351; x_wconf 84' lang='lat' dir='ltr'>serunt,</span> <span class='ocrx_word' id='word_1_596' title='bbox 713 2321 741 2343; x_wconf 88' lang='lat' dir='ltr'>et</span> <span class='ocrx_word' id='word_1_597' title='bbox 757 2313 910 2342; x_wconf 80' lang='lat' dir='ltr'>desiderant</span> <span class='ocrx_word' id='word_1_598' title='bbox 925 2313 1054 2341; x_wconf 88' lang='lat' dir='ltr'>ultionem</span> <span class='ocrx_word' id='word_1_599' title='bbox 1068 2323 1161 2341; x_wconf 86' lang='lat' dir='ltr'>eorum</span> <span class='ocrx_word' id='word_1_600' title='bbox 1176 2318 1200 2340; x_wconf 88' lang='lat' dir='ltr'>et</span> <span class='ocrx_word' id='word_1_601' title='bbox 1215 2311 1363 2341; x_wconf 86' lang='lat' dir='ltr'>vindictam</span> <span class='ocrx_word' id='word_1_602' title='bbox 1374 2334 1382 2349; x_wconf 91' lang='lat'>,</span> <span class='ocrx_word' id='word_1_603' title='bbox 1407 2319 1431 2340; x_wconf 87' lang='lat' dir='ltr'>et</span> <span class='ocrx_word' id='word_1_604' title='bbox 1451 2312 1503 2341; x_wconf 90' lang='lat' dir='ltr'>sibi</span> <span class='ocrx_word' id='word_1_605' title='bbox 1520 2313 1667 2342; x_wconf 82' lang='lat' dir='ltr'>mercedem</span> <span class='ocrx_word' id='word_1_606' title='bbox 1685 2313 1808 2343; x_wconf 83' lang='lat' dir='ltr'>laborum</span> 
     </span>
     <span class='ocr_line' id='line_1_65' title="bbox 254 2359 1808 2402; baseline -0.001 -12"><span class='ocrx_word' id='word_1_607' title='bbox 254 2374 362 2391; x_wconf 89' lang='lat' dir='ltr'>suorum</span> <span class='ocrx_word' id='word_1_608' title='bbox 370 2363 427 2401; x_wconf 78' lang='lat' dir='ltr'>jam</span> <span class='ocrx_word' id='word_1_609' title='bbox 444 2363 520 2392; x_wconf 86' lang='lat' dir='ltr'>reddi</span> <span class='ocrx_word' id='word_1_610' title='bbox 535 2363 656 2402; x_wconf 87' lang='lat' dir='ltr'>eupiunt.</span> <span class='ocrx_word' id='word_1_611' title='bbox 669 2363 779 2392; x_wconf 80' lang='lat' dir='ltr'>Adhuc</span> <span class='ocrx_word' id='word_1_612' title='bbox 797 2363 873 2389; x_wconf 80' lang='lat' dir='ltr'>enim</span> <span class='ocrx_word' id='word_1_613' title='bbox 884 2361 1028 2388; x_wconf 80' lang='lat' dir='ltr'>modicum</span> <span class='ocrx_word' id='word_1_614' title='bbox 1040 2382 1049 2394; x_wconf 89' lang='lat'>,</span> <span class='ocrx_word' id='word_1_615' title='bbox 1065 2359 1153 2397; x_wconf 87' lang='lat' dir='ltr'>inquit</span> <span class='ocrx_word' id='word_1_616' title='bbox 1163 2381 1171 2397; x_wconf 87' lang='lat'>,</span> <span class='ocrx_word' id='word_1_617' title='bbox 1194 2366 1221 2388; x_wconf 85' lang='lat' dir='ltr'>et</span> <span class='ocrx_word' id='word_1_618' title='bbox 1236 2359 1454 2398; x_wconf 75' lang='lat' dir='ltr'>aliquantulum</span> <span class='ocrx_word' id='word_1_619' title='bbox 1465 2382 1473 2396; x_wconf 90' lang='lat'>,</span> <span class='ocrx_word' id='word_1_620' title='bbox 1487 2362 1538 2399; x_wconf 84' lang='lat' dir='ltr'>qui</span> <span class='ocrx_word' id='word_1_621' title='bbox 1551 2367 1692 2389; x_wconf 75' lang='lat' dir='ltr'>‘venturus</span> <span class='ocrx_word' id='word_1_622' title='bbox 1703 2367 1745 2389; x_wconf 80' lang='lat' dir='ltr'>est</span> <span class='ocrx_word' id='word_1_623' title='bbox 1757 2371 1808 2388; x_wconf 76' lang='lat' dir='ltr'>‘ve-</span> 
     </span>
     <span class='ocr_line' id='line_1_66' title="bbox 256 2405 1808 2448; baseline -0.001 -12"><span class='ocrx_word' id='word_1_624' title='bbox 256 2411 324 2439; x_wconf 81' lang='lat' dir='ltr'>niet.</span> <span class='ocrx_word' id='word_1_625' title='bbox 342 2409 376 2437; x_wconf 86' lang='lat' dir='ltr'>Et</span> <span class='ocrx_word' id='word_1_626' title='bbox 392 2420 438 2438; x_wconf 90' lang='lat' dir='ltr'>nos</span> <span class='ocrx_word' id='word_1_627' title='bbox 454 2410 537 2448; x_wconf 84' lang='lat' dir='ltr'>igitur</span> <span class='ocrx_word' id='word_1_628' title='bbox 548 2409 583 2438; x_wconf 86' lang='lat' dir='ltr'>ad</span> <span class='ocrx_word' id='word_1_629' title='bbox 598 2409 760 2448; x_wconf 81' lang='lat' dir='ltr'>negligentes</span> <span class='ocrx_word' id='word_1_630' title='bbox 780 2408 830 2436; x_wconf 88' lang='lat' dir='ltr'>ista</span> <span class='ocrx_word' id='word_1_631' title='bbox 846 2407 980 2443; x_wconf 89' lang='lat' dir='ltr'>dicimus,</span> <span class='ocrx_word' id='word_1_632' title='bbox 998 2406 1068 2441; x_wconf 84' lang='lat' dir='ltr'>Quia</span> <span class='ocrx_word' id='word_1_633' title='bbox 1084 2406 1209 2435; x_wconf 86' lang='lat' dir='ltr'>omnibus</span> <span class='ocrx_word' id='word_1_634' title='bbox 1223 2405 1311 2434; x_wconf 86' lang='lat' dir='ltr'>modis</span> <span class='ocrx_word' id='word_1_635' title='bbox 1330 2406 1380 2434; x_wconf 89' lang='lat' dir='ltr'>erit</span> <span class='ocrx_word' id='word_1_636' title='bbox 1401 2406 1484 2442; x_wconf 89' lang='lat' dir='ltr'>ultio,</span> <span class='ocrx_word' id='word_1_637' title='bbox 1498 2407 1623 2435; x_wconf 85' lang='lat' dir='ltr'>omnihus</span> <span class='ocrx_word' id='word_1_638' title='bbox 1637 2406 1724 2435; x_wconf 90' lang='lat' dir='ltr'>modis</span> <span class='ocrx_word' id='word_1_639' title='bbox 1741 2416 1808 2436; x_wconf 79' lang='lat' dir='ltr'>ven-</span> 
     </span>
     <span class='ocr_line' id='line_1_67' title="bbox 255 2451 1807 2495; baseline -0.001 -14"><span class='ocrx_word' id='word_1_640' title='bbox 255 2461 313 2482; x_wconf 89' lang='lat' dir='ltr'>tura</span> <span class='ocrx_word' id='word_1_641' title='bbox 327 2461 381 2491; x_wconf 87' lang='lat' dir='ltr'>est,</span> <span class='ocrx_word' id='word_1_642' title='bbox 394 2455 420 2483; x_wconf 90' lang='lat' dir='ltr'>in</span> <span class='ocrx_word' id='word_1_643' title='bbox 434 2456 522 2493; x_wconf 79' lang='lat' dir='ltr'>januis</span> <span class='ocrx_word' id='word_1_644' title='bbox 537 2457 642 2495; x_wconf 83' lang='lat' dir='ltr'>estjam</span> <span class='ocrx_word' id='word_1_645' title='bbox 655 2454 820 2484; x_wconf 81' lang='lat' dir='ltr'>resurrectio.</span> <span class='ocrx_word' id='word_1_646' title='bbox 834 2453 912 2482; x_wconf 85' lang='lat' dir='ltr'>Unde</span> <span class='ocrx_word' id='word_1_647' title='bbox 938 2453 989 2482; x_wconf 87' lang='lat' dir='ltr'>hoc</span> <span class='ocrx_word' id='word_1_648' title='bbox 1002 2453 1070 2481; x_wconf 87' lang='lat' dir='ltr'>dieis</span> <span class='ocrx_word' id='word_1_649' title='bbox 1083 2475 1091 2490; x_wconf 92' lang='lat'>,</span> <span class='ocrx_word' id='word_1_650' title='bbox 1104 2453 1211 2491; x_wconf 73' lang='lat' dir='ltr'>inquit?</span> <span class='ocrx_word' id='word_1_651' title='bbox 1222 2453 1281 2480; x_wconf 89' lang='lat' dir='ltr'>Non</span> <span class='ocrx_word' id='word_1_652' title='bbox 1296 2452 1357 2480; x_wconf 86' lang='lat' dir='ltr'>dico</span> <span class='ocrx_word' id='word_1_653' title='bbox 1371 2463 1404 2481; x_wconf 80' lang='lat' dir='ltr'>ex</span> <span class='ocrx_word' id='word_1_654' title='bbox 1421 2453 1574 2492; x_wconf 68' lang='lat' dir='ltr'>prophetis,</span> <span class='ocrx_word' id='word_1_655' title='bbox 1587 2462 1672 2490; x_wconf 83' lang='lat' dir='ltr'>neque</span> <span class='ocrx_word' id='word_1_656' title='bbox 1689 2452 1759 2480; x_wconf 89' lang='lat' dir='ltr'>enim</span> <span class='ocrx_word' id='word_1_657' title='bbox 1773 2451 1807 2480; x_wconf 87' lang='lat' dir='ltr'>ad</span> 
     </span>
     <span class='ocr_line' id='line_1_68' title="bbox 257 2499 1807 2540; baseline 0 -13"><span class='ocrx_word' id='word_1_658' title='bbox 257 2500 420 2529; x_wconf 81' lang='lat' dir='ltr'>Christianos</span> <span class='ocrx_word' id='word_1_659' title='bbox 435 2503 503 2530; x_wconf 86' lang='lat' dir='ltr'>solos</span> <span class='ocrx_word' id='word_1_660' title='bbox 517 2513 587 2531; x_wconf 88' lang='lat' dir='ltr'>nunc</span> <span class='ocrx_word' id='word_1_661' title='bbox 608 2514 694 2532; x_wconf 89' lang='lat' dir='ltr'>sermo</span> <span class='ocrx_word' id='word_1_662' title='bbox 713 2510 771 2539; x_wconf 84' lang='lat' dir='ltr'>est,</span> <span class='ocrx_word' id='word_1_663' title='bbox 789 2502 836 2531; x_wconf 83' lang='lat' dir='ltr'>sed</span> <span class='ocrx_word' id='word_1_664' title='bbox 848 2501 929 2530; x_wconf 79' lang='lat' dir='ltr'>etiam</span> <span class='ocrx_word' id='word_1_665' title='bbox 942 2500 964 2529; x_wconf 89' lang='lat' dir='ltr'>si</span> <span class='ocrx_word' id='word_1_666' title='bbox 976 2511 1095 2540; x_wconf 80' lang='lat' dir='ltr'>paganus</span> <span class='ocrx_word' id='word_1_667' title='bbox 1110 2500 1162 2536; x_wconf 92' lang='lat' dir='ltr'>sit,</span> <span class='ocrx_word' id='word_1_668' title='bbox 1177 2499 1283 2528; x_wconf 86' lang='lat' dir='ltr'>confido</span> <span class='ocrx_word' id='word_1_669' title='bbox 1297 2499 1393 2535; x_wconf 88' lang='lat' dir='ltr'>valde,</span> <span class='ocrx_word' id='word_1_670' title='bbox 1409 2506 1433 2528; x_wconf 90' lang='lat' dir='ltr'>et</span> <span class='ocrx_word' id='word_1_671' title='bbox 1447 2499 1650 2538; x_wconf 81' lang='lat' dir='ltr'>approbationes</span> <span class='ocrx_word' id='word_1_672' title='bbox 1666 2499 1748 2527; x_wconf 79' lang='lat' dir='ltr'>assero</span> <span class='ocrx_word' id='word_1_673' title='bbox 1760 2521 1767 2535; x_wconf 94' lang='lat'>,</span> <span class='ocrx_word' id='word_1_674' title='bbox 1781 2505 1807 2527; x_wconf 90' lang='lat' dir='ltr'>et</span> 
     </span>
     <span class='ocr_line' id='line_1_69' title="bbox 257 2543 1806 2586; baseline 0 -14"><span class='ocrx_word' id='word_1_675' title='bbox 257 2555 316 2573; x_wconf 87' lang='lat' dir='ltr'>eum</span> <span class='ocrx_word' id='word_1_676' title='bbox 340 2544 430 2573; x_wconf 87' lang='lat' dir='ltr'>doceo.</span> <span class='ocrx_word' id='word_1_677' title='bbox 449 2547 607 2585; x_wconf 85' lang='lat' dir='ltr'>Quomodo,</span> <span class='ocrx_word' id='word_1_678' title='bbox 625 2548 730 2586; x_wconf 73' lang='lat' dir='ltr'>inquit.o</span> <span class='ocrx_word' id='word_1_679' title='bbox 749 2547 836 2576; x_wconf 82' lang='lat' dir='ltr'>Multa</span> <span class='ocrx_word' id='word_1_680' title='bbox 851 2555 965 2584; x_wconf 85' lang='lat' dir='ltr'>namque</span> <span class='ocrx_word' id='word_1_681' title='bbox 981 2545 1108 2584; x_wconf 80' lang='lat' dir='ltr'>praedixit</span> <span class='ocrx_word' id='word_1_682' title='bbox 1124 2544 1264 2573; x_wconf 85' lang='lat' dir='ltr'>Clu-istus:</span> <span class='ocrx_word' id='word_1_683' title='bbox 1280 2544 1301 2573; x_wconf 92' lang='lat' dir='ltr'>si</span> <span class='ocrx_word' id='word_1_684' title='bbox 1322 2555 1373 2573; x_wconf 89' lang='lat' dir='ltr'>non</span> <span class='ocrx_word' id='word_1_685' title='bbox 1398 2551 1540 2574; x_wconf 78' lang='lat' dir='ltr'>evenerunt</span> <span class='ocrx_word' id='word_1_686' title='bbox 1561 2544 1625 2583; x_wconf 82' lang='lat' dir='ltr'>illa,</span> <span class='ocrx_word' id='word_1_687' title='bbox 1642 2554 1726 2583; x_wconf 84' lang='lat' dir='ltr'>neque</span> <span class='ocrx_word' id='word_1_688' title='bbox 1749 2543 1806 2573; x_wconf 89' lang='lat' dir='ltr'>istis</span> 
     </span>
    </p>
   </div>
  </div>
 </body>
</html>
