1906 2846
124 334 193 355 llclm.
217 341 250 357 10.

124 371 162 386 22».

154 893 224 919 1105γὶ
237 902 257 913 a·

120 924 167 944 lit-is
179 932 239 945 com-

121 957 244 976 mentiatur.

272 171 337 210 ’111
605 182 633 204 s.

276 170 310 178 ‘'
663 183 802 205 Jom'ms
829 185 1010 207 cuiii'sos'r.

281 250 321 268 uia
337 247 425 268 autem
447 241 473 268 in
488 241 677 270 afflictionibus
699 254 773 281 spem
792 244 885 282 abjicit
905 251 1018 273 011010-

280 285 413 314 cundiam.
438 287 490 314 scd
511 297 543 314 ne
563 297 620 321 nos,
644 287 742 325 inquit.
766 290 836 318 Ecce
856 300 950 318 rursus
970 291 1021 319 hoc

281 331 369 369 ipsum
383 331 448 358 dicit
471 331 543 368 quod
558 332 661 360 dicebat
677 334 801 372 superius
823 347 829 362 :
854 336 922 363 Non
936 337 1019 364 dese-

281 382 391 411 rentes,
415 375 512 413 inquit,
536 380 789 415 congregationem
813 388 952 409 nostram.
975 381 1021 410 Sic

279 420 348 448 0111111
365 421 510 458 poterimus
525 422 613 450 omnia
629 423 715 452 facere
733 434 793 452 cuin
811 425 913 463 pudore
928 438 933 453 :
951 438 1020 466 saepe

277 465 347 493 enini
370 466 411 494 x'el
433 466 554 495 homiues
570 468 689 503 reveriti,
707 470 790 498 multa
806 481 866 508 qua:
889 479 951 500 sunt
966 473 1018 501 iin-

276 511 359 549 proba
375 522 425 539 non
442 512 563 540 iacimus.
585 515 629 542 16.
655 516 862 552 Beneficentice
877 525 975 547 autem
991 527 1019 548 et

276 559 487 585 communionis
500 559 589 586 nolite
603 560 747 588 oblivisci.

314 603 342 630 5.
358 602 420 630 llaec
433 609 496 631 tuuc
506 603 615 641 quidem
631 606 731 634 Paulus
747 607 861 644 dicebat,
873 619 943 638 nunc
954 621 1016 639 vero

273 657 321 685 ego
344 647 405 675 dieo
418 660 423 675 t
436 659 487 676 11011
512 656 600 677 autem
623 652 798 689 proesentibus
822 660 926 682 tantum
954 655 1016 684 dico

272 693 411 730 fratribus,
430 693 475 722 scd
491 695 570 723 etiam
585 695 750 725 absentibus.
766 699 850 727 Nemo
865 707 952 728 vestra
969 712 1016 729 ra-

272 738 331 776 puit
350 750 355 766 t
372 738 445 775 quod
459 739 480 767 si
496 739 575 768 etiam
591 741 702 778 quidam
716 751 877 782 rapuerunt,
895 745 965 774 unde
979 746 1014 775 li-

272 791 312 812 cet
325 785 454 813 ostendite
466 785 684 825 hospitalitatem.
698 790 851 824 Quamnam
867 802 930 830 ergo
944 803 1014 822 nunc

272 829 430 859 habebimus
441 833 647 870 excusationem,
657 846 718 864 cum
733 836 776 864 isti
791 837 871 865 etiam
884 845 942 877 post
954 850 1015 868 suo-

273 888 331 905 rum
344 878 476 907 bonorum
491 881 611 919 rapinam
625 882 681 911 lunc
698 883 831 912 audiant?
843 884 877 913 Et
887 885 957 923 vide,
970 886 1015 915 liic

272 923 352 959 dicit,
368 926 571 965 Beneficentioe
587 929 675 957 nolite
693 930 843 965 oblivisci,
862 941 922 959 cum
938 932 1014 970 prius

272 969 402 1006 dixisset,
415 973 654 1011 Hospitzzlitati55
667 985 718 1003 non
734 974 809 1004 aliud
822 983 847 1004 et
856 976 932 1005 aliud
947 977 1014 1006 sub-

272 1015 333 1043 inde
351 1017 502 1052 ostendens,
517 1019 562 1047 sed
576 1030 659 1048 unuin
673 1027 698 1048 et
713 1020 782 1049 idem
794 1032 840 1060 per
856 1022 957 1051 variam
971 1023 1014 1051 di-

272 1061 394 1092 ctionem.
408 1064 462 1092 Nec
476 1063 567 1101 dixit,
585 1066 767 1105 Susceptionis
781 1067 918 1107 hospitum
933 1070 1014 1098 nolite

271 1107 407 1145 oblivisci,
420 1109 477 1143 sed,
496 1111 790 1149 Hospz'tali'tati55hoc
801 1114 913 1149 est,Nou
926 1115 1013 1143 solum

272 1153 386 1192 excipite
399 1155 527 1194 hospites,
539 1156 583 1185 sed
600 1157 680 1185 etiam
692 1158 810 1197 hospites
825 1159 942 1198 diligite.
958 1162 1013 1189 Nec

271 1198 341 1226 dixit
351 1199 468 1228 futuram
481 1208 505 1229 01
518 1201 657 1240 repositam
669 1204 917 1241 remunerationem,
931 1216 962 1234 ne
969 1216 1012 1234 eos

272 1255 364 1272 rursus
373 1244 467 1273 reddat
477 1246 688 1284 supiniores‚sed
702 1259 759 1276 eain
770 1250 888 1288 quaejam
898 1250 948 1279 fuit
962 1251 1010 1279 da-

272 1296 297 1317 ta
307 1302 312 1316 :
321 1291 379 1317 Per
388 1291 465 1319 lianc
473 1294 558 1328 enim,
567 1292 668 1330 intulit,
676 1295 794 1332 quidam
803 1297 956 1325 inscientes
965 1298 1012 1324 ho-

270 1337 355 1374 spitio
370 1345 543 1375 exceperunt
558 1340 686 1377 angelos.
700 1340 751 1369 Sed
768 1342 904 1380 superiora
921 1343 1011 1371 videa-

272 1393 340 1412 mus.
354 1385 547 1422 IIonorciIn'Ie,
562 1386 663 1424 inquit,
677 1390 853 1416 connubium
868 1392 900 1417 in
915 1393 1010 1418 omni—

273 1430 335 1466 bus,
344 1436 370 1457 et
380 1437 457 1458 torus
468 1433 692 1461 immaculatus?
704 1434 846 1469 Quomodo
855 1435 1012 1464 honorabile

273 1475 457 1504 connubium?
471 1477 604 1511 Quoniam
620 1478 646 1506 in
660 1479 795 1515 castitate,
805 1480 902 1518 inquit,
917 1488 942 1509 et
956 1492 1010 1520 pu-

272 1520 363 1548 dicitia
379 1529 516 1551 conservat
534 1523 648 1551 fidelem.
666 1524 716 1552 llic
731 1525 810 1553 etiarn
830 1526 908 1554 tacite
927 1527 1011 1565 tangit

271 1566 388 1603 Judaeos,
398 1568 472 1605 quod
485 1569 695 1598 abominandum
713 1571 895 1600 existimarent
911 1583 1010 1601 concii-

273 1612 358 1640 bitum
375 1625 380 1639 :
398 1615 437 1642 Et
453 1617 503 1652 qui
513 1626 549 1642 ex
560 1619 635 1643 coitu
647 1619 782 1655 resurgit,
792 1617 889 1655 inquit,
902 1626 1010 1648 nonest

271 1668 370 1695 purus.
383 1659 441 1687 Non
454 1667 515 1688 suut
528 1660 706 1690 abominanda
717 1673 775 1700 quse
785 1670 846 1692 sunt
857 1674 891 1692 ex
905 1671 1009 1701 natura,

1041 185 1198 209 Auciiissi’.

1228 187 1289 209 CON
1296 188 1497 211 STANi'm‘Ot‘.

1075 247 1142 285 τέρω
1163 247 1236 286 ἔλεγε
1249 260 1254 265 ·
1274 248 1319 283 Μὴ
1347 250 1579 287 ἐγκαταλείποντες
1603 251 1650 286 τὴν
1675 254 1841 291 ἐπισυναγω-

1073 293 1122 330 γὴν
1146 294 1255 322 ἑαυτῶν.
1273 294 1354 322 Οὕτω
1371 295 1535 332 δυνησόμεθα
1558 296 1625 334 μετὰ
1648 298 1734 330 αἰδοῦς
1756 299 1843 326 πάντα

1073 342 1157 366 ποιεῖν
1170 350 1176 355 ·
1197 339 1325 371 πολλάκις
1347 339 1397 378 γὰρ
1420 340 1464 368 καὶ
1480 341 1632 380 ἀνθρώπους
1647 342 1845 380 αἰσχυνόμενοι,

1075 384 1159 412 πολλὰ
1175 386 1203 412 οὐ
1219 385 1369 423 πράττομεν
1390 387 1441 414 τῶν
1456 389 1588 426 πονηρῶν.
1603 389 1661 422 Τῆς
1681 388 1707 416 δὲ
1729 388 1843 422 εὐποιίας

1073 430 1118 458 καὶ
1132 430 1266 462 κοινωνίας
1281 429 1318 467 μὴ
1331 431 1541 460 ἐπιλανθάνεσθε.

1111 611 1204 638 Ταῦτα
1214 610 1272 640 τότε
1285 611 1331 648 μὲν
1342 613 1355 640 ὁ
1368 613 1473 645 Παῦλος
1485 612 1558 651 ἔλεγε
1568 634 1574 646 ,
1589 615 1632 641 νῦν
1649 613 1674 642 δὲ
1691 614 1742 652 ἐγὼ
1754 614 1838 654 λέγω·

1069 656 1126 695 οὐχὶ
1140 655 1203 695 πρὸς
1217 656 1275 689 τοὺς
1289 657 1420 695 παρόντας
1443 657 1519 695 μόνον
1537 658 1661 697 ἀδελφοὺς
1675 660 1702 688 δὲ
1723 659 1756 689 τὰ
1771 661 1837 690 αὐτὰ

1067 701 1135 739 λέγω
1145 725 1152 737 ,
1170 702 1237 730 ἀλλὰ
1249 702 1293 730 καὶ
1307 703 1371 741 πρὸς
1387 703 1445 735 τοὺς
1460 703 1583 735 ἀπόντας.
1597 705 1691 738 Οὐδεὶς
1705 704 1738 733 τὰ
1753 706 1836 745 ὑπάρ-

1067 759 1149 786 χοντα
1164 749 1237 785 ὑμῶν
1253 747 1385 786 ἥρπασεν·
1401 750 1423 776 εἰ
1440 749 1467 777 δέ
1488 761 1554 781 τινες
1571 750 1616 778 καὶ
1633 750 1794 788 ἧρπάκασιν,
1806 753 1836 780 ἐκ

1067 795 1118 821 τῶν
1134 793 1242 821 ἐνόντων
1256 793 1303 828 τὴν
1323 793 1467 832 φιλοξενίαν
1490 794 1680 823 ἐπιδείκνυσθε.
1696 795 1764 824 Τίνα
1786 796 1836 835 γὰρ

1067 838 1156 876 ἕξομεν
1172 841 1249 876 ἡμεῖς
1261 839 1403 878 ἀπολογίαν
1419 840 1519 875 λοιπὸν,
1535 840 1631 869 τούτων
1647 841 1692 869 καὶ
1708 842 1774 879 μετὰ
1788 841 1835 877 τὴν

1067 884 1186 923 ἁρπαγὴν
1199 887 1250 913 τῶν
1265 886 1436 925 ὑπαρχόντων
1447 890 1529 915 ταῦτα
1543 887 1689 915 ἀκουόντων
1698 900 1705 923 3
1715 888 1767 917 Καὶ
1777 887 1836 927 ὅρα,

1067 932 1176 959 ἐνταῦθα
1186 931 1271 969 λέγει,
1283 933 1341 966 Ti<
1351 932 1467 964 εὐποιίας
1478 932 1514 969 μὴ
1527 933 1730 962 ἐπιλανθάνεσθε
1739 956 1747 969 ,
1755 933 1837 962 εἰπὼν

1067 976 1202 1015 ἀνωτέρω,
1213 978 1269 1012 Τῆς
1280 977 1423 1016 φιλοξενίας
1433 990 1438 995 ·
1452 978 1499 1006 οὐκ
1511 977 1575 1006 ἄλλο
1589 978 1633 1006 καὶ
1657 978 1722 1007 ἄλλο
1739 979 1834 1014 δηλῶν,

1065 1022 1133 1050 ἀλλὰ
1148 1022 1176 1050 τὸ
1190 1023 1251 1051 αὐτὸ
1272 1024 1304 1051 δι’
1319 1023 1408 1062 ἑτέρας
1431 1022 1534 1055 λέξεως.
1557 1023 1608 1052 Καὶ
1628 1024 1674 1052 οὐκ
1696 1018 1771 1060 εἷπε,
1788 1027 1835 1059 τῆς

1066 1067 1210 1107 ξενοδοχίαις
1224 1068 1260 1106 μὴ
1276 1069 1490 1104 ἐπιλανθάνεσθε,
1506 1068 1589 1103 ἀλλὰ,
1603 1070 1659 1104 Τῆς
1674 1069 1818 1108 φιλοξενίας
1829 1082 1834 1088 ·

1064 1113 1196 1147 τουτέστι,
1215 1113 1251 1150 μὴ
1271 1115 1359 1146 ἁπλῶς
1375 1114 1546 1152 ξενοδοχεῐτε,
1560 1114 1628 1143 ἀλλὰ
1648 1114 1715 1152 μετὰ
1729 1118 1774 1144 τοῦ
1789 1127 1833 1154 φι-

1064 1162 1117 1188 λεῖν
1138 1159 1196 1192 τοὺς
1220 1159 1311 1192 ξένους.
1331 1159 1383 1188 Καὶ
1404 1161 1450 1188 οὐκ
1473 1155 1529 1188 εἶπε
1553 1159 1601 1194 τὴν
1625 1159 1771 1196 μέλλουσαν
1789 1161 1834 1189 καὶ

1064 1205 1240 1243 ἀποκειμένην
1258 1205 1381 1242 ἀμοιὲὴν,
1396 1205 1439 1233 ἵνα
1458 1205 1494 1242 μὴ
1511 1205 1590 1233 πάλιν
1616 1205 1709 1238 αὐτοὺς
1734 1208 1834 1233 Ori-cio.»—

1063 1251 1152 1290 τέρους
1172 1251 1331 1289 ἐργάσηται,
1347 1251 1414 1278 ἀλλὰ
1429 1251 1475 1285 τὴν
1492 1250 1543 1284 ἤδη
1567 1251 1684 1278 δοθεῖσαν
1694 1262 1699 1267 ·
1714 1250 1832 1290 ἐπήγαγε

1062 1299 1129 1335 γὰρ,
1145 1299 1184 1325 Δι’
1209 1299 1287 1330 αὐτῆς
1312 1296 1402 1324 ἔλαθόν
1432 1308 1499 1327 τινες
1528 1295 1672 1328 ξενίσαντες
1697 1296 1833 1335 ἀγγέλους.

1062 1343 1130 1371 Ἀλλ’
1151 1342 1247 1379 ἴδωμεν
1262 1342 1359 1370 ἄνωθεν
1377 1341 1410 1370 τὰ
1433 1341 1568 1380 εἰρημένα.
1587 1341 1682 1379 Τίμιος
1698 1344 1711 1370 ὃ
1731 1342 1832 1380 γάμος,

1064 1388 1152 1426 φησὶν,
1167 1390 1193 1416 ἐν
1208 1392 1287 1422 πᾶσι,
1300 1387 1344 1415 καὶ
1362 1389 1379 1422 ἦ
1400 1387 1474 1421 κοίτη
1496 1387 1630 1425 ἀμίαντος.
1647 1388 1708 1420 Πῶς
1719 1387 1805 1426 τίμιος
1819 1390 1834 1417 ὁ

1063 1435 1159 1472 γάμος;
1176 1433 1241 1462 “On
1259 1434 1284 1461 ἐν
1307 1433 1477 1472 σωφροσύνη,
1493 1432 1573 1472 φησὶ,
1592 1434 1710 1472 διατηρεῖ
1728 1433 1773 1462 τὸν
1787 1447 1833 1463 πι-

1063 1480 1133 1508 στόν.
1147 1479 1280 1507 Ἐνταῦθα
1297 1479 1341 1507 καὶ
1354 1478 1496 1511 Ἰουδαίους
1514 1478 1670 1514 αἰνίττεται,
1685 1479 1724 1507 δ’τι
1740 1479 1834 1518 βδελυ-

1064 1525 1110 1564 ρὰν
1127 1528 1238 1564 ἡγοῦντο
1255 1524 1302 1560 τὴν
1326 1524 1429 1559 κοίτην·
1446 1525 1498 1553 Καὶ
1522 1524 1548 1557 ὃς
1571 1524 1601 1553 ἂν
1621 1520 1654 1563 ᾗ,
1678 1525 1765 1563 φησὶν,
1782 1525 1834 1554 ἀπὸ

1063 1571 1166 1607 κοίτης,
1181 1572 1227 1599 οὐκ
1241 1570 1296 1598 ἔστι
1309 1570 1431 1607 καθαρός.
1447 1571 1504 1598 Οὐκ
1525 1569 1581 1598 ἔστι
1598 1569 1711 1608 βδελυρὰ
1725 1569 1758 1598 τὰ
1780 1570 1833 1599 ἀπὸ

1063 1616 1175 1655 φύσεως,
1191 1611 1212 1644 ὦ
1227 1616 1347 1654 ἄγνωμον
1365 1616 1409 1644 καὶ
1427 1615 1567 1650 ἄναίσθητε
1580 1615 1688 1644 Ἰουδαῖε
1698 1638 1706 1651 ,
1719 1615 1786 1644 ἀλλὰ
1798 1615 1832 1645 τὰ

1064 1663 1116 1691 ἀπὸ
1130 1662 1323 1702 προαιρέσε1ι1ς·
1339 1663 1360 1690 εἰ
1374 1661 1426 1701 γὰρ
1449 1661 1535 1699 τίμιος
1556 1663 1569 1690 ὁ
1583 1661 1667 1699 γάμος
1680 1661 1726 1690 καὶ
1746 1664 1832 1690 καθα-

688 1776 862 1805 MUTIANO
888 1777 1141 1807 SCHOLASTICO
1163 1775 1418 1805 INTERPRETE.

270 1867 394 1895 efficitur.
412 1868 464 1896 Sed
483 1878 528 1897 uos
544 1869 607 1897 talia
623 1870 768 1908 fugiamus.
784 1871 854 1900 Ecce
868 1872 965 1900 iterum
979 1872 1050 1901 idem
1065 1872 1154 1911 ipsum
1168 1872 1248 1908 dixit,
1264 1870 1336 1909 quod
1351 1871 1475 1910 superius
1489 1871 1676 1909 praeloquutus
1691 1877 1729 1899 est
1742 1883 1748 1899 ε
1764 1871 1830 1899 Non

270 1917 442 1953 deserentes,
457 1916 553 1955 inquit,
569 1921 823 1957 congregationem
837 1927 975 1948 nostram.
991 1921 1037 1949 Sic
1051 1921 1122 1949 enim
1137 1930 1289 1959 possumuS,
1302 1919 1400 1957 iuquit,
1412 1929 1473 1947 cum
1487 1918 1650 1947 verecundia
1663 1925 1758 1970 cuncta
1771 1928 1831 1968 pro-

269 1962 347 1990 ficei-e
360 1975 366 1989 :
383 1962 480 2000 saepius
493 1962 564 1991 enim
576 1963 657 1992 etiam
670 1964 790 1993 homiues
802 1965 994 2001 erubescentes,
1005 1977 1020 1994 a
1031 1965 1123 1994 multis
1136 1965 1269 1994 abstinent
1284 1964 1373 2004 pravis
1388 1963 1568 2003 opinionibus.
1582 1964 1659 1991 Boni
1671 1973 1773 2002 operis,
1786 1973 1830 1991 in-

269 2008 337 2046 quit,
353 2015 379 2036 et
395 2012 667 2039 communicationis
681 2012 771 2040 nolite
785 2013 926 2041 oblivisci.
1569 2057 1585 2062 ..

306 2057 364 2084 Non
383 2057 556 2094 proesentibus
570 2058 699 2087 frati-ibus
712 2059 769 2087 haee
783 2060 877 2088 nuntio
892 2067 1004 2096 tantum,
1020 2060 1196 2089 verumetiam
1212 2058 1378 2088 absentibus.
1392 2058 1421 2086 Si
1436 2065 1526 2086 autem
1539 2057 1587 2086 ahi
1601 2063 1702 2086 vestras
1717 2067 1829 2108 rapuere

267 2103 438 2139 substautias,
456 2111 519 2132 tuuc
537 2116 571 2133 ex
588 2105 621 2133 iis
632 2117 690 2143 quse
707 2106 820 2142 habetis,
836 2107 1026 2146 hospitalitatis
1041 2118 1109 2147 opus
1124 2107 1265 2136 ostendite.
1284 2106 1398 2140 Qualem
1416 2105 1505 2143 itaque
1519 2104 1613 2155 1151105
1628 2110 1826 2156 excusationem

267 2149 434 2186 habebimus,
450 2160 512 2178 euni
525 2151 666 2180 audiamus
680 2152 743 2180 talia
758 2152 813 2181 dici
824 2153 867 2190 iis,
884 2164 950 2191 quos
967 2153 1087 2192 rapinam
1104 2152 1316 2182 substantiarum
1329 2161 1437 2179 suarum
1452 2150 1610 2201 sustinnisse
1625 2149 1772 2178 constabat.
1792 2150 1829 2202 111

267 2207 319 2226 non
332 2196 412 2232 dixit,
427 2196 633 2235 Hospitalitatis,
647 2198 703 2234 sed,
718 2198 840 2227 Amoris
855 2200 1065 2237 hospitalitatis
1086 2212 1094 2227 .-
1109 2199 1182 2237 quod
1194 2199 1221 2227 in
1237 2208 1322 2237 graeco
1334 2197 1487 2226 distinctius
1500 2196 1646 2249 invenitur.
1662 2197 1722 2225 Non
1735 2204 1827 2249 posuit

266 2243 338 2281 quod
352 2244 485 2282 significat
499 2244 718 2283 hospitalitatem,
740 2246 787 2275 sed
806 2247 878 2285 quod
892 2258 1009 2275 amorem
1025 2246 1214 2286 hospitalitatis
1236 2245 1364 2279 insinuat,
1390 2251 1527 2295 tamquam
1549 2254 1571 2272 51
1587 2243 1687 2272 diceret
1707 2255 1713 2271 z
1737 2245 1828 2295 Nolite

265 2291 422 2329 simpliciter
436 2290 553 2329 hospites
565 2291 708 2329 suscipere,
726 2292 773 2321 sed
787 2304 849 2321 cum
864 2304 953 2321 amore
965 2293 1015 2321 1100
1027 2300 1052 2321 01
1066 2293 1175 2322 caritate
1189 2292 1319 2332 proficite.
1336 2291 1370 2319 Et
1384 2301 1435 2319 non
1449 2290 1521 2318 dixit
1536 2291 1655 2342 futuram
1675 2297 1700 2318 et
1715 2300 1822 2329 reposi-

266 2345 319 2366 tam
334 2338 411 2366 vobis
426 2337 637 2372 retributionem,
656 2348 689 2366 ne
702 2348 746 2366 eos
760 2339 857 2368 iterum
871 2339 1021 2379 supiniores
1035 2340 1168 2377 efficeret,
1193 2339 1239 2367 sed
1248 2339 1305 2377 jam
1320 2337 1478 2366 retributam
1490 2347 1546 2365 esse
1559 2337 1625 2365 dicit
1646 2350 1652 2365 :
1668 2338 1730 2366 Per
1747 2338 1827 2366 hanc

264 2387 350 2421 enim,
367 2385 464 2423 inquit,
483 2385 631 2413 latuerunt
645 2386 773 2423 quidam,
786 2388 818 2413 in
833 2387 956 2425 hospitio
970 2389 1138 2425 recipientes
1151 2386 1279 2425 angelos.
1294 2385 1478 2413 Honorabile
1492 2385 1670 2436 connubium
1692 2390 1719 2412 et
1742 2391 1823 2437 torus

264 2433 481 2461 immaculatus.
500 2433 552 2461 Sed
568 2433 706 2461 videamus
718 2443 799 2469 nune,
814 2434 928 2471 qualiter
942 2435 1152 2463 honorabiliores
1164 2443 1219 2462 esse
1234 2433 1341 2472 nuptias
1353 2432 1380 2460 in
1394 2431 1520 2461 omnibus
1533 2431 1615 2469 dicat,
1628 2438 1653 2460 et
1668 2438 1757 2460 torum
1769 2443 1823 2460 im-

265 2480 435 2510 maculatum.
454 2480 586 2516 Quoniam
603 2480 725 2509 videlieet
744 2480 770 2508 in
785 2480 923 2509 sanctitate
939 2482 1078 2520 pudicitiae
1093 2482 1156 2510 facit
1172 2490 1328 2510 conservare
1344 2479 1459 2508 fidelem.
1476 2479 1526 2507 Hic
1542 2479 1621 2507 etiam
1635 2479 1744 2508 Judaeos
1760 2479 1824 2518 pul-

265 2534 313 2561 snt,
327 2527 371 2565 qui
388 2528 521 2566 pollutum
537 2528 666 2567 putabant
681 2528 849 2567 conjugalem
866 2530 1048 2561 concubitum,
1066 2537 1090 2558 et
1108 2530 1233 2558 dicebant
1244 2540 1277 2557 ex
1292 2528 1359 2557 tecto
1375 2527 1496 2578 conjugis
1511 2533 1673 2578 surgentem,
1687 2527 1822 2578 mundum

264 2583 314 2601 uon
330 2583 405 2611 posse
421 2581 549 2603 constare.
568 2575 626 2604 Non
638 2582 674 2604 cst
690 2575 772 2614 igitur
787 2575 921 2614 pollutum
934 2576 1007 2613 quod
1027 2587 1060 2605 ex
1076 2583 1168 2605 natura
1184 2576 1348 2610 conceditur,
1365 2585 1379 2602 o
1397 2580 1568 2612 ingratissimi
1583 2579 1607 2602 ct
1621 2580 1820 2602 insensatissimi
