1886 2846
72 609 117 633 ιφ]ι
122 617 143 628 ω

63 1433 117 1453 Luc.
132 1433 154 1455 5.
165 1433 202 1456 25.

232 182 299 203 222
561 182 590 204 S.
613 182 752 205 Joimxts
779 182 960 205 Cttnt‘sOST.

993 182 1009 203 A
1017 182 1147 204 ttCtssEt’.
1176 182 1303 205 CONSTA
1310 183 1442 207 NTtNoP.

225 241 263 269 hil
276 252 366 280 grave.
379 243 437 270 Non
451 242 624 271 saecularibus
635 250 739 271 tantum
752 243 817 272 viris
829 243 880 271 hoc
892 242 962 276 dico,
982 246 998 266 Β
1019 242 1140 274 εὐσταθὲς
1150 265 1157 277 ,
1179 243 1250 271 οὐδὲν
1266 243 1400 282 στιὸαρόν,
1415 246 1455 272 Οὐ
1473 245 1536 282 πρὸς
1564 245 1622 278 τοὺς
1650 244 1786 283 βιωτικοῖις

226 287 272 316 sed
284 287 338 316 scio
353 298 419 326 quos
431 288 511 316 innuo
525 300 530 315 :
546 288 600 316 risu
613 289 683 317 enim
699 289 807 328 impleta
822 295 859 316 est
874 288 966 316 Eccle-

225 333 273 361 sia.
287 333 316 362 Si
335 333 468 371 quispiam
486 333 600 361 facetum
619 333 685 372 quid
704 334 821 366 dixerit,
837 334 905 360 iuter
923 344 964 361 se-

224 378 316 407 dentes
333 378 423 407 statim
437 379 555 407 nascitur
565 379 635 407 risus
647 392 652 406 :
666 386 690 407 ct
701 378 772 417 quod
784 386 820 406 est
833 378 966 413 mirabile,

225 435 257 452 ne
269 425 294 452 in
310 425 367 463 ipso
386 424 493 462 quidem
510 436 619 464 precum
638 432 754 463 tempore
767 430 868 451 cessant
887 424 966 452 multi

224 469 320 498 ridere.
341 470 448 508 Ubique
462 470 556 498 choros
570 470 644 498 ducit
658 470 792 504 diabolus,
809 480 899 497 omnes
919 471 964 498 in—

224 525 330 553 gressus
342 523 391 553 est,
411 516 437 544 in
454 526 543 544 omncs
559 515 726 543 dominatum
745 514 847 542 obtinet
861 528 867 543 :
882 515 964 544 Chri-

224 567 280 589 stus
292 562 434 590 contemtui
448 562 570 591 habetur.
582 559 748 595 extruditur,
762 559 840 588 nihili
855 560 964 589 ducitur

206 624 210 629 -
225 606 352 637 Ecclesia.
368 608 426 636 Non
446 606 544 634 auditis
564 605 678 633 Paulum
694 604 843 634 dicentem:
860 608 961 646 Turpi-

225 653 304 689 mdo,
327 659 353 681 et
377 652 601 689 stultiloquium,
618 657 644 678 et
663 652 827 680 scurrilitas
842 653 965 682 tollatur

224 709 242 726 a
257 701 363 727 vobis?
380 699 446 725 Cum
466 696 632 735 turpitudine
654 697 729 735 ponit
750 699 939 728 scurrilitatem
954 712 960 728 :

223 751 250 771 tu
269 751 356 772 autem
375 742 468 771 rides?
485 742 559 778 Quid
579 743 802 781 stultiloquium?
818 755 876 782 quae
894 745 963 774 nihil

222 791 320 818 habent
336 790 411 818 utile.
428 791 471 818 Tu
491 796 578 817 tamen
600 789 687 823 rides,
702 797 727 818 et
741 790 847 819 vultum
859 791 962 820 diffun-

219 836 269 869 dis,
285 835 331 873 qui
346 845 374 863 es
387 835 555 863 monachus?
568 835 613 873 qui
626 835 784 873 crucifixus,
800 837 846 875 qui
858 837 962 867 luctum

219 881 319 915 induis,
338 881 419 918 rides,
444 881 490 910 dic
515 880 608 909 mihi?
629 881 685 909 Ubi
707 881 799 911 vidisti
821 883 960 913 Christum

218 926 270 955 hoc
285 927 447 955 facientem?
462 928 619 965 Nusquam3
636 927 682 956 sed
701 938 770 967 saepe
789 928 898 966 quidem
911 931 960 958 tri-

217 979 294 1001 stem.
312 973 418 1001 Etenim
433 973 540 1011 quando
555 972 626 1001 vidit
640 974 802 1009 Jerusalem,
820 975 911 1011 flevit;
935 982 961 1005 et

217 1019 326 1056 quando
345 1019 378 1048 de
396 1019 531 1059 proditore
551 1019 692 1057 cogitavit,
710 1020 761 1048 fnit
775 1020 917 1058 turbatus;
935 1029 960 1050 et

217 1064 324 1102 quando
345 1065 476 1093 Lazarum
499 1065 675 1093 suscitaturus
699 1072 769 1100 erat,
794 1066 959 1105 lacrymatus

215 1117 253 1138 est
266 1121 272 1137 τ
287 1117 315 1139 tu
327 1117 416 1139 autem
434 1109 524 1139 rides?
535 1110 565 1138 Si
577 1110 624 1147 qui
639 1116 749 1149 propter
761 1110 877 1139 aliorum
893 1122 956 1150 pec-

215 1163 272 1184 cata
284 1167 335 1185 non
350 1156 434 1193 dolet,
450 1156 550 1195 dignus
561 1162 600 1184 est
616 1156 662 1194 qui
678 1164 818 1184 accusetur
834 1158 896 1195 :qui
908 1169 957 1197 pro

215 1201 270 1230 suis
285 1202 362 1230 nullo
375 1202 492 1240 tangitur
503 1200 606 1236 dolore,
620 1201 667 1229 sed
679 1201 760 1238 ridet,
777 1212 895 1240 quanam
907 1204 956 1231 erit

213 1247 313 1285 dignus
328 1247 427 1277 venia?
443 1247 542 1275 Luctus
559 1253 596 1275 est
618 1253 722 1286 tempus
743 1253 767 1276 et
789 1248 955 1285 afflictionis,

214 1293 394 1332 castigationis
406 1300 430 1321 et
443 1293 579 1321 servitutis
593 1291 733 1329 obeundae,
748 1293 921 1322 certaminum
931 1301 956 1322 et

215 1339 363 1367 sudorum:
377 1346 405 1367 tu
428 1345 517 1367 autem
539 1338 633 1367 rides?
646 1340 706 1367 Non
727 1339 802 1367 vides
819 1340 955 1377 quomodo

215 1384 348 1424 increpata
369 1385 419 1413 fuit
437 1384 590 1413 δεῖ-391101]
611 1383 688 1412 audis
709 1384 847 1412 Christum
861 1384 955 1413 dicen-

215 1436 267 1458 tem
279 1442 285 1457 ε
299 1431 348 1458 Vae
362 1432 413 1469 qui
426 1430 532 1464 rident,
546 1432 685 1469 quoniam
698 1429 881 1468 plorabunt?
893 1431 955 1459 Haec

214 1475 306 1514 psallis
319 1474 448 1514 quotidie.
467 1475 542 1511 Quid
557 1475 626 1503 enim
639 1475 718 1510 dicis,
732 1474 776 1503 dic
788 1476 900 1513 quaeso?
912 1476 953 1504 di-

213 1520 294 1555 cisne,
307 1520 387 1549 Risi?
400 1521 590 1558 Nequaquam3
606 1519 651 1548 sed
664 1519 751 1557 quid?
762 1521 910 1549 Laboravi
921 1523 953 1549 ιή

212 1569 320 1605 gemitu
336 1577 408 1595 meo.
425 1566 479 1595 Sed
493 1567 603 1595 fortasse
616 1566 726 1604 quidam
740 1573 801 1594 sunt
815 1566 881 1595 adeo
895 1567 952 1596 dis-

214 1613 294 1640 soluti
306 1612 462 1651 mollesque,
476 1619 505 1640 ut
520 1613 601 1641 etiam
616 1613 642 1640 in
655 1612 704 1640 hac
717 1612 896 1651 increpatione
910 1614 950 1641 ri-

214 1658 307 1696 deant,
335 1659 460 1697 quoniam
483 1658 516 1686 de
539 1658 592 1686 risu
617 1657 673 1686 haec
694 1657 818 1686 dicimus.
846 1658 952 1688 Etenim

1019 288 1114 326 ἄνδρας
1130 288 1205 326 μόνον
1217 288 1287 327 λέγω
1304 291 1387 317 ταῦτα
1397 311 1405 326 ,
1424 289 1482 318 ἀλλ’
1497 286 1553 318 οἶδα
1565 290 1607 323 οὓς
1619 290 1767 327 αἰνίττομαι
1778 301 1784 305 ·

1018 333 1129 372 γέλωτος
1144 334 1195 372 γὰρ
1214 334 1399 372 ἐμπέπλησται
1418 337 1434 370 ἡ
1446 336 1604 370 Ἐκκλησία.
1619 335 1664 364 Ἂν
1680 338 1693 364 6
1715 336 1786 363 δεῖνα

1019 381 1120 408 ἀστεῖον
1134 380 1209 419 εἴπῃ,
1230 380 1313 419 γέλως
1333 381 1425 414 εὐθέως
1438 383 1463 410 ἐν
1474 386 1526 413 τοῖς
1545 381 1702 419 καθημένοις
1713 381 1786 419 γίνε-

1018 436 1077 453 ται·
1100 426 1145 454 καὶ
1159 426 1189 454 τὸ
1199 427 1358 465 θαυμαστὸν,
1371 428 1396 455 ἐν
1409 428 1480 466 αὐτῷ
1494 430 1531 466 τῷ
1546 429 1630 466 καιρῷ
1647 428 1694 461 τῆς
1708 428 1786 466 εὖχῆς

1017 474 1045 500 οὐ
1058 472 1185 501 παύονται
1200 473 1292 501 πολλοὶ
1312 476 1356 501 τοῦ
1372 474 1460 513 γελᾷν.
1486 475 1627 512 Πανταχοῧ
1651 472 1754 513 χορεύει
1774 475 1787 501 6

1018 518 1136 551 διάέολος
1145 541 1152 554 ,
1165 519 1265 551 πάντας
1279 519 1431 555 ἐνεδύσατο,
1446 520 1551 548 πάντων
1568 524 1670 559 κρατεῖ·
1683 519 1785 557 ἠτίμα-

1017 575 1077 592 σται
1092 565 1242 603 ὁΧριστὸς,
1257 565 1426 604 παρέωσται,
1440 566 1466 593 ἐν
1479 566 1579 597 οὐδενός
1599 566 1655 594 ἐστι
1677 565 1749 603 μέρει
1768 568 1785 599 ἡ

1017 611 1152 646 ἐκκλησία.
1166 612 1224 639 Οὐκ
1235 610 1343 653 ἀκούετε
1362 612 1472 639 Παύλου
1488 611 1620 648 λέγοντος,
1637 610 1786 650 Αἷσχρότης

1016 656 1060 684 καὶ
1077 657 1227 696 μωρολογία
1254 657 1299 684 καὶ
1328 656 1487 695 εὐτραπελία
1510 656 1616 695 ἀρθήτω
1640 657 1684 695 ἀφ’
1697 657 1786 693 ὓμῶνς

1017 702 1092 730 Μετὰ
1105 704 1151 737 τῆς
1164 702 1335 741 αἰσχρότητος
1346 702 1394 736 τὴν
1412 701 1585 742 εὐτραπελίαν
1600 701 1688 736 τίθησι
1699 713 1704 718 ·
1716 700 1747 730 σὺ
1759 701 1785 730 δὲ

986 753 997 774 ἶ
1016 748 1108 786 γελᾷς
1130 747 1290 786 Μιι)ρολογία
1305 748 1329 776 τί
1344 748 1414 782 ἐστί;
1429 748 1462 776 τὰ
1477 747 1558 785 μηδὲν
1572 747 1665 786 ἔχοντα
1686 747 1785 786 χρήσι-

1017 805 1074 830 μον.
1092 795 1176 833 Feta:
1191 794 1217 822 δὲ
1233 794 1299 826 ὅλως
1309 816 1315 828 ,
1333 794 1378 822 καὶ
1400 794 1500 832 διαχεῖς
1512 793 1542 821 τὸ
1557 793 1698 833 πρόσωπον
1710 795 1724 822 6
1739 805 1784 830 μο-

1014 839 1111 875 νάζιον;
1127 841 1140 867 6
1154 840 1361 877 ἐσταυρωμένος,
1382 842 1395 868 ὁ
1410 841 1526 875 πενθῶν,
1540 840 1631 878 γελᾷς,
1651 839 1710 867 εἶπέ
1724 851 1787 877 μοι;

1015 885 1071 913 Ποῦ
1085 887 1129 913 τοῦ
1142 886 1257 924 Χριστοῦ
1267 887 1344 913 τοῦτο
1355 885 1469 919 ἤκουσας
1484 887 1633 919 ποιοῦντος
1648 885 1784 922 Οὗδαμοῦ,

1014 931 1083 959 ἀλλὰ
1103 934 1280 969 κατηφοῦντος
1306 930 1352 968 μὲν
1376 930 1513 962 πολλάκις.
1530 929 1589 958 ’Καὶ
1603 929 1654 969 γὰρ
1668 929 1710 958 ὅτε
1737 929 1784 965 τὴν

1013 975 1188 1014 Ἰερουσαλὴμ
1200 971 1280 1010 εἶδεν,
1297 975 1440 1015 ἐδάκρυσε,
1456 975 1501 1004 καὶ
1520 975 1563 1004 ὅτε
1587 975 1631 1004 τὸν
1653 975 1784 1014 προδότην

1012 1021 1155 1056 ἐνενόησεν,
1177 1020 1326 1058 ἐταράχθη,
1342 1021 1387 1048 καὶ
1411 1019 1453 1048 ὅτε
1476 1020 1521 1049 τὸν
1536 1020 1656 1059 Λάζαρον
1675 1019 1784 1058 ἔμελλεν

1011 1066 1131 1104 ἐγείρειν,
1147 1066 1271 1094 ἔκλαυσε·
1294 1065 1325 1094 σὺ
1341 1065 1367 1094 δὲ
1382 1067 1476 1105 γελᾷς,
1499 1067 1533 1094 Εἰ
1552 1066 1595 1094 ἐπὶ
1612 1070 1667 1098 τοῖς
1687 1065 1783 1105 ἑτέρων

1011 1111 1198 1150 ἁμαρτήμασιν
1221 1113 1234 1139 6
1257 1111 1294 1148 μὴ
1320 1112 1417 1149 ἀλγῶν,
1435 1111 1593 1151 κατηγορίας
1610 1111 1696 1144 ἄξιος·
1709 1114 1723 1140 6
1737 1111 1782 1140 ἐπὶ

1010 1160 1063 1188 τοῖς
1078 1159 1156 1185 αὑτοῦ
1175 1156 1329 1195 ἀναλγήτως
1343 1156 1505 1194 διακείμενος
1527 1157 1572 1185 καὶ
1593 1158 1693 1195 γελῶν,
1703 1157 1781 1189 ποίας

1009 1203 1083 1231 ἔσται
1099 1202 1254 1241 συγγνώμης
1278 1202 1361 1238 ἅξιος;
1376 1203 1490 1235 Πένθους
1503 1204 1516 1230 6
1529 1202 1620 1241 παρὼν
1635 1202 1724 1242 καιρὸς
1733 1203 1779 1232 καὶ

1009 1248 1135 1287 θλίψεως,
1155 1250 1332 1285 ὑπωπιασμοῢ
1345 1270 1352 1281 ,
1378 1248 1424 1276 καὶ
1447 1248 1641 1286 δουλαγωγίας,
1669 1247 1778 1287 ἀγώνων

1009 1294 1054 1322 καὶ
1074 1293 1206 1332 ἱδρώτων
1221 1293 1253 1321 σὺ
1267 1293 1293 1322 δὲ
1308 1294 1397 1332 γελᾷς
1411 1294 1470 1331 Οὐχ
1482 1295 1543 1331 ὁρᾷς
1562 1295 1618 1325 πῶς
1632 1293 1778 1332 ἐπετιμήθη

1010 1340 1116 1379 Σᾶῤῥα;
1137 1342 1184 1369 οὔκ
1196 1339 1297 1371 ἀκούεις
1316 1342 1361 1367 τοῦ
1380 1340 1495 1376 Χριστοῦ
1511 1339 1646 1377 λέγοντος,
1662 1340 1732 1368 Οὐαὶ
1753 1343 1778 1369 οἱ

1010 1387 1149 1423 γελῶντες,
1165 1385 1206 1414 ὅτι
1219 1384 1391 1419 κλαύσονται;
1409 1385 1502 1414 Ταῦτα
1515 1386 1624 1422 ψάλλεις
1641 1386 1700 1413 καθ’
1717 1386 1776 1414 ἑκά-

1010 1443 1074 1466 στην
1085 1431 1197 1470 ἡμέραν.
1213 1430 1248 1459 Τί
1263 1429 1314 1468 γὰρ
1329 1431 1426 1469 λέγεις,
1442 1430 1498 1459 εἶπέ
1520 1441 1580 1467 μοις
1591 1430 1631 1459 ὅτι
1650 1430 1778 1468 ἐγέλασα;

1009 1477 1155 1514 Οὐδαμῶς·
1170 1476 1238 1504 ἀλλὰ
1252 1476 1292 1511 τί,
1306 1475 1456 1504 Ἐκοπίασα
1467 1478 1492 1504 ἐν
1507 1478 1544 1515 τῷ
1561 1478 1702 1515 στεναγμῷ
1715 1489 1776 1515 μου.

1010 1522 1088 1551 Ἀλλὰ
1100 1522 1171 1561 τάχα
1184 1521 1251 1554 τινές
1263 1523 1327 1550 εἰσιν
1339 1521 1407 1550 οὕτω
1421 1521 1607 1560 διακεχυμένοι
1618 1523 1662 1550 καὶ
1671 1526 1778 1561 χαῦνοι,

1009 1570 1044 1600 ὡς
1059 1568 1104 1596 καὶ
1132 1568 1158 1596 ἐν
1185 1569 1218 1606 τῇ
1240 1566 1393 1605 ἐπιτιμήσει
1413 1566 1496 1606 ταύτῃ
1510 1569 1588 1606 γελᾷν
1598 1589 1605 1603 ,
1621 1567 1660 1596 ὅτι
1674 1567 1705 1603 δὴ
1720 1569 1780 1607 περὶ

1008 1614 1122 1651 γέλωτος
1137 1616 1218 1642 ταῦτα
1239 1612 1422 1651 διαλεγόμεθα.
1438 1613 1491 1642 Καὶ
1505 1613 1557 1653 γὰρ
1575 1614 1689 1642 τοιοῦτόν
1706 1615 1778 1643 ἐστιν

1007 1662 1025 1693 ἡ
1037 1658 1191 1699 παραφορὰ,
1205 1659 1314 1693 τοιαύτη
1329 1662 1345 1694 ἦ
1361 1659 1544 1698 παραπληξία,
1554 1659 1611 1689 οὐδὲ
1627 1661 1777 1690 αἰσθάνεται

631 1771 802 1800 MUTIANO
824 1771 1077 1801 SCHOLASTICO
1098 1772 1347 1801 INTERPRETE.

215 1866 310 1903 loquor
324 1869 437 1898 tantum,
456 1862 503 1891 sed
523 1863 587 1891 novi
602 1873 668 1901 quos
682 1863 805 1902 significo
820 1875 825 1890 :
841 1863 897 1892 risu
911 1863 982 1892 enim
997 1864 1097 1903 repleta
1111 1870 1150 1892 est
1167 1863 1287 1892 ecclesia.
1309 1864 1338 1892 si
1354 1863 1398 1892 ille
1412 1870 1437 1892 et
1451 1863 1498 1892 ille
1511 1864 1626 1892 facetum
1643 1864 1775 1902 quiddam

214 1914 351 1950 loquatur,
377 1911 446 1939 risus
466 1911 605 1939 confestim
621 1910 741 1939 sedentes
755 1918 867 1950 occupat
882 1924 888 1940 :
906 1918 931 1939 et
951 1911 1024 1949 quod
1046 1911 1136 1940 adhuc
1156 1910 1310 1940 mirabilius
1324 1917 1374 1948 est,
1392 1911 1419 1939 in
1433 1911 1492 1950 ipso
1512 1918 1632 1950 tempore
1646 1911 1775 1941 orationis

215 1970 266 1988 non
288 1958 429 1998 quiescunt
451 1958 529 1986 multi
544 1969 558 1986 a
571 1958 636 1987 risu.
652 1958 760 1996 Ubique
775 1965 888 1997 vagatur
902 1958 1042 1995 diabolus,
1058 1970 1149 1988 omnes
1163 1959 1292 1998 illigavit,
1308 1959 1381 1987 omni
1403 1958 1558 1987 dominatur
1570 1970 1576 1986 :
1588 1959 1774 1988 exhonoratur

215 2007 352 2041 Christus,
367 2005 560 2041 contemnitur,
575 2005 676 2034 nullius
691 2007 818 2034 momenti
834 2006 950 2035 habetur
964 2007 1082 2036 ecclesia.
1098 2007 1192 2036 Nonne
1208 2006 1322 2035 audistis
1338 2006 1454 2034 Paulum
1473 2006 1624 2035 dicentem:
1642 2008 1776 2046 Tur-pitu-

215 2056 252 2083 do
267 2060 296 2083 et
308 2053 515 2091 vaniloquium
534 2059 562 2081 et
575 2054 740 2082 scurrilitas
757 2055 916 2093 abjiciatur·
927 2065 946 2082 a
959 2056 1044 2083 vohis
1057 2058 1069 2082 Ρ
1084 2055 1152 2082 Cum
1168 2054 1364 2093 turpitudinem
1378 2060 1403 2082 et
1418 2054 1608 2082 scurrilitatem
1624 2055 1715 2092 posuit
1721 2063 1732 2090 ,'
1746 2062 1776 2083 tu

217 2108 306 2130 autem
321 2099 411 2129 rides?
429 2100 621 2137 Vaniloquium
636 2100 703 2138 quid
717 2107 756 2128 est
766 2101 780 2128 ἶ)
795 2100 876 2136 Quod
890 2102 992 2129 nullam
1011 2101 1091 2130 habet
1105 2102 1261 2129 utilitatem.
1281 2102 1333 2130 Vel
1353 2100 1463 2130 omnino
1475 2100 1546 2129 rides
1563 2108 1589 2129 et
1601 2101 1718 2130 effundis
1734 2102 1777 2130 fa-

219 2149 285 2177 ciem
296 2155 370 2177 tuam
380 2169 388 2183 ‚
402 2146 447 2184 qui
457 2146 617 2175 monachum
632 2147 790 2186 profiteris?
805 2148 851 2185 qui
865 2148 1013 2177 crucifixus
1028 2159 1072 2183 es,
1087 2148 1134 2186 qui
1148 2149 1239 2187 luges,
1255 2147 1348 2176 rides?
1362 2148 1413 2177 Dic
1430 2148 1509 2182 mihi,
1527 2148 1573 2176 ubi
1586 2148 1710 2177 Christus
1725 2148 1777 2178 hoc

218 2196 303 2225 fecit?
316 2194 416 2223 audisti
429 2193 481 2222 hoc
495 2193 595 2222 alicubi
607 2194 620 2222 Ρ
635 2195 790 2232 Nusquam,
810 2194 855 2223 sed
871 2195 1055 2224 contristatum
1072 2195 1183 2234 quidem
1198 2195 1296 2235 saepius
1316 2195 1415 2234 legisti.
1429 2195 1537 2224 Etenim
1551 2195 1657 2234 quando
1671 2196 1779 2225 Jerusa-

220 2243 273 2271 lem
286 2242 358 2271 vidit
364 2264 374 2279 ‚
389 2242 554 2280 lacrymatus
573 2246 629 2276 εει,
643 2247 669 2268 et
684 2241 790 2278 quando
807 2241 962 2270 traditorem
976 2242 1120 2277 intellexit,
1141 2241 1264 2270 turbatus
1276 2248 1333 2276 σει,
1351 2248 1376 2269 et
1395 2240 1502 2279 quando
1516 2242 1647 2270 Lazarum
1661 2241 1778 2270 suseita-

221 2296 297 2318 turus
310 2295 382 2325 erat,
397 2288 533 2328 ploravit:
546 2293 576 2315 tu
597 2294 686 2315 autem
707 2287 798 2316 rides?
813 2289 841 2316 Si
856 2295 966 2327 propter
985 2289 1100 2317 aliorum
1121 2295 1229 2327 peccata
1245 2288 1306 2326 quis
1320 2298 1372 2316 non
1394 2287 1483 2325 dolet,
1498 2287 1665 2316 accusatione
1678 2287 1778 2327 dignus

221 2343 258 2365 est
274 2349 280 2364 ε
295 2336 342 2374 qui
357 2336 384 2364 in
400 2336 455 2364 suis
470 2336 526 2364 sine
538 2334 631 2363 dolore
646 2334 750 2363 exsistit
770 2342 795 2363 et
808 2335 896 2372 ridet,
919 2336 991 2374 quali
1008 2337 1084 2365 venia
1097 2335 1196 2375 dignus
1210 2336 1281 2365 erit?
1296 2337 1416 2375 Tempus
1431 2342 1469 2363 est
1484 2334 1574 2363 luctus
1588 2342 1614 2363 et
1625 2335 1778 2364 tribulatio-

222 2384 280 2419 nis,
299 2384 350 2412 sub
366 2383 511 2412 afflictione
534 2389 560 2411 et
581 2382 708 2411 servitute
728 2383 904 2412 certaminum
930 2390 955 2412 et
970 2384 1020 2413 suh
1035 2384 1175 2413 doloribus
1197 2395 1239 2413 res
1262 2383 1362 2422 agitur,
1378 2389 1402 2411 et
1423 2389 1452 2411 tu
1477 2382 1570 2411 rides?
1584 2383 1643 2411 Non
1665 2382 1778 2411 intueris

223 2430 357 2468 quomodo
381 2429 515 2469 increpata
537 2436 575 2458 est
597 2429 683 2458 Sara?
706 2439 758 2457 non
773 2429 892 2459 advertis
907 2430 1045 2459 Christum
1065 2430 1222 2459 dicentem:
1241 2432 1290 2458 Vae
1314 2431 1410 2464 vobis,
1427 2431 1478 2468 qui
1502 2430 1613 2464 ridetis,
1635 2431 1777 2468 quoniam

223 2478 387 2516 plangetis?
403 2478 456 2506 Ista
469 2477 584 2516 psallens
598 2487 645 2516 per
659 2476 778 2515 singulos
791 2477 848 2505 dies
859 2500 866 2511 ‚
884 2478 951 2516 quid
968 2478 1058 2507 dicis?
1073 2478 1124 2507 Dic
1145 2478 1229 2515 mihi,
1246 2488 1311 2506 num
1334 2477 1434 2505 alicubi
1446 2476 1533 2512 dicis,
1547 2476 1683 2511 Quoniam
1704 2476 1751 2505 risi
1763 2477 1776 2504 ’τ’

225 2525 413 2562 Nequaquam,
428 2524 473 2552 sed
487 2523 574 2562 quid?
596 2524 699 2561 Deseci
713 2526 744 2552 in
762 2526 869 2563 gemitu
885 2535 954 2552 meo.
972 2525 1093 2553 Fortasse
1107 2525 1186 2553 ctiam
1201 2531 1262 2553 sunt
1276 2524 1360 2562 aliqui
1379 2524 1414 2551 ita
1429 2522 1550 2551 dissoluti
1564 2529 1590 2551 et
1611 2523 1731 2559 remissi,
1745 2531 1775 2551 ut

225 2573 303 2600 ctiam
318 2570 343 2599 in
361 2572 410 2599 hac
431 2571 608 2610 increpatione
630 2571 746 2608 rideant,
763 2571 888 2609 quoniam
903 2572 935 2601 de
955 2573 1009 2601 risu
1033 2572 1210 2611 disputamus.
1230 2572 1336 2601 Etenim
1352 2570 1412 2600 talis
1434 2577 1471 2599 est
1490 2570 1639 2608 dementia,
1656 2571 1716 2600 talis
1736 2577 1774 2599 est
