<?xml version="1.0" encoding="UTF-8"?>
<!DOCTYPE html PUBLIC "-//W3C//DTD XHTML 1.0 Transitional//EN"
    "http://www.w3.org/TR/xhtml1/DTD/xhtml1-transitional.dtd">
<html xmlns="http://www.w3.org/1999/xhtml" xml:lang="en" lang="en">
 <head>
  <title>
</title>
<meta http-equiv="Content-Type" content="text/html;charset=utf-8" />
  <meta name='ocr-system' content='tesseract 3.04.00' />
  <meta name='ocr-capabilities' content='ocr_page ocr_carea ocr_par ocr_line ocrx_word'/>
</head>
<body>
  <div class='ocr_page' id='page_1' title='image "./operaomniaquaeex12johnuoft/operaomniaquaeex12johnuoft_0207.png"; bbox 0 0 1886 2846; ppageno 0'>
   <div class='ocr_carea' id='block_1_1' title="bbox 438 153 875 176">
    <p class='ocr_par' dir='ltr' id='par_1_1' title="bbox 438 153 875 176">
     <span class='ocr_line' id='line_1_1' title="bbox 438 153 875 176; baseline 0.005 -2"><span class='ocrx_word' id='word_1_1' title='bbox 438 153 468 174; x_wconf 79' lang='grc' dir='ltr'>ΙΝ</span> <span class='ocrx_word' id='word_1_2' title='bbox 498 153 606 175; x_wconf 78' lang='lat' dir='ltr'>EPlST.</span> <span class='ocrx_word' id='word_1_3' title='bbox 637 153 681 175; x_wconf 77' lang='lat' dir='ltr'>AD</span> <span class='ocrx_word' id='word_1_4' title='bbox 709 153 875 176; x_wconf 60' lang='lat' dir='ltr'>intutu-:os-</span> 
     </span>
    </p>
   </div>
   <div class='ocr_carea' id='block_1_2' title="bbox 99 212 870 389">
    <p class='ocr_par' dir='ltr' id='par_1_2' title="bbox 99 212 870 389">
     <span class='ocr_line' id='line_1_2' title="bbox 101 212 868 255; baseline 0.003 -14"><span class='ocrx_word' id='word_1_5' title='bbox 101 214 148 251; x_wconf 77' lang='grc' dir='ltr'>μιά</span> <span class='ocrx_word' id='word_1_6' title='bbox 162 215 232 251; x_wconf 81' lang='grc' dir='ltr'>ἡμᾶς</span> <span class='ocrx_word' id='word_1_7' title='bbox 248 212 400 252; x_wconf 79' lang='grc' dir='ltr'>ἐκαθάρισε’</span> <span class='ocrx_word' id='word_1_8' title='bbox 419 214 485 251; x_wconf 76' lang='grc' dir='ltr'>μετὰ</span> <span class='ocrx_word' id='word_1_9' title='bbox 507 214 533 243; x_wconf 78' lang='grc' dir='ltr'>δὲ</span> <span class='ocrx_word' id='word_1_10' title='bbox 549 218 624 244; x_wconf 63' lang='grc' dir='ltr'>τοῦτο</span> <span class='ocrx_word' id='word_1_11' title='bbox 642 217 694 255; x_wconf 79' lang='grc' dir='ltr'>πῧρ</span> <span class='ocrx_word' id='word_1_12' title='bbox 709 215 754 244; x_wconf 79' lang='grc' dir='ltr'>καὶ</span> <span class='ocrx_word' id='word_1_13' title='bbox 768 214 868 253; x_wconf 79' lang='grc' dir='ltr'>γέεννα.</span> 
     </span>
     <span class='ocr_line' id='line_1_3' title="bbox 100 258 870 299; baseline 0.001 -11"><span class='ocrx_word' id='word_1_14' title='bbox 100 258 152 288; x_wconf 82' lang='grc' dir='ltr'>Καὶ</span> <span class='ocrx_word' id='word_1_15' title='bbox 165 258 215 298; x_wconf 82' lang='grc' dir='ltr'>γὰρ</span> <span class='ocrx_word' id='word_1_16' title='bbox 231 259 275 287; x_wconf 82' lang='grc' dir='ltr'>καὶ</span> <span class='ocrx_word' id='word_1_17' title='bbox 291 258 333 286; x_wconf 81' lang='grc' dir='ltr'>διὰ</span> <span class='ocrx_word' id='word_1_18' title='bbox 348 262 423 287; x_wconf 70' lang='grc' dir='ltr'>τοῦτο</span> <span class='ocrx_word' id='word_1_19' title='bbox 440 260 494 288; x_wconf 78' lang='grc' dir='ltr'>ἄνω</span> <span class='ocrx_word' id='word_1_20' title='bbox 509 260 553 288; x_wconf 83' lang='grc' dir='ltr'>καὶ</span> <span class='ocrx_word' id='word_1_21' title='bbox 567 260 639 289; x_wconf 86' lang='grc' dir='ltr'>κάτω</span> <span class='ocrx_word' id='word_1_22' title='bbox 655 261 761 299; x_wconf 71' lang='grc' dir='ltr'>στρέφει</span> <span class='ocrx_word' id='word_1_23' title='bbox 777 260 870 298; x_wconf 75' lang='grc' dir='ltr'>λέγων,</span> 
     </span>
     <span class='ocr_line' id='line_1_4' title="bbox 99 304 870 345; baseline 0.003 -12"><span class='ocrx_word' id='word_1_24' title='bbox 99 305 144 333; x_wconf 79' lang='grc' dir='ltr'>ἕνα</span> <span class='ocrx_word' id='word_1_25' title='bbox 167 304 251 343; x_wconf 80' lang='grc' dir='ltr'>ἱερέα,</span> <span class='ocrx_word' id='word_1_26' title='bbox 269 304 331 342; x_wconf 80' lang='grc' dir='ltr'>μίαν</span> <span class='ocrx_word' id='word_1_27' title='bbox 347 305 448 340; x_wconf 79' lang='grc' dir='ltr'>Ουσίαν,</span> <span class='ocrx_word' id='word_1_28' title='bbox 461 305 503 334; x_wconf 75' lang='grc' dir='ltr'>ἵνα</span> <span class='ocrx_word' id='word_1_29' title='bbox 518 306 554 344; x_wconf 75' lang='grc' dir='ltr'>μή</span> <span class='ocrx_word' id='word_1_30' title='bbox 576 318 628 343; x_wconf 85' lang='grc' dir='ltr'>τις,</span> <span class='ocrx_word' id='word_1_31' title='bbox 643 306 756 345; x_wconf 79' lang='grc' dir='ltr'>νομίζων</span> <span class='ocrx_word' id='word_1_32' title='bbox 771 306 870 339; x_wconf 66' lang='grc' dir='ltr'>πολλὰς</span> 
     </span>
     <span class='ocr_line' id='line_1_5' title="bbox 100 345 440 389; baseline 0 -10"><span class='ocrx_word' id='word_1_33' title='bbox 100 345 178 386; x_wconf 67' lang='grc' dir='ltr'>εἶναι,</span> <span class='ocrx_word' id='word_1_34' title='bbox 195 351 276 383; x_wconf 75' lang='grc' dir='ltr'>ἀδεῶς</span> <span class='ocrx_word' id='word_1_35' title='bbox 292 350 440 389; x_wconf 71' lang='grc' dir='ltr'>ἁμαρτάνῃ.</span> 
     </span>
    </p>
   </div>
   <div class='ocr_carea' id='block_1_3' title="bbox 101 863 870 1041">
    <p class='ocr_par' dir='ltr' id='par_1_3' title="bbox 101 863 870 1041">
     <span class='ocr_line' id='line_1_6' title="bbox 141 863 869 903; baseline 0 -11"><span class='ocrx_word' id='word_1_36' title='bbox 141 863 221 894; x_wconf 62' lang='lat'>“0601</span> <span class='ocrx_word' id='word_1_37' title='bbox 242 864 326 894; x_wconf 79' lang='grc' dir='ltr'>τοίνυν</span> <span class='ocrx_word' id='word_1_38' title='bbox 349 864 548 902; x_wconf 48' lang='lat' dir='ltr'>&gt;ruminabo-quw</span> <span class='ocrx_word' id='word_1_39' title='bbox 569 866 615 899; x_wconf 67' lang='grc' dir='ltr'>’.ἧς</span> <span class='ocrx_word' id='word_1_40' title='bbox 640 865 797 903; x_wconf 67' lang='grc' dir='ltr'>σφραγῖδος,</span> <span class='ocrx_word' id='word_1_41' title='bbox 815 865 869 892; x_wconf 70' lang='grc' dir='ltr'>ὅσοι</span> 
     </span>
     <span class='ocr_line' id='line_1_7' title="bbox 101 909 869 949; baseline -0.001 -10"><span class='ocrx_word' id='word_1_42' title='bbox 101 913 148 946; x_wconf 80' lang='grc' dir='ltr'>τ’ἦς</span> <span class='ocrx_word' id='word_1_43' title='bbox 160 911 250 943; x_wconf 78' lang='grc' dir='ltr'>θυσίας</span> <span class='ocrx_word' id='word_1_44' title='bbox 262 910 463 949; x_wconf 75' lang='grc' dir='ltr'>ἀπηλαύσαμεν,</span> <span class='ocrx_word' id='word_1_45' title='bbox 474 911 528 940; x_wconf 76' lang='grc' dir='ltr'>ὅσοι</span> <span class='ocrx_word' id='word_1_46' title='bbox 539 912 585 945; x_wconf 66' lang='grc' dir='ltr'>τῆς</span> <span class='ocrx_word' id='word_1_47' title='bbox 599 910 727 938; x_wconf 75' lang='grc' dir='ltr'>ἀθανάτου</span> <span class='ocrx_word' id='word_1_48' title='bbox 738 909 869 949; x_wconf 79' lang='grc' dir='ltr'>τραπέζης</span> 
     </span>
     <span class='ocr_line' id='line_1_8' title="bbox 102 955 870 996; baseline -0.003 -11"><span class='ocrx_word' id='word_1_49' title='bbox 102 957 273 996; x_wconf 77' lang='grc' dir='ltr'>μετέσχομεν,</span> <span class='ocrx_word' id='word_1_50' title='bbox 281 956 401 994; x_wconf 77' lang='grc' dir='ltr'>μένωμεν</span> <span class='ocrx_word' id='word_1_51' title='bbox 423 957 595 995; x_wconf 76' lang='grc' dir='ltr'>φυλάττοντες</span> <span class='ocrx_word' id='word_1_52' title='bbox 610 956 658 990; x_wconf 84' lang='grc' dir='ltr'>τὴν</span> <span class='ocrx_word' id='word_1_53' title='bbox 679 956 809 994; x_wconf 77' lang='grc' dir='ltr'>εὐγένειαν</span> <span class='ocrx_word' id='word_1_54' title='bbox 826 955 870 983; x_wconf 85' lang='grc' dir='ltr'>καὶ</span> 
     </span>
     <span class='ocr_line' id='line_1_9' title="bbox 101 1001 870 1041; baseline -0.003 -11"><span class='ocrx_word' id='word_1_55' title='bbox 101 1002 148 1038; x_wconf 81' lang='grc' dir='ltr'>τὴν</span> <span class='ocrx_word' id='word_1_56' title='bbox 162 1003 255 1041; x_wconf 79' lang='grc' dir='ltr'>τιμήν·</span> <span class='ocrx_word' id='word_1_57' title='bbox 272 1004 300 1030; x_wconf 87' lang='grc' dir='ltr'>οὐ</span> <span class='ocrx_word' id='word_1_58' title='bbox 317 1002 367 1040; x_wconf 79' lang='grc' dir='ltr'>γὰρ</span> <span class='ocrx_word' id='word_1_59' title='bbox 382 1001 515 1033; x_wconf 74' lang='grc' dir='ltr'>ἀκίνδυνος</span> <span class='ocrx_word' id='word_1_60' title='bbox 529 1005 544 1036; x_wconf 90' lang='grc' dir='ltr'>ἡ</span> <span class='ocrx_word' id='word_1_61' title='bbox 568 1001 728 1033; x_wconf 76' lang='grc' dir='ltr'>ἀπόπτωσις.</span> <span class='ocrx_word' id='word_1_62' title='bbox 744 1001 825 1029; x_wconf 63' lang='lat' dir='ltr'>“Occi</span> <span class='ocrx_word' id='word_1_63' title='bbox 843 1001 870 1028; x_wconf 76' lang='grc' dir='ltr'>δὲ</span> 
     </span>
    </p>
   </div>
   <div class='ocr_carea' id='block_1_4' title="bbox 906 153 1326 177">
    <p class='ocr_par' dir='ltr' id='par_1_4' title="bbox 906 153 1326 177">
     <span class='ocr_line' id='line_1_10' title="bbox 906 153 1326 177; baseline 0.005 -2"><span class='ocrx_word' id='word_1_64' title='bbox 906 153 983 177; x_wconf 73' lang='grc' dir='ltr'><strong>ΟΑΡ.</strong></span> <span class='ocrx_word' id='word_1_65' title='bbox 1014 154 1075 177; x_wconf 79' lang='lat' dir='ltr'>Vll.</span> <span class='ocrx_word' id='word_1_66' title='bbox 1105 154 1222 176; x_wconf 77' lang='lat' dir='ltr'>HOMtL.</span> <span class='ocrx_word' id='word_1_67' title='bbox 1252 154 1326 177; x_wconf 73' lang='lat' dir='ltr'>xiil.</span> 
     </span>
    </p>
   </div>
   <div class='ocr_carea' id='block_1_5' title="bbox 923 147 1674 1027">
    <p class='ocr_par' dir='ltr' id='par_1_5' title="bbox 923 147 1674 853">
     <span class='ocr_line' id='line_1_11' title="bbox 1607 147 1672 192; baseline 0 -14"><span class='ocrx_word' id='word_1_68' title='bbox 1607 147 1672 192; x_wconf 68' lang='lat'>¹93</span> 
     </span>
     <span class='ocr_line' id='line_1_12' title="bbox 923 214 1672 256; baseline 0.004 -13"><span class='ocrx_word' id='word_1_69' title='bbox 923 222 948 244; x_wconf 83' lang='lat' dir='ltr'>et</span> <span class='ocrx_word' id='word_1_70' title='bbox 962 215 997 244; x_wconf 88' lang='lat' dir='ltr'>ab</span> <span class='ocrx_word' id='word_1_71' title='bbox 1013 226 1042 243; x_wconf 88' lang='grc'>00</span> <span class='ocrx_word' id='word_1_72' title='bbox 1056 214 1214 253; x_wconf 84' lang='lat' dir='ltr'>distinguat.</span> <span class='ocrx_word' id='word_1_73' title='bbox 1234 215 1422 243; x_wconf 71' lang='lat' dir='ltr'>Infirmitatem</span> <span class='ocrx_word' id='word_1_74' title='bbox 1441 222 1529 244; x_wconf 84' lang='lat' dir='ltr'>autem</span> <span class='ocrx_word' id='word_1_75' title='bbox 1552 224 1597 245; x_wconf 89' lang='lat' dir='ltr'>aut</span> <span class='ocrx_word' id='word_1_76' title='bbox 1613 228 1672 256; x_wconf 88' lang='lat' dir='ltr'>pcc-</span> 
     </span>
     <span class='ocr_line' id='line_1_13' title="bbox 924 260 1672 297; baseline 0.001 -7"><span class='ocrx_word' id='word_1_77' title='bbox 924 268 1013 290; x_wconf 85' lang='lat' dir='ltr'>catum</span> <span class='ocrx_word' id='word_1_78' title='bbox 1036 261 1104 289; x_wconf 88' lang='lat' dir='ltr'>dicit</span> <span class='ocrx_word' id='word_1_79' title='bbox 1126 267 1173 288; x_wconf 82' lang='lat' dir='ltr'>aut</span> <span class='ocrx_word' id='word_1_80' title='bbox 1197 267 1320 290; x_wconf 87' lang='lat' dir='ltr'>mortem.</span> <span class='ocrx_word' id='word_1_81' title='bbox 1349 260 1422 296; x_wconf 84' lang='lat' dir='ltr'>Quid</span> <span class='ocrx_word' id='word_1_82' title='bbox 1448 268 1487 290; x_wconf 90' lang='lat' dir='ltr'>est</span> <span class='ocrx_word' id='word_1_83' title='bbox 1510 269 1620 297; x_wconf 76' lang='lat' dir='ltr'>autem,</span> <span class='ocrx_word' id='word_1_84' title='bbox 1635 265 1672 291; x_wconf 86' lang='lat' dir='ltr'>ln</span> 
     </span>
     <span class='ocr_line' id='line_1_14' title="bbox 924 306 1671 347; baseline 0 -11"><span class='ocrx_word' id='word_1_85' title='bbox 924 314 1063 336; x_wconf 73' lang='lat' dir='ltr'>(eternum</span> <span class='ocrx_word' id='word_1_86' title='bbox 1073 307 1085 335; x_wconf 76' lang='lat'>.⁰</span> <span class='ocrx_word' id='word_1_87' title='bbox 1096 308 1154 336; x_wconf 90' lang='lat' dir='ltr'>Non</span> <span class='ocrx_word' id='word_1_88' title='bbox 1167 306 1254 335; x_wconf 88' lang='lat' dir='ltr'>solum</span> <span class='ocrx_word' id='word_1_89' title='bbox 1268 317 1339 335; x_wconf 87' lang='lat' dir='ltr'>nunc</span> <span class='ocrx_word' id='word_1_90' title='bbox 1352 308 1421 336; x_wconf 89' lang='lat' dir='ltr'>nulli</span> <span class='ocrx_word' id='word_1_91' title='bbox 1433 315 1541 347; x_wconf 85' lang='lat' dir='ltr'>peccato</span> <span class='ocrx_word' id='word_1_92' title='bbox 1552 309 1671 345; x_wconf 82' lang='lat' dir='ltr'>affinem,</span> 
     </span>
     <span class='ocr_line' id='line_1_15' title="bbox 924 353 1673 393; baseline 0.001 -11"><span class='ocrx_word' id='word_1_93' title='bbox 924 353 971 382; x_wconf 83' lang='lat' dir='ltr'>sed</span> <span class='ocrx_word' id='word_1_94' title='bbox 993 364 1108 393; x_wconf 87' lang='lat' dir='ltr'>semper.</span> <span class='ocrx_word' id='word_1_95' title='bbox 1135 353 1164 382; x_wconf 85' lang='lat' dir='ltr'>Si</span> <span class='ocrx_word' id='word_1_96' title='bbox 1185 363 1247 391; x_wconf 87' lang='lat' dir='ltr'>ergo</span> <span class='ocrx_word' id='word_1_97' title='bbox 1263 359 1301 381; x_wconf 86' lang='lat' dir='ltr'>est</span> <span class='ocrx_word' id='word_1_98' title='bbox 1316 354 1452 392; x_wconf 78' lang='lat' dir='ltr'>perfectus</span> <span class='ocrx_word' id='word_1_99' title='bbox 1463 377 1470 391; x_wconf 83' lang='lat'><strong><em>,</em></strong></span> <span class='ocrx_word' id='word_1_100' title='bbox 1486 354 1507 383; x_wconf 90' lang='lat' dir='ltr'>si</span> <span class='ocrx_word' id='word_1_101' title='bbox 1523 365 1673 393; x_wconf 80' lang='lat' dir='ltr'><strong>numquam</strong></span> 
     </span>
     <span class='ocr_line' id='line_1_16' title="bbox 925 399 1670 441; baseline 0.001 -12"><span class='ocrx_word' id='word_1_102' title='bbox 925 408 1015 440; x_wconf 85' lang='lat' dir='ltr'>peccat</span> <span class='ocrx_word' id='word_1_103' title='bbox 1026 424 1032 436; x_wconf 90' lang='lat'>‚</span> <span class='ocrx_word' id='word_1_104' title='bbox 1047 401 1068 429; x_wconf 89' lang='lat' dir='ltr'>si</span> <span class='ocrx_word' id='word_1_105' title='bbox 1080 410 1185 439; x_wconf 82' lang='lat' dir='ltr'><strong>semper</strong></span> <span class='ocrx_word' id='word_1_106' title='bbox 1199 399 1288 435; x_wconf 79' lang='lat' dir='ltr'>vivit,</span> <span class='ocrx_word' id='word_1_107' title='bbox 1303 411 1350 428; x_wconf 88' lang='lat' dir='ltr'>cur</span> <span class='ocrx_word' id='word_1_108' title='bbox 1361 411 1410 439; x_wconf 89' lang='lat' dir='ltr'>pro</span> <span class='ocrx_word' id='word_1_109' title='bbox 1427 401 1504 430; x_wconf 86' lang='lat' dir='ltr'>nobis</span> <span class='ocrx_word' id='word_1_110' title='bbox 1518 413 1589 441; x_wconf 62' lang='lat' dir='ltr'>saepe</span> <span class='ocrx_word' id='word_1_111' title='bbox 1602 402 1670 431; x_wconf 82' lang='lat' dir='ltr'>ofse-</span> 
     </span>
     <span class='ocr_line' id='line_1_17' title="bbox 926 445 1670 484; baseline 0.001 -8"><span class='ocrx_word' id='word_1_112' title='bbox 926 454 964 476; x_wconf 77' lang='grc'>101</span> <span class='ocrx_word' id='word_1_113' title='bbox 988 446 1140 476; x_wconf 71' lang='lat' dir='ltr'>sacrificia?</span> <span class='ocrx_word' id='word_1_114' title='bbox 1155 445 1208 474; x_wconf 87' lang='lat' dir='ltr'>Sed</span> <span class='ocrx_word' id='word_1_115' title='bbox 1227 445 1334 474; x_wconf 78' lang='lat' dir='ltr'>interim</span> <span class='ocrx_word' id='word_1_116' title='bbox 1356 446 1465 484; x_wconf 89' lang='lat' dir='ltr'>quidem</span> <span class='ocrx_word' id='word_1_117' title='bbox 1491 447 1526 476; x_wconf 92' lang='lat' dir='ltr'>de</span> <span class='ocrx_word' id='word_1_118' title='bbox 1550 448 1602 476; x_wconf 92' lang='lat' dir='ltr'>hoe</span> <span class='ocrx_word' id='word_1_119' title='bbox 1620 459 1670 477; x_wconf 90' lang='lat' dir='ltr'>nou</span> 
     </span>
     <span class='ocr_line' id='line_1_18' title="bbox 925 491 1672 530; baseline 0 -8"><span class='ocrx_word' id='word_1_120' title='bbox 925 492 1062 522; x_wconf 77' lang='lat' dir='ltr'><strong>contendit</strong></span> <span class='ocrx_word' id='word_1_121' title='bbox 1075 515 1082 527; x_wconf 88' lang='lat'><em>‚</em></span> <span class='ocrx_word' id='word_1_122' title='bbox 1100 491 1147 520; x_wconf 91' lang='lat' dir='ltr'>sed</span> <span class='ocrx_word' id='word_1_123' title='bbox 1168 491 1240 530; x_wconf 89' lang='lat' dir='ltr'>quod</span> <span class='ocrx_word' id='word_1_124' title='bbox 1265 502 1314 530; x_wconf 81' lang='lat' dir='ltr'>pro</span> <span class='ocrx_word' id='word_1_125' title='bbox 1339 502 1367 520; x_wconf 91' lang='lat' dir='ltr'>se</span> <span class='ocrx_word' id='word_1_126' title='bbox 1391 492 1505 529; x_wconf 75' lang='lat' dir='ltr'>offerat,</span> <span class='ocrx_word' id='word_1_127' title='bbox 1530 493 1581 521; x_wconf 88' lang='lat' dir='ltr'>hoe</span> <span class='ocrx_word' id='word_1_128' title='bbox 1600 504 1672 522; x_wconf 86' lang='lat' dir='ltr'>asse—</span> 
     </span>
     <span class='ocr_line' id='line_1_19' title="bbox 925 537 1671 577; baseline 0 -10"><span class='ocrx_word' id='word_1_129' title='bbox 925 539 968 567; x_wconf 86' lang='lat' dir='ltr'>rit.</span> <span class='ocrx_word' id='word_1_130' title='bbox 992 538 1127 575; x_wconf 76' lang='lat' dir='ltr'>Quoniam</span> <span class='ocrx_word' id='word_1_131' title='bbox 1150 548 1213 576; x_wconf 80' lang='lat' dir='ltr'>ergo</span> <span class='ocrx_word' id='word_1_132' title='bbox 1240 537 1319 566; x_wconf 88' lang='lat' dir='ltr'>talem</span> <span class='ocrx_word' id='word_1_133' title='bbox 1344 537 1476 566; x_wconf 86' lang='lat' dir='ltr'>habemus</span> <span class='ocrx_word' id='word_1_134' title='bbox 1491 539 1647 577; x_wconf 84' lang='lat' dir='ltr'>pontificem</span> <span class='ocrx_word' id='word_1_135' title='bbox 1665 562 1671 573; x_wconf 91' lang='grc'>,</span> 
     </span>
     <span class='ocr_line' id='line_1_20' title="bbox 923 583 1674 623; baseline 0.001 -10"><span class='ocrx_word' id='word_1_136' title='bbox 923 596 983 613; x_wconf 86' lang='grc'><strong>011111</strong></span> <span class='ocrx_word' id='word_1_137' title='bbox 998 585 1151 621; x_wconf 82' lang='lat' dir='ltr'>imitemur,</span> <span class='ocrx_word' id='word_1_138' title='bbox 1167 584 1225 623; x_wconf 85' lang='lat' dir='ltr'>ejus</span> <span class='ocrx_word' id='word_1_139' title='bbox 1239 583 1394 612; x_wconf 82' lang='lat' dir='ltr'>insistamus</span> <span class='ocrx_word' id='word_1_140' title='bbox 1413 585 1543 623; x_wconf 81' lang='lat' dir='ltr'>vestigiis.</span> <span class='ocrx_word' id='word_1_141' title='bbox 1561 586 1620 613; x_wconf 91' lang='lat' dir='ltr'>Non</span> <span class='ocrx_word' id='word_1_142' title='bbox 1633 592 1674 614; x_wconf 84' lang='lat' dir='ltr'>est</span> 
     </span>
     <span class='ocr_line' id='line_1_21' title="bbox 923 630 1672 670; baseline 0 -11"><span class='ocrx_word' id='word_1_143' title='bbox 923 631 1000 659; x_wconf 83' lang='lat' dir='ltr'>aliud</span> <span class='ocrx_word' id='word_1_144' title='bbox 1025 630 1187 659; x_wconf 83' lang='lat' dir='ltr'>sacrificium</span> <span class='ocrx_word' id='word_1_145' title='bbox 1203 641 1209 657; x_wconf 87' lang='lat'>:</span> <span class='ocrx_word' id='word_1_146' title='bbox 1225 640 1309 658; x_wconf 85' lang='lat' dir='ltr'>unum</span> <span class='ocrx_word' id='word_1_147' title='bbox 1332 640 1379 658; x_wconf 90' lang='lat' dir='ltr'>nos</span> <span class='ocrx_word' id='word_1_148' title='bbox 1402 631 1552 670; x_wconf 83' lang='lat' dir='ltr'>purgavit;</span> <span class='ocrx_word' id='word_1_149' title='bbox 1582 638 1672 670; x_wconf 88' lang='lat' dir='ltr'>postea</span> 
     </span>
     <span class='ocr_line' id='line_1_22' title="bbox 923 676 1670 716; baseline 0 -11"><span class='ocrx_word' id='word_1_150' title='bbox 923 685 1011 706; x_wconf 86' lang='lat' dir='ltr'>autem</span> <span class='ocrx_word' id='word_1_151' title='bbox 1027 677 1097 715; x_wconf 82' lang='lat' dir='ltr'>iguis</span> <span class='ocrx_word' id='word_1_152' title='bbox 1109 684 1133 705; x_wconf 88' lang='lat' dir='ltr'>ct</span> <span class='ocrx_word' id='word_1_153' title='bbox 1150 676 1278 715; x_wconf 80' lang='lat' dir='ltr'><strong>gehenna.</strong></span> <span class='ocrx_word' id='word_1_154' title='bbox 1292 677 1435 716; x_wconf 79' lang='lat' dir='ltr'>Propterea</span> <span class='ocrx_word' id='word_1_155' title='bbox 1456 677 1527 705; x_wconf 90' lang='lat' dir='ltr'>enim</span> <span class='ocrx_word' id='word_1_156' title='bbox 1543 677 1594 705; x_wconf 87' lang='lat' dir='ltr'>hoc</span> <span class='ocrx_word' id='word_1_157' title='bbox 1605 688 1670 705; x_wconf 84' lang='lat' dir='ltr'>sus-</span> 
     </span>
     <span class='ocr_line' id='line_1_23' title="bbox 923 721 1668 762; baseline 0 -11"><span class='ocrx_word' id='word_1_158' title='bbox 923 734 974 761; x_wconf 88' lang='lat' dir='ltr'>que</span> <span class='ocrx_word' id='word_1_159' title='bbox 988 724 1073 762; x_wconf 82' lang='lat' dir='ltr'>deque</span> <span class='ocrx_word' id='word_1_160' title='bbox 1088 729 1177 752; x_wconf 71' lang='lat' dir='ltr'>versat</span> <span class='ocrx_word' id='word_1_161' title='bbox 1190 745 1198 759; x_wconf 90' lang='lat'><strong><em>,</em></strong></span> <span class='ocrx_word' id='word_1_162' title='bbox 1216 721 1308 750; x_wconf 86' lang='lat' dir='ltr'>dicens</span> <span class='ocrx_word' id='word_1_163' title='bbox 1326 733 1409 750; x_wconf 91' lang='lat' dir='ltr'>unum</span> <span class='ocrx_word' id='word_1_164' title='bbox 1423 733 1479 751; x_wconf 87' lang='lat' dir='ltr'>esse</span> <span class='ocrx_word' id='word_1_165' title='bbox 1493 722 1668 757; x_wconf 75' lang='lat' dir='ltr'>sacerdotem,</span> 
     </span>
     <span class='ocr_line' id='line_1_24' title="bbox 924 767 1672 807; baseline 0 -10"><span class='ocrx_word' id='word_1_166' title='bbox 924 780 1007 797; x_wconf 86' lang='lat' dir='ltr'>unum</span> <span class='ocrx_word' id='word_1_167' title='bbox 1031 768 1207 805; x_wconf 80' lang='lat' dir='ltr'>sacrificium,</span> <span class='ocrx_word' id='word_1_168' title='bbox 1227 778 1259 796; x_wconf 85' lang='lat' dir='ltr'>ne</span> <span class='ocrx_word' id='word_1_169' title='bbox 1279 767 1414 807; x_wconf 79' lang='lat' dir='ltr'><strong>quispiam</strong></span> <span class='ocrx_word' id='word_1_170' title='bbox 1434 768 1591 798; x_wconf 77' lang='lat' dir='ltr'>existimans</span> <span class='ocrx_word' id='word_1_171' title='bbox 1615 779 1672 797; x_wconf 73' lang='grc'><strong>0550</strong></span> 
     </span>
     <span class='ocr_line' id='line_1_25' title="bbox 924 815 1244 853; baseline 0 -11"><span class='ocrx_word' id='word_1_172' title='bbox 924 815 1023 849; x_wconf 81' lang='lat' dir='ltr'>multa,</span> <span class='ocrx_word' id='word_1_173' title='bbox 1038 825 1131 842; x_wconf 89' lang='lat' dir='ltr'>secure</span> <span class='ocrx_word' id='word_1_174' title='bbox 1146 820 1244 853; x_wconf 83' lang='lat' dir='ltr'>peccet.</span> 
     </span>
    </p>

    <p class='ocr_par' dir='ltr' id='par_1_6' title="bbox 924 859 1670 1027">
     <span class='ocr_line' id='line_1_26' title="bbox 963 859 1670 899; baseline 0 -10"><span class='ocrx_word' id='word_1_175' title='bbox 963 862 992 889; x_wconf 60' lang='lat' dir='ltr'>l«.</span> <span class='ocrx_word' id='word_1_176' title='bbox 1013 861 1184 898; x_wconf 85' lang='lat' dir='ltr'>Quicumque</span> <span class='ocrx_word' id='word_1_177' title='bbox 1204 870 1267 897; x_wconf 76' lang='lat' dir='ltr'>ergo</span> <span class='ocrx_word' id='word_1_178' title='bbox 1283 859 1387 898; x_wconf 71' lang='lat' dir='ltr'>dignati</span> <span class='ocrx_word' id='word_1_179' title='bbox 1406 870 1498 888; x_wconf 89' lang='lat' dir='ltr'>sumus</span> <span class='ocrx_word' id='word_1_180' title='bbox 1518 860 1670 899; x_wconf 75' lang='lat' dir='ltr'>signaculo,</span> 
     </span>
     <span class='ocr_line' id='line_1_27' title="bbox 924 906 1669 945; baseline 0 -11"><span class='ocrx_word' id='word_1_181' title='bbox 924 906 1086 945; x_wconf 86' lang='lat' dir='ltr'>quicumque</span> <span class='ocrx_word' id='word_1_182' title='bbox 1110 906 1277 944; x_wconf 80' lang='lat' dir='ltr'>percepimus</span> <span class='ocrx_word' id='word_1_183' title='bbox 1298 906 1417 934; x_wconf 88' lang='lat' dir='ltr'>fructum</span> <span class='ocrx_word' id='word_1_184' title='bbox 1440 906 1582 940; x_wconf 84' lang='lat' dir='ltr'>sacrificii,</span> <span class='ocrx_word' id='word_1_185' title='bbox 1604 906 1669 944; x_wconf 85' lang='lat' dir='ltr'>qui-</span> 
     </span>
     <span class='ocr_line' id='line_1_28' title="bbox 924 951 1669 991; baseline 0 -11"><span class='ocrx_word' id='word_1_186' title='bbox 924 962 1040 989; x_wconf 82' lang='lat' dir='ltr'>cumque</span> <span class='ocrx_word' id='word_1_187' title='bbox 1053 951 1212 979; x_wconf 83' lang='lat' dir='ltr'>immortalis</span> <span class='ocrx_word' id='word_1_188' title='bbox 1228 962 1324 980; x_wconf 81' lang='lat' dir='ltr'>mensae</span> <span class='ocrx_word' id='word_1_189' title='bbox 1336 962 1428 980; x_wconf 89' lang='lat' dir='ltr'>sumus</span> <span class='ocrx_word' id='word_1_190' title='bbox 1442 951 1596 991; x_wconf 80' lang='lat' dir='ltr'>participes,</span> <span class='ocrx_word' id='word_1_191' title='bbox 1612 963 1669 980; x_wconf 88' lang='lat' dir='ltr'>ma-</span> 
     </span>
     <span class='ocr_line' id='line_1_29' title="bbox 924 997 1669 1027; baseline 0.001 -1"><span class='ocrx_word' id='word_1_192' title='bbox 924 1008 1034 1026; x_wconf 79' lang='lat' dir='ltr'><strong>neamus</strong></span> <span class='ocrx_word' id='word_1_193' title='bbox 1050 1003 1168 1025; x_wconf 86' lang='lat' dir='ltr'>nostram</span> <span class='ocrx_word' id='word_1_194' title='bbox 1188 1004 1323 1025; x_wconf 77' lang='lat' dir='ltr'>servantes</span> <span class='ocrx_word' id='word_1_195' title='bbox 1339 997 1507 1026; x_wconf 72' lang='lat' dir='ltr'>nobilitatem</span> <span class='ocrx_word' id='word_1_196' title='bbox 1530 1005 1556 1026; x_wconf 90' lang='lat' dir='ltr'>et</span> <span class='ocrx_word' id='word_1_197' title='bbox 1579 998 1669 1027; x_wconf 76' lang='lat' dir='ltr'>hono—</span> 
     </span>
    </p>
   </div>
   <div class='ocr_carea' id='block_1_6' title="bbox 101 1042 1823 1141">
    <p class='ocr_par' dir='ltr' id='par_1_7' title="bbox 101 1042 1823 1141">
     <span class='ocr_line' id='line_1_30' title="bbox 101 1042 1791 1086; baseline -0.002 -10"><span class='ocrx_word' id='word_1_198' title='bbox 101 1048 212 1086; x_wconf 85' lang='grc' dir='ltr'>μηδέπω</span> <span class='ocrx_word' id='word_1_199' title='bbox 226 1047 426 1082; x_wconf 74' lang='grc' dir='ltr'>κατηξιώθησαν</span> <span class='ocrx_word' id='word_1_200' title='bbox 440 1047 553 1081; x_wconf 76' lang='grc' dir='ltr'>τούτων,</span> <span class='ocrx_word' id='word_1_201' title='bbox 569 1047 636 1084; x_wconf 79' lang='grc' dir='ltr'>μηδὲ</span> <span class='ocrx_word' id='word_1_202' title='bbox 652 1042 722 1075; x_wconf 65' lang='grc' dir='ltr'>οὗτοι</span> <span class='ocrx_word' id='word_1_203' title='bbox 738 1047 780 1075; x_wconf 74' lang='grc' dir='ltr'>διὰ</span> <span class='ocrx_word' id='word_1_204' title='bbox 794 1049 870 1075; x_wconf 76' lang='grc' dir='ltr'>τοῦτο</span> <span class='ocrx_word' id='word_1_205' title='bbox 924 1055 980 1073; x_wconf 88' lang='lat' dir='ltr'>rem</span> <span class='ocrx_word' id='word_1_206' title='bbox 994 1056 1000 1071; x_wconf 90' lang='lat'>:</span> <span class='ocrx_word' id='word_1_207' title='bbox 1013 1054 1065 1072; x_wconf 91' lang='lat' dir='ltr'>non</span> <span class='ocrx_word' id='word_1_208' title='bbox 1088 1050 1126 1071; x_wconf 80' lang='lat' dir='ltr'>est</span> <span class='ocrx_word' id='word_1_209' title='bbox 1143 1044 1215 1071; x_wconf 86' lang='lat' dir='ltr'>enim</span> <span class='ocrx_word' id='word_1_210' title='bbox 1238 1043 1327 1081; x_wconf 83' lang='lat' dir='ltr'>lapsus</span> <span class='ocrx_word' id='word_1_211' title='bbox 1348 1053 1444 1081; x_wconf 81' lang='lat' dir='ltr'>expers</span> <span class='ocrx_word' id='word_1_212' title='bbox 1459 1044 1580 1083; x_wconf 87' lang='lat' dir='ltr'>periculi.</span> <span class='ocrx_word' id='word_1_213' title='bbox 1597 1045 1667 1079; x_wconf 89' lang='lat' dir='ltr'>Qui·</span> <span class='ocrx_word' id='word_1_214' title='bbox 1710 1051 1791 1074; x_wconf 70' lang='lat' dir='ltr'>Coun..</span> 
     </span>
     <span class='ocr_line' id='line_1_31' title="bbox 101 1086 1823 1141; baseline -0.001 -20"><span class='ocrx_word' id='word_1_215' title='bbox 101 1093 293 1133; x_wconf 76' lang='grc' dir='ltr'>θαῤῥείτωσαν·</span> <span class='ocrx_word' id='word_1_216' title='bbox 309 1094 370 1121; x_wconf 81' lang='grc' dir='ltr'>ὅταν</span> <span class='ocrx_word' id='word_1_217' title='bbox 385 1092 436 1132; x_wconf 74' lang='grc' dir='ltr'>γάρ</span> <span class='ocrx_word' id='word_1_218' title='bbox 454 1105 493 1125; x_wconf 83' lang='grc' dir='ltr'>τις</span> <span class='ocrx_word' id='word_1_219' title='bbox 508 1092 551 1121; x_wconf 80' lang='grc' dir='ltr'>διὰ</span> <span class='ocrx_word' id='word_1_220' title='bbox 569 1096 645 1121; x_wconf 75' lang='grc' dir='ltr'>τοῦτο</span> <span class='ocrx_word' id='word_1_221' title='bbox 660 1092 815 1131; x_wconf 75' lang='grc' dir='ltr'>ἁμαρτάνῃ,</span> <span class='ocrx_word' id='word_1_222' title='bbox 828 1092 870 1120; x_wconf 77' lang='grc' dir='ltr'>ἵνα</span> <span class='ocrx_word' id='word_1_223' title='bbox 889 1099 906 1120; x_wconf 84' lang='grc'>1)</span> <span class='ocrx_word' id='word_1_224' title='bbox 925 1101 1039 1128; x_wconf 89' lang='lat' dir='ltr'>cumque</span> <span class='ocrx_word' id='word_1_225' title='bbox 1055 1096 1144 1118; x_wconf 85' lang='lat' dir='ltr'>autem</span> <span class='ocrx_word' id='word_1_226' title='bbox 1162 1089 1204 1117; x_wconf 88' lang='grc'><strong>1115</strong></span> <span class='ocrx_word' id='word_1_227' title='bbox 1219 1089 1340 1118; x_wconf 89' lang='lat' dir='ltr'>nondum</span> <span class='ocrx_word' id='word_1_228' title='bbox 1364 1096 1425 1118; x_wconf 83' lang='lat' dir='ltr'>sunt</span> <span class='ocrx_word' id='word_1_229' title='bbox 1447 1090 1568 1128; x_wconf 78' lang='lat' dir='ltr'>dignati,</span> <span class='ocrx_word' id='word_1_230' title='bbox 1592 1102 1625 1119; x_wconf 93' lang='lat' dir='ltr'>ne</span> <span class='ocrx_word' id='word_1_231' title='bbox 1647 1091 1667 1120; x_wconf 89' lang='lat' dir='ltr'>ii</span> <span class='ocrx_word' id='word_1_232' title='bbox 1679 1086 1823 1141; x_wconf 49' lang='lat' dir='ltr'>Zssi⁵snff::&#39;l&#39;¹·¹‘</span> 
     </span>
    </p>
   </div>
   <div class='ocr_carea' id='block_1_7' title="bbox 100 1138 873 1546">
    <p class='ocr_par' dir='ltr' id='par_1_8' title="bbox 100 1138 873 1546">
     <span class='ocr_line' id='line_1_32' title="bbox 100 1138 871 1177; baseline 0 -11"><span class='ocrx_word' id='word_1_233' title='bbox 100 1139 130 1168; x_wconf 81' lang='grc' dir='ltr'>τὸ</span> <span class='ocrx_word' id='word_1_234' title='bbox 151 1139 222 1177; x_wconf 84' lang='grc' dir='ltr'>ἅγιον</span> <span class='ocrx_word' id='word_1_235' title='bbox 243 1138 382 1177; x_wconf 74' lang='grc' dir='ltr'>βάπτισμα</span> <span class='ocrx_word' id='word_1_236' title='bbox 405 1138 469 1177; x_wconf 83' lang='grc' dir='ltr'>πρὸς</span> <span class='ocrx_word' id='word_1_237' title='bbox 491 1138 615 1177; x_wconf 78' lang='grc' dir='ltr'>ἐσχάταις</span> <span class='ocrx_word' id='word_1_238' title='bbox 636 1138 705 1177; x_wconf 66' lang='grc' dir='ltr'>λάῧῃ</span> <span class='ocrx_word' id='word_1_239' title='bbox 730 1142 786 1171; x_wconf 81' lang='grc' dir='ltr'>ταῖς</span> <span class='ocrx_word' id='word_1_240' title='bbox 807 1140 871 1166; x_wconf 81' lang='grc' dir='ltr'>ἀνα-</span> 
     </span>
     <span class='ocr_line' id='line_1_33' title="bbox 101 1184 871 1220; baseline 0 -8"><span class='ocrx_word' id='word_1_241' title='bbox 101 1189 205 1219; x_wconf 81' lang='grc' dir='ltr'>πνοαῖς,</span> <span class='ocrx_word' id='word_1_242' title='bbox 220 1184 347 1216; x_wconf 82' lang='grc' dir='ltr'>πολλάκις</span> <span class='ocrx_word' id='word_1_243' title='bbox 372 1185 418 1213; x_wconf 78' lang='grc' dir='ltr'>οὒκ</span> <span class='ocrx_word' id='word_1_244' title='bbox 440 1184 610 1218; x_wconf 80' lang='grc' dir='ltr'>ἐπιτεύξεται.</span> <span class='ocrx_word' id='word_1_245' title='bbox 631 1184 697 1220; x_wconf 74' lang='grc' dir='ltr'>Καὶ,</span> <span class='ocrx_word' id='word_1_246' title='bbox 713 1184 871 1213; x_wconf 74' lang='grc' dir='ltr'>πιστεύσατέ</span> 
     </span>
     <span class='ocr_line' id='line_1_34' title="bbox 103 1229 871 1268; baseline 0 -10"><span class='ocrx_word' id='word_1_247' title='bbox 103 1242 148 1267; x_wconf 78' lang='grc' dir='ltr'>μοι</span> <span class='ocrx_word' id='word_1_248' title='bbox 157 1252 164 1265; x_wconf 87' lang='lat'>,</span> <span class='ocrx_word' id='word_1_249' title='bbox 178 1231 206 1258; x_wconf 73' lang='grc' dir='ltr'>οὐ</span> <span class='ocrx_word' id='word_1_250' title='bbox 229 1230 316 1268; x_wconf 72' lang='grc' dir='ltr'>φοὸὦν</span> <span class='ocrx_word' id='word_1_251' title='bbox 331 1231 399 1267; x_wconf 71' lang='grc' dir='ltr'>ὑμᾶς</span> <span class='ocrx_word' id='word_1_252' title='bbox 413 1229 482 1268; x_wconf 76' lang='grc' dir='ltr'>λέγω</span> <span class='ocrx_word' id='word_1_253' title='bbox 490 1253 498 1266; x_wconf 89' lang='grc'>,</span> <span class='ocrx_word' id='word_1_254' title='bbox 511 1230 524 1259; x_wconf 81' lang='grc' dir='ltr'>ὃ</span> <span class='ocrx_word' id='word_1_255' title='bbox 539 1230 627 1268; x_wconf 82' lang='grc' dir='ltr'>μέλλω</span> <span class='ocrx_word' id='word_1_256' title='bbox 646 1230 744 1268; x_wconf 77' lang='grc' dir='ltr'>λέγειν’</span> <span class='ocrx_word' id='word_1_257' title='bbox 758 1229 871 1264; x_wconf 77' lang='grc' dir='ltr'>πολλοὺς</span> 
     </span>
     <span class='ocr_line' id='line_1_35' title="bbox 102 1271 871 1317; baseline 0.001 -13"><span class='ocrx_word' id='word_1_258' title='bbox 102 1271 159 1304; x_wconf 67' lang='grc' dir='ltr'>οἶδα</span> <span class='ocrx_word' id='word_1_259' title='bbox 173 1277 249 1304; x_wconf 74' lang='grc' dir='ltr'>τοῦτο</span> <span class='ocrx_word' id='word_1_260' title='bbox 264 1274 394 1308; x_wconf 74' lang='grc' dir='ltr'>παθόντας</span> <span class='ocrx_word' id='word_1_261' title='bbox 411 1275 462 1314; x_wconf 81' lang='grc' dir='ltr'>ἐγὼ</span> <span class='ocrx_word' id='word_1_262' title='bbox 473 1299 480 1311; x_wconf 83' lang='grc'>,</span> <span class='ocrx_word' id='word_1_263' title='bbox 494 1275 519 1305; x_wconf 86' lang='grc' dir='ltr'>οἳ</span> <span class='ocrx_word' id='word_1_264' title='bbox 532 1277 678 1317; x_wconf 75' lang='grc' dir='ltr'>προσδοκίᾳ</span> <span class='ocrx_word' id='word_1_265' title='bbox 695 1276 742 1314; x_wconf 76' lang='grc' dir='ltr'>μὲν</span> <span class='ocrx_word' id='word_1_266' title='bbox 755 1280 800 1305; x_wconf 77' lang='grc' dir='ltr'>τοῦ</span> <span class='ocrx_word' id='word_1_267' title='bbox 817 1288 871 1316; x_wconf 68' lang='grc' dir='ltr'>φω-</span> 
     </span>
     <span class='ocr_line' id='line_1_36' title="bbox 102 1320 872 1363; baseline 0.001 -14"><span class='ocrx_word' id='word_1_268' title='bbox 102 1320 228 1359; x_wconf 83' lang='grc' dir='ltr'>τίσματος</span> <span class='ocrx_word' id='word_1_269' title='bbox 249 1321 335 1350; x_wconf 76' lang='grc' dir='ltr'>πολλὰ</span> <span class='ocrx_word' id='word_1_270' title='bbox 355 1322 516 1360; x_wconf 70' lang='grc' dir='ltr'>ἡμάρτανον,</span> <span class='ocrx_word' id='word_1_271' title='bbox 530 1322 595 1361; x_wconf 80' lang='grc' dir='ltr'>πρὸς</span> <span class='ocrx_word' id='word_1_272' title='bbox 616 1323 643 1351; x_wconf 82' lang='grc' dir='ltr'>δὲ</span> <span class='ocrx_word' id='word_1_273' title='bbox 663 1325 696 1361; x_wconf 80' lang='grc' dir='ltr'>τῇ</span> <span class='ocrx_word' id='word_1_274' title='bbox 716 1323 805 1363; x_wconf 75' lang='grc' dir='ltr'>ἡμέρᾳ</span> <span class='ocrx_word' id='word_1_275' title='bbox 825 1326 872 1358; x_wconf 73' lang='grc' dir='ltr'>τ’ἧς</span> 
     </span>
     <span class='ocr_line' id='line_1_37' title="bbox 102 1367 872 1406; baseline 0.003 -11"><span class='ocrx_word' id='word_1_276' title='bbox 102 1368 226 1402; x_wconf 67' lang='grc' dir='ltr'>τελευτῆς</span> <span class='ocrx_word' id='word_1_277' title='bbox 246 1368 362 1402; x_wconf 64' lang='grc' dir='ltr'>ἀπῆλθον</span> <span class='ocrx_word' id='word_1_278' title='bbox 379 1367 457 1396; x_wconf 78' lang='grc' dir='ltr'>κενοί.</span> <span class='ocrx_word' id='word_1_279' title='bbox 475 1367 510 1396; x_wconf 77' lang='lat' dir='ltr'>‘O</span> <span class='ocrx_word' id='word_1_280' title='bbox 530 1367 580 1406; x_wconf 81' lang='grc' dir='ltr'>γὰρ</span> <span class='ocrx_word' id='word_1_281' title='bbox 599 1367 667 1400; x_wconf 78' lang='grc' dir='ltr'>Θεὸς</span> <span class='ocrx_word' id='word_1_282' title='bbox 683 1367 726 1397; x_wconf 73' lang='grc' dir='ltr'>διὰ</span> <span class='ocrx_word' id='word_1_283' title='bbox 745 1371 821 1397; x_wconf 78' lang='grc' dir='ltr'>τοῦτο</span> <span class='ocrx_word' id='word_1_284' title='bbox 842 1369 872 1398; x_wconf 78' lang='grc' dir='ltr'>τὸ</span> 
     </span>
     <span class='ocr_line' id='line_1_38' title="bbox 104 1412 871 1454; baseline 0.003 -13"><span class='ocrx_word' id='word_1_285' title='bbox 104 1412 243 1451; x_wconf 76' lang='grc' dir='ltr'>βάπτισμα</span> <span class='ocrx_word' id='word_1_286' title='bbox 265 1413 370 1447; x_wconf 70' lang='grc' dir='ltr'>ἔδωκεν,</span> <span class='ocrx_word' id='word_1_287' title='bbox 386 1413 428 1441; x_wconf 80' lang='grc' dir='ltr'>ἵνα</span> <span class='ocrx_word' id='word_1_288' title='bbox 449 1413 514 1452; x_wconf 82' lang='grc' dir='ltr'>λύσῃ</span> <span class='ocrx_word' id='word_1_289' title='bbox 533 1412 581 1446; x_wconf 82' lang='grc' dir='ltr'>τὰς</span> <span class='ocrx_word' id='word_1_290' title='bbox 604 1413 750 1453; x_wconf 82' lang='grc' dir='ltr'>ἁμαρτίας,</span> <span class='ocrx_word' id='word_1_291' title='bbox 765 1416 815 1454; x_wconf 79' lang='grc' dir='ltr'>οὐχ</span> <span class='ocrx_word' id='word_1_292' title='bbox 829 1414 871 1443; x_wconf 78' lang='grc' dir='ltr'>ἵνα</span> 
     </span>
     <span class='ocr_line' id='line_1_39' title="bbox 103 1458 872 1500; baseline 0.003 -13"><span class='ocrx_word' id='word_1_293' title='bbox 103 1458 202 1498; x_wconf 76' lang='grc' dir='ltr'>αὐξήσῃ</span> <span class='ocrx_word' id='word_1_294' title='bbox 218 1463 228 1474; x_wconf 75' lang='grc'>“</span> <span class='ocrx_word' id='word_1_295' title='bbox 239 1459 284 1491; x_wconf 79' lang='grc' dir='ltr'>τὰς</span> <span class='ocrx_word' id='word_1_296' title='bbox 299 1459 444 1498; x_wconf 75' lang='grc' dir='ltr'>ἁμαρτίας·</span> <span class='ocrx_word' id='word_1_297' title='bbox 464 1461 485 1487; x_wconf 78' lang='grc' dir='ltr'>εἰ</span> <span class='ocrx_word' id='word_1_298' title='bbox 505 1459 532 1487; x_wconf 80' lang='grc' dir='ltr'>δέ</span> <span class='ocrx_word' id='word_1_299' title='bbox 554 1471 594 1492; x_wconf 87' lang='grc' dir='ltr'>τις</span> <span class='ocrx_word' id='word_1_300' title='bbox 607 1459 690 1499; x_wconf 74' lang='grc' dir='ltr'>τούτῳ</span> <span class='ocrx_word' id='word_1_301' title='bbox 711 1460 872 1500; x_wconf 77' lang='grc' dir='ltr'>κεχρημένος</span> 
     </span>
     <span class='ocr_line' id='line_1_40' title="bbox 104 1504 873 1546; baseline 0.001 -13"><span class='ocrx_word' id='word_1_302' title='bbox 104 1504 144 1539; x_wconf 78' lang='grc' dir='ltr'>εἴη</span> <span class='ocrx_word' id='word_1_303' title='bbox 164 1504 228 1543; x_wconf 77' lang='grc' dir='ltr'>πρὸς</span> <span class='ocrx_word' id='word_1_304' title='bbox 249 1505 336 1533; x_wconf 76' lang='grc' dir='ltr'>ἄδειαν</span> <span class='ocrx_word' id='word_1_305' title='bbox 359 1507 405 1532; x_wconf 80' lang='grc' dir='ltr'>τοῦ</span> <span class='ocrx_word' id='word_1_306' title='bbox 428 1504 536 1533; x_wconf 76' lang='grc' dir='ltr'>πλείονα</span> <span class='ocrx_word' id='word_1_307' title='bbox 561 1505 730 1544; x_wconf 77' lang='grc' dir='ltr'>ἁμαρτάνειν,</span> <span class='ocrx_word' id='word_1_308' title='bbox 745 1506 873 1546; x_wconf 70' lang='grc' dir='ltr'>ῥᾳθυμίας</span> 
     </span>
    </p>
   </div>
   <div class='ocr_carea' id='block_1_8' title="bbox 924 1135 1813 1176">
    <p class='ocr_par' dir='ltr' id='par_1_9' title="bbox 924 1135 1813 1176">
     <span class='ocr_line' id='line_1_41' title="bbox 924 1135 1813 1176; baseline 0.002 -11"><span class='ocrx_word' id='word_1_309' title='bbox 924 1136 1033 1176; x_wconf 82' lang='lat' dir='ltr'>quidem</span> <span class='ocrx_word' id='word_1_310' title='bbox 1054 1142 1195 1175; x_wconf 88' lang='lat' dir='ltr'>propterea</span> <span class='ocrx_word' id='word_1_311' title='bbox 1215 1135 1368 1163; x_wconf 82' lang='lat' dir='ltr'>confidant:</span> <span class='ocrx_word' id='word_1_312' title='bbox 1387 1145 1448 1163; x_wconf 86' lang='lat' dir='ltr'>nam</span> <span class='ocrx_word' id='word_1_313' title='bbox 1467 1136 1574 1173; x_wconf 85' lang='lat' dir='ltr'>quando</span> <span class='ocrx_word' id='word_1_314' title='bbox 1590 1137 1667 1175; x_wconf 80' lang='lat' dir='ltr'>quis·</span> <span class='ocrx_word' id='word_1_315' title='bbox 1678 1144 1813 1167; x_wconf 71' lang='lat' dir='ltr'>differebant</span> 
     </span>
    </p>
   </div>
   <div class='ocr_carea' id='block_1_9' title="bbox 923 1182 1668 1311">
    <p class='ocr_par' dir='ltr' id='par_1_10' title="bbox 923 1182 1668 1311">
     <span class='ocr_line' id='line_1_42' title="bbox 924 1182 1657 1225; baseline 0 -12"><span class='ocrx_word' id='word_1_316' title='bbox 924 1185 997 1225; x_wconf 84' lang='lat' dir='ltr'>piam</span> <span class='ocrx_word' id='word_1_317' title='bbox 1009 1184 1069 1213; x_wconf 90' lang='lat' dir='ltr'>ideo</span> <span class='ocrx_word' id='word_1_318' title='bbox 1083 1190 1185 1223; x_wconf 78' lang='lat' dir='ltr'>peccat,</span> <span class='ocrx_word' id='word_1_319' title='bbox 1200 1190 1229 1211; x_wconf 90' lang='lat' dir='ltr'>ut</span> <span class='ocrx_word' id='word_1_320' title='bbox 1243 1189 1364 1211; x_wconf 85' lang='lat' dir='ltr'>sanctum</span> <span class='ocrx_word' id='word_1_321' title='bbox 1372 1182 1505 1222; x_wconf 82' lang='lat' dir='ltr'>baptisma</span> <span class='ocrx_word' id='word_1_322' title='bbox 1516 1184 1629 1224; x_wconf 81' lang='lat' dir='ltr'>accipiat</span> <span class='ocrx_word' id='word_1_323' title='bbox 1641 1185 1657 1213; x_wconf 86' lang='grc'>11</span> 
     </span>
     <span class='ocr_line' id='line_1_43' title="bbox 923 1229 1668 1269; baseline 0 -10"><span class='ocrx_word' id='word_1_324' title='bbox 923 1237 1043 1259; x_wconf 80' lang='lat' dir='ltr'>extrema</span> <span class='ocrx_word' id='word_1_325' title='bbox 1057 1229 1244 1269; x_wconf 81' lang='lat' dir='ltr'>respiratione,</span> <span class='ocrx_word' id='word_1_326' title='bbox 1262 1239 1333 1268; x_wconf 63' lang='lat' dir='ltr'>saepe</span> <span class='ocrx_word' id='word_1_327' title='bbox 1346 1238 1398 1256; x_wconf 93' lang='lat' dir='ltr'>non</span> <span class='ocrx_word' id='word_1_328' title='bbox 1419 1235 1581 1266; x_wconf 83' lang='lat' dir='ltr'>assequetur.</span> <span class='ocrx_word' id='word_1_329' title='bbox 1596 1230 1668 1259; x_wconf 85' lang='lat' dir='ltr'>Mihi</span> 
     </span>
     <span class='ocr_line' id='line_1_44' title="bbox 927 1272 1668 1311; baseline -0.003 -7"><span class='ocrx_word' id='word_1_330' title='bbox 927 1275 1027 1304; x_wconf 86' lang='lat' dir='ltr'>credite</span> <span class='ocrx_word' id='word_1_331' title='bbox 1041 1287 1046 1303; x_wconf 94' lang='lat'><strong>:</strong></span> <span class='ocrx_word' id='word_1_332' title='bbox 1061 1285 1112 1303; x_wconf 89' lang='lat' dir='ltr'>non</span> <span class='ocrx_word' id='word_1_333' title='bbox 1123 1285 1171 1303; x_wconf 84' lang='lat' dir='ltr'>vos</span> <span class='ocrx_word' id='word_1_334' title='bbox 1183 1281 1282 1302; x_wconf 84' lang='lat' dir='ltr'>terrens</span> <span class='ocrx_word' id='word_1_335' title='bbox 1295 1273 1356 1302; x_wconf 89' lang='lat' dir='ltr'>dico</span> <span class='ocrx_word' id='word_1_336' title='bbox 1367 1272 1439 1311; x_wconf 92' lang='lat' dir='ltr'>quod</span> <span class='ocrx_word' id='word_1_337' title='bbox 1454 1283 1514 1301; x_wconf 90' lang='lat' dir='ltr'>sum</span> <span class='ocrx_word' id='word_1_338' title='bbox 1527 1273 1649 1302; x_wconf 84' lang='lat' dir='ltr'>dicturus</span> <span class='ocrx_word' id='word_1_339' title='bbox 1662 1286 1668 1301; x_wconf 92' lang='lat'>:</span> 
     </span>
    </p>
   </div>
   <div class='ocr_carea' id='block_1_10' title="bbox 926 1319 1671 1549">
    <p class='ocr_par' dir='ltr' id='par_1_11' title="bbox 926 1319 1671 1549">
     <span class='ocr_line' id='line_1_45' title="bbox 927 1319 1670 1358; baseline -0.003 -8"><span class='ocrx_word' id='word_1_340' title='bbox 927 1321 990 1351; x_wconf 83' lang='lat' dir='ltr'>novi</span> <span class='ocrx_word' id='word_1_341' title='bbox 1003 1321 1101 1350; x_wconf 89' lang='lat' dir='ltr'>multos</span> <span class='ocrx_word' id='word_1_342' title='bbox 1117 1320 1215 1358; x_wconf 87' lang='lat' dir='ltr'>quibus</span> <span class='ocrx_word' id='word_1_343' title='bbox 1229 1320 1280 1348; x_wconf 88' lang='grc' dir='ltr'>11οο</span> <span class='ocrx_word' id='word_1_344' title='bbox 1295 1319 1404 1356; x_wconf 83' lang='lat' dir='ltr'>accidit,</span> <span class='ocrx_word' id='word_1_345' title='bbox 1421 1319 1468 1358; x_wconf 88' lang='lat' dir='ltr'>qui</span> <span class='ocrx_word' id='word_1_346' title='bbox 1484 1326 1593 1358; x_wconf 87' lang='lat' dir='ltr'>propter</span> <span class='ocrx_word' id='word_1_347' title='bbox 1606 1319 1670 1348; x_wconf 87' lang='lat' dir='ltr'>illu-</span> 
     </span>
     <span class='ocr_line' id='line_1_46' title="bbox 926 1365 1670 1405; baseline -0.004 -9"><span class='ocrx_word' id='word_1_348' title='bbox 926 1367 1081 1396; x_wconf 84' lang='lat' dir='ltr'>minationis</span> <span class='ocrx_word' id='word_1_349' title='bbox 1100 1365 1211 1405; x_wconf 87' lang='lat' dir='ltr'>quidem</span> <span class='ocrx_word' id='word_1_350' title='bbox 1231 1365 1459 1405; x_wconf 78' lang='lat' dir='ltr'>exspectationem</span> <span class='ocrx_word' id='word_1_351' title='bbox 1476 1365 1560 1393; x_wconf 87' lang='lat' dir='ltr'>multa</span> <span class='ocrx_word' id='word_1_352' title='bbox 1577 1376 1670 1405; x_wconf 86' lang='lat' dir='ltr'>pecca-</span> 
     </span>
     <span class='ocr_line' id='line_1_47' title="bbox 926 1413 1668 1451; baseline -0.003 -7"><span class='ocrx_word' id='word_1_353' title='bbox 926 1416 1002 1451; x_wconf 82' lang='lat' dir='ltr'>bam,</span> <span class='ocrx_word' id='word_1_354' title='bbox 1023 1415 1050 1443; x_wconf 87' lang='lat' dir='ltr'>in</span> <span class='ocrx_word' id='word_1_355' title='bbox 1070 1415 1124 1443; x_wconf 88' lang='lat' dir='ltr'>fine</span> <span class='ocrx_word' id='word_1_356' title='bbox 1136 1421 1226 1443; x_wconf 87' lang='lat' dir='ltr'>autem</span> <span class='ocrx_word' id='word_1_357' title='bbox 1247 1414 1370 1442; x_wconf 83' lang='lat' dir='ltr'>decessus</span> <span class='ocrx_word' id='word_1_358' title='bbox 1385 1420 1554 1442; x_wconf 80' lang='lat' dir='ltr'>excesserunt</span> <span class='ocrx_word' id='word_1_359' title='bbox 1569 1413 1668 1443; x_wconf 85' lang='lat' dir='ltr'>inanes.</span> 
     </span>
     <span class='ocr_line' id='line_1_48' title="bbox 927 1459 1671 1500; baseline -0.003 -10"><span class='ocrx_word' id='word_1_360' title='bbox 927 1462 1000 1490; x_wconf 88' lang='lat' dir='ltr'>Deus</span> <span class='ocrx_word' id='word_1_361' title='bbox 1013 1461 1085 1490; x_wconf 90' lang='lat' dir='ltr'>enim</span> <span class='ocrx_word' id='word_1_362' title='bbox 1102 1467 1241 1500; x_wconf 84' lang='lat' dir='ltr'>propterea</span> <span class='ocrx_word' id='word_1_363' title='bbox 1255 1459 1331 1488; x_wconf 86' lang='lat' dir='ltr'>dedit</span> <span class='ocrx_word' id='word_1_364' title='bbox 1343 1459 1492 1499; x_wconf 80' lang='lat' dir='ltr'>baptisma,</span> <span class='ocrx_word' id='word_1_365' title='bbox 1513 1466 1542 1487; x_wconf 88' lang='lat' dir='ltr'>ut</span> <span class='ocrx_word' id='word_1_366' title='bbox 1555 1460 1671 1489; x_wconf 85' lang='lat' dir='ltr'>solveret</span> 
     </span>
     <span class='ocr_line' id='line_1_49' title="bbox 927 1508 1669 1549; baseline -0.001 -11"><span class='ocrx_word' id='word_1_367' title='bbox 927 1516 1045 1549; x_wconf 83' lang='lat' dir='ltr'>peccata,</span> <span class='ocrx_word' id='word_1_368' title='bbox 1062 1520 1114 1538; x_wconf 91' lang='grc'><strong>11011</strong></span> <span class='ocrx_word' id='word_1_369' title='bbox 1135 1515 1164 1537; x_wconf 83' lang='grc'>111</span> <span class='ocrx_word' id='word_1_370' title='bbox 1182 1515 1289 1548; x_wconf 88' lang='lat' dir='ltr'>peccata</span> <span class='ocrx_word' id='word_1_371' title='bbox 1311 1515 1419 1546; x_wconf 81' lang='lat' dir='ltr'>augeret</span> <span class='ocrx_word' id='word_1_372' title='bbox 1434 1520 1439 1535; x_wconf 93' lang='lat'>:</span> <span class='ocrx_word' id='word_1_373' title='bbox 1455 1508 1477 1536; x_wconf 91' lang='lat' dir='ltr'>si</span> <span class='ocrx_word' id='word_1_374' title='bbox 1500 1508 1560 1546; x_wconf 89' lang='lat' dir='ltr'>quis</span> <span class='ocrx_word' id='word_1_375' title='bbox 1580 1515 1669 1537; x_wconf 85' lang='lat' dir='ltr'>autem</span> 
     </span>
    </p>
   </div>
   <div class='ocr_carea' id='block_1_11' title="bbox 1658 1178 1791 1229">
    <p class='ocr_par' dir='ltr' id='par_1_12' title="bbox 1658 1178 1791 1229">
     <span class='ocr_line' id='line_1_50' title="bbox 1658 1178 1791 1213; baseline 0.023 -19"><span class='ocrx_word' id='word_1_376' title='bbox 1658 1196 1667 1213; x_wconf 54' lang='lat'>1</span> <span class='ocrx_word' id='word_1_377' title='bbox 1679 1182 1748 1204; x_wconf 77' lang='lat' dir='ltr'>usque</span> <span class='ocrx_word' id='word_1_378' title='bbox 1765 1178 1791 1197; x_wconf 82' lang='lat' dir='ltr'>ad</span> 
     </span>
     <span class='ocr_line' id='line_1_51' title="bbox 1679 1212 1782 1229; baseline 0.019 -3"><span class='ocrx_word' id='word_1_379' title='bbox 1679 1212 1782 1229; x_wconf 83' lang='lat' dir='ltr'>mortem.</span> 
     </span>
    </p>
   </div>
   <div class='ocr_carea' id='block_1_12' title="bbox 103 1549 1670 1637">
    <p class='ocr_par' dir='ltr' id='par_1_13' title="bbox 103 1549 1670 1637">
     <span class='ocr_line' id='line_1_52' title="bbox 103 1549 1670 1596; baseline 0.001 -17"><span class='ocrx_word' id='word_1_380' title='bbox 103 1551 193 1579; x_wconf 81' lang='grc' dir='ltr'>λοιπὸν</span> <span class='ocrx_word' id='word_1_381' title='bbox 208 1553 284 1579; x_wconf 80' lang='grc' dir='ltr'>τοῦτο</span> <span class='ocrx_word' id='word_1_382' title='bbox 302 1551 403 1589; x_wconf 79' lang='grc' dir='ltr'>γίνεται</span> <span class='ocrx_word' id='word_1_383' title='bbox 425 1551 517 1579; x_wconf 85' lang='grc' dir='ltr'>αἴτιον.</span> <span class='ocrx_word' id='word_1_384' title='bbox 533 1551 568 1579; x_wconf 85' lang='grc' dir='ltr'>Εἰ</span> <span class='ocrx_word' id='word_1_385' title='bbox 582 1550 634 1590; x_wconf 79' lang='grc' dir='ltr'>γὰρ</span> <span class='ocrx_word' id='word_1_386' title='bbox 657 1551 693 1588; x_wconf 76' lang='grc' dir='ltr'>μὴ</span> <span class='ocrx_word' id='word_1_387' title='bbox 709 1553 814 1591; x_wconf 76' lang='grc' dir='ltr'>λουτρὸν</span> <span class='ocrx_word' id='word_1_388' title='bbox 830 1549 871 1589; x_wconf 72' lang='grc' dir='ltr'>ἦν,</span> <span class='ocrx_word' id='word_1_389' title='bbox 882 1577 917 1596; x_wconf 58' lang='lat'>¹36</span> <span class='ocrx_word' id='word_1_390' title='bbox 928 1564 957 1583; x_wconf 86' lang='lat' dir='ltr'>eo</span> <span class='ocrx_word' id='word_1_391' title='bbox 972 1561 1065 1582; x_wconf 86' lang='lat' dir='ltr'>utatur</span> <span class='ocrx_word' id='word_1_392' title='bbox 1080 1560 1110 1582; x_wconf 88' lang='lat' dir='ltr'>ut</span> <span class='ocrx_word' id='word_1_393' title='bbox 1125 1564 1216 1583; x_wconf 89' lang='lat' dir='ltr'>secure</span> <span class='ocrx_word' id='word_1_394' title='bbox 1228 1553 1315 1592; x_wconf 83' lang='lat' dir='ltr'>magis</span> <span class='ocrx_word' id='word_1_395' title='bbox 1327 1559 1427 1592; x_wconf 86' lang='lat' dir='ltr'>peccet,</span> <span class='ocrx_word' id='word_1_396' title='bbox 1444 1552 1572 1581; x_wconf 80' lang='lat' dir='ltr'>socordiae</span> <span class='ocrx_word' id='word_1_397' title='bbox 1587 1558 1612 1580; x_wconf 87' lang='lat' dir='ltr'>et</span> <span class='ocrx_word' id='word_1_398' title='bbox 1626 1563 1670 1581; x_wconf 89' lang='lat' dir='ltr'>ne-</span> 
     </span>
     <span class='ocr_line' id='line_1_53' title="bbox 104 1596 1667 1637; baseline -0.001 -12"><span class='ocrx_word' id='word_1_399' title='bbox 104 1596 296 1635; x_wconf 71' lang='grc' dir='ltr'>ἀσφαλέστερον</span> <span class='ocrx_word' id='word_1_400' title='bbox 311 1596 374 1629; x_wconf 82' lang='grc' dir='ltr'>ἔζων</span> <span class='ocrx_word' id='word_1_401' title='bbox 391 1597 430 1632; x_wconf 79' lang='grc' dir='ltr'>ἂν,</span> <span class='ocrx_word' id='word_1_402' title='bbox 442 1599 476 1629; x_wconf 80' lang='grc' dir='ltr'>ὡς</span> <span class='ocrx_word' id='word_1_403' title='bbox 491 1598 537 1626; x_wconf 81' lang='grc' dir='ltr'>οὐκ</span> <span class='ocrx_word' id='word_1_404' title='bbox 554 1598 657 1636; x_wconf 63' lang='grc' dir='ltr'>ἔχοντες</span> <span class='ocrx_word' id='word_1_405' title='bbox 671 1597 772 1635; x_wconf 70' lang='grc' dir='ltr'>ἄφεσιν.</span> <span class='ocrx_word' id='word_1_406' title='bbox 791 1597 872 1636; x_wconf 72' lang='grc' dir='ltr'>Ὁρᾷς</span> <span class='ocrx_word' id='word_1_407' title='bbox 891 1606 909 1627; x_wconf 68' lang='grc' dir='ltr'>Α</span> <span class='ocrx_word' id='word_1_408' title='bbox 928 1597 1062 1637; x_wconf 83' lang='lat' dir='ltr'>gligentiae</span> <span class='ocrx_word' id='word_1_409' title='bbox 1081 1597 1132 1626; x_wconf 92' lang='lat' dir='ltr'>hoc</span> <span class='ocrx_word' id='word_1_410' title='bbox 1156 1598 1187 1627; x_wconf 85' lang='lat' dir='ltr'>fit</span> <span class='ocrx_word' id='word_1_411' title='bbox 1204 1608 1291 1626; x_wconf 86' lang='lat' dir='ltr'>causa.</span> <span class='ocrx_word' id='word_1_412' title='bbox 1308 1597 1377 1625; x_wconf 87' lang='lat' dir='ltr'>Nam</span> <span class='ocrx_word' id='word_1_413' title='bbox 1396 1596 1417 1625; x_wconf 90' lang='lat' dir='ltr'>si</span> <span class='ocrx_word' id='word_1_414' title='bbox 1437 1607 1489 1626; x_wconf 91' lang='lat' dir='ltr'>non</span> <span class='ocrx_word' id='word_1_415' title='bbox 1509 1603 1575 1625; x_wconf 86' lang='lat' dir='ltr'>esset</span> <span class='ocrx_word' id='word_1_416' title='bbox 1591 1596 1667 1625; x_wconf 81' lang='lat' dir='ltr'>lava-</span> 
     </span>
    </p>
   </div>
   <div class='ocr_carea' id='block_1_13' title="bbox 137 1687 1246 1818">
    <p class='ocr_par' dir='ltr' id='par_1_14' title="bbox 137 1687 1246 1818">
     <span class='ocr_line' id='line_1_54' title="bbox 137 1687 632 1722; baseline -0.004 -9"><span class='ocrx_word' id='word_1_417' title='bbox 137 1694 146 1706; x_wconf 88' lang='lat'>·</span> <span class='ocrx_word' id='word_1_418' title='bbox 165 1688 214 1718; x_wconf 53' lang='lat'>[225</span> <span class='ocrx_word' id='word_1_419' title='bbox 226 1687 444 1722; x_wconf 36' lang='lat' dir='ltr'>&amp;paphnucium</span> <span class='ocrx_word' id='word_1_420' title='bbox 454 1688 529 1713; x_wconf 64' lang='lat' dir='ltr'>haret</span> <span class='ocrx_word' id='word_1_421' title='bbox 542 1688 632 1720; x_wconf 63' lang='lat' dir='ltr'>savii]</span> 
     </span>
     <span class='ocr_line' id='line_1_55' title="bbox 520 1788 1246 1818; baseline 0.003 -2"><span class='ocrx_word' id='word_1_422' title='bbox 520 1788 696 1817; x_wconf 77' lang='lat' dir='ltr'>MUTIANO</span> <span class='ocrx_word' id='word_1_423' title='bbox 719 1788 972 1818; x_wconf 69' lang='lat' dir='ltr'>SCHOLASTICO</span> <span class='ocrx_word' id='word_1_424' title='bbox 994 1788 1246 1818; x_wconf 81' lang='lat' dir='ltr'><strong>INTERPRETE.</strong></span> 
     </span>
    </p>
   </div>
   <div class='ocr_carea' id='block_1_14' title="bbox 98 1884 1668 2593">
    <p class='ocr_par' dir='ltr' id='par_1_15' title="bbox 100 1884 1668 2212">
     <span class='ocr_line' id='line_1_56' title="bbox 102 1884 1665 1926; baseline -0.001 -10"><span class='ocrx_word' id='word_1_425' title='bbox 102 1887 301 1916; x_wconf 82' lang='lat' dir='ltr'>distinctionem</span> <span class='ocrx_word' id='word_1_426' title='bbox 312 1887 382 1915; x_wconf 79' lang='lat' dir='ltr'>servi</span> <span class='ocrx_word' id='word_1_427' title='bbox 391 1886 495 1915; x_wconf 88' lang='lat' dir='ltr'>dictum</span> <span class='ocrx_word' id='word_1_428' title='bbox 505 1893 552 1916; x_wconf 85' lang='lat' dir='ltr'>est.</span> <span class='ocrx_word' id='word_1_429' title='bbox 567 1887 754 1916; x_wconf 82' lang='lat' dir='ltr'>Infirmitatem</span> <span class='ocrx_word' id='word_1_430' title='bbox 768 1893 857 1916; x_wconf 87' lang='lat' dir='ltr'>autem</span> <span class='ocrx_word' id='word_1_431' title='bbox 868 1893 914 1916; x_wconf 87' lang='lat' dir='ltr'>aut</span> <span class='ocrx_word' id='word_1_432' title='bbox 930 1893 1068 1926; x_wconf 85' lang='lat' dir='ltr'>peccatum</span> <span class='ocrx_word' id='word_1_433' title='bbox 1076 1886 1147 1915; x_wconf 73' lang='lat' dir='ltr'>dixit</span> <span class='ocrx_word' id='word_1_434' title='bbox 1159 1893 1205 1914; x_wconf 80' lang='lat' dir='ltr'>aut</span> <span class='ocrx_word' id='word_1_435' title='bbox 1220 1892 1342 1915; x_wconf 85' lang='lat' dir='ltr'>mortem.</span> <span class='ocrx_word' id='word_1_436' title='bbox 1357 1884 1431 1920; x_wconf 88' lang='lat' dir='ltr'>Quid</span> <span class='ocrx_word' id='word_1_437' title='bbox 1444 1892 1483 1914; x_wconf 84' lang='lat' dir='ltr'>est</span> <span class='ocrx_word' id='word_1_438' title='bbox 1492 1908 1500 1923; x_wconf 89' lang='lat'><strong><em>,</em></strong></span> <span class='ocrx_word' id='word_1_439' title='bbox 1518 1887 1555 1914; x_wconf 87' lang='lat' dir='ltr'>In</span> <span class='ocrx_word' id='word_1_440' title='bbox 1567 1896 1665 1925; x_wconf 78' lang='lat' dir='ltr'>perpe·</span> 
     </span>
     <span class='ocr_line' id='line_1_57' title="bbox 102 1933 1666 1975; baseline -0.002 -11"><span class='ocrx_word' id='word_1_441' title='bbox 102 1942 182 1964; x_wconf 78' lang='lat' dir='ltr'>mum</span> <span class='ocrx_word' id='word_1_442' title='bbox 197 1938 209 1963; x_wconf 66' lang='lat'>:³</span> <span class='ocrx_word' id='word_1_443' title='bbox 223 1936 282 1964; x_wconf 86' lang='lat' dir='ltr'>Non</span> <span class='ocrx_word' id='word_1_444' title='bbox 298 1945 369 1963; x_wconf 88' lang='lat' dir='ltr'>nunc</span> <span class='ocrx_word' id='word_1_445' title='bbox 382 1934 470 1963; x_wconf 90' lang='lat' dir='ltr'>solum</span> <span class='ocrx_word' id='word_1_446' title='bbox 480 1934 536 1963; x_wconf 91' lang='grc'><strong>51110</strong></span> <span class='ocrx_word' id='word_1_447' title='bbox 549 1942 657 1974; x_wconf 87' lang='lat' dir='ltr'>peccato</span> <span class='ocrx_word' id='word_1_448' title='bbox 666 1957 674 1972; x_wconf 90' lang='lat'>,</span> <span class='ocrx_word' id='word_1_449' title='bbox 691 1935 737 1964; x_wconf 86' lang='lat' dir='ltr'>sed</span> <span class='ocrx_word' id='word_1_450' title='bbox 756 1945 869 1975; x_wconf 84' lang='lat' dir='ltr'>semper.</span> <span class='ocrx_word' id='word_1_451' title='bbox 882 1935 912 1964; x_wconf 90' lang='lat' dir='ltr'>Si</span> <span class='ocrx_word' id='word_1_452' title='bbox 925 1935 1009 1974; x_wconf 85' lang='lat' dir='ltr'>igitur</span> <span class='ocrx_word' id='word_1_453' title='bbox 1021 1934 1153 1974; x_wconf 88' lang='lat' dir='ltr'>perfectus</span> <span class='ocrx_word' id='word_1_454' title='bbox 1167 1940 1224 1971; x_wconf 81' lang='lat' dir='ltr'>est,</span> <span class='ocrx_word' id='word_1_455' title='bbox 1240 1933 1262 1962; x_wconf 88' lang='lat' dir='ltr'>si</span> <span class='ocrx_word' id='word_1_456' title='bbox 1276 1944 1425 1971; x_wconf 82' lang='lat' dir='ltr'>numquam</span> <span class='ocrx_word' id='word_1_457' title='bbox 1440 1940 1530 1972; x_wconf 86' lang='lat' dir='ltr'>peccat</span> <span class='ocrx_word' id='word_1_458' title='bbox 1540 1956 1547 1969; x_wconf 91' lang='lat'>‚</span> <span class='ocrx_word' id='word_1_459' title='bbox 1562 1943 1666 1972; x_wconf 87' lang='lat' dir='ltr'>semper</span> 
     </span>
     <span class='ocr_line' id='line_1_58' title="bbox 102 1981 1668 2023; baseline -0.002 -12"><span class='ocrx_word' id='word_1_460' title='bbox 102 1983 184 2019; x_wconf 74' lang='lat' dir='ltr'>vivit,</span> <span class='ocrx_word' id='word_1_461' title='bbox 194 1994 242 2012; x_wconf 92' lang='lat' dir='ltr'>cur</span> <span class='ocrx_word' id='word_1_462' title='bbox 251 1993 301 2023; x_wconf 84' lang='lat' dir='ltr'>pro</span> <span class='ocrx_word' id='word_1_463' title='bbox 317 1982 395 2011; x_wconf 88' lang='lat' dir='ltr'>nobis</span> <span class='ocrx_word' id='word_1_464' title='bbox 405 1983 499 2011; x_wconf 83' lang='lat' dir='ltr'>offerat</span> <span class='ocrx_word' id='word_1_465' title='bbox 514 1983 599 2012; x_wconf 84' lang='lat' dir='ltr'>multa</span> <span class='ocrx_word' id='word_1_466' title='bbox 611 1983 742 2012; x_wconf 84' lang='lat' dir='ltr'>sacrificia</span> <span class='ocrx_word' id='word_1_467' title='bbox 755 1983 832 2013; x_wconf 72' lang='lat' dir='ltr'>3‘Sed</span> <span class='ocrx_word' id='word_1_468' title='bbox 844 1983 948 2012; x_wconf 87' lang='lat' dir='ltr'>interim</span> <span class='ocrx_word' id='word_1_469' title='bbox 962 1982 996 2011; x_wconf 84' lang='lat' dir='ltr'>de</span> <span class='ocrx_word' id='word_1_470' title='bbox 1010 1983 1061 2011; x_wconf 90' lang='grc'><strong>1100</strong></span> <span class='ocrx_word' id='word_1_471' title='bbox 1075 1992 1127 2011; x_wconf 88' lang='grc'><strong>11011</strong></span> <span class='ocrx_word' id='word_1_472' title='bbox 1148 1981 1285 2011; x_wconf 84' lang='lat' dir='ltr'>contendit</span> <span class='ocrx_word' id='word_1_473' title='bbox 1297 2004 1305 2017; x_wconf 94' lang='lat'>,</span> <span class='ocrx_word' id='word_1_474' title='bbox 1319 1981 1366 2010; x_wconf 86' lang='lat' dir='ltr'>sed</span> <span class='ocrx_word' id='word_1_475' title='bbox 1380 1992 1429 2020; x_wconf 90' lang='lat' dir='ltr'>pro</span> <span class='ocrx_word' id='word_1_476' title='bbox 1439 1991 1470 2010; x_wconf 90' lang='lat' dir='ltr'>eo</span> <span class='ocrx_word' id='word_1_477' title='bbox 1482 2003 1489 2016; x_wconf 86' lang='lat'>,</span> <span class='ocrx_word' id='word_1_478' title='bbox 1503 1981 1566 2019; x_wconf 88' lang='lat' dir='ltr'>quia</span> <span class='ocrx_word' id='word_1_479' title='bbox 1581 1991 1630 2020; x_wconf 88' lang='lat' dir='ltr'>pro</span> <span class='ocrx_word' id='word_1_480' title='bbox 1640 1991 1668 2008; x_wconf 97' lang='grc'>50</span> 
     </span>
     <span class='ocr_line' id='line_1_59' title="bbox 101 2028 1668 2068; baseline -0.001 -10"><span class='ocrx_word' id='word_1_481' title='bbox 101 2029 263 2058; x_wconf 76' lang='lat' dir='ltr'>sacrificium</span> <span class='ocrx_word' id='word_1_482' title='bbox 275 2039 326 2058; x_wconf 89' lang='lat' dir='ltr'>non</span> <span class='ocrx_word' id='word_1_483' title='bbox 342 2029 468 2067; x_wconf 79' lang='lat' dir='ltr'>offerret,</span> <span class='ocrx_word' id='word_1_484' title='bbox 485 2029 535 2059; x_wconf 92' lang='lat' dir='ltr'>hoc</span> <span class='ocrx_word' id='word_1_485' title='bbox 548 2030 675 2059; x_wconf 82' lang='lat' dir='ltr'>affirmat.</span> <span class='ocrx_word' id='word_1_486' title='bbox 688 2030 824 2065; x_wconf 82' lang='lat' dir='ltr'>Quoniam</span> <span class='ocrx_word' id='word_1_487' title='bbox 837 2030 926 2068; x_wconf 87' lang='lat' dir='ltr'>itaque</span> <span class='ocrx_word' id='word_1_488' title='bbox 941 2029 1022 2058; x_wconf 88' lang='lat' dir='ltr'>talem</span> <span class='ocrx_word' id='word_1_489' title='bbox 1036 2029 1167 2058; x_wconf 86' lang='lat' dir='ltr'>habemus</span> <span class='ocrx_word' id='word_1_490' title='bbox 1182 2028 1336 2068; x_wconf 78' lang='lat' dir='ltr'>pontificem</span> <span class='ocrx_word' id='word_1_491' title='bbox 1349 2050 1357 2064; x_wconf 90' lang='lat'><strong>,</strong></span> <span class='ocrx_word' id='word_1_492' title='bbox 1370 2028 1506 2056; x_wconf 86' lang='lat' dir='ltr'>imitemur</span> <span class='ocrx_word' id='word_1_493' title='bbox 1521 2039 1595 2065; x_wconf 84' lang='lat' dir='ltr'>eum,</span> <span class='ocrx_word' id='word_1_494' title='bbox 1611 2029 1668 2067; x_wconf 84' lang='lat' dir='ltr'>ejus</span> 
     </span>
     <span class='ocr_line' id='line_1_60' title="bbox 100 2075 1662 2116; baseline 0 -11"><span class='ocrx_word' id='word_1_495' title='bbox 100 2077 213 2116; x_wconf 83' lang='lat' dir='ltr'>vestigia</span> <span class='ocrx_word' id='word_1_496' title='bbox 227 2087 431 2115; x_wconf 86' lang='lat' dir='ltr'>consequamur.</span> <span class='ocrx_word' id='word_1_497' title='bbox 449 2078 509 2106; x_wconf 91' lang='lat' dir='ltr'>Non</span> <span class='ocrx_word' id='word_1_498' title='bbox 529 2084 567 2106; x_wconf 88' lang='lat' dir='ltr'>est</span> <span class='ocrx_word' id='word_1_499' title='bbox 583 2077 657 2106; x_wconf 87' lang='lat' dir='ltr'>aliud</span> <span class='ocrx_word' id='word_1_500' title='bbox 683 2077 846 2106; x_wconf 86' lang='lat' dir='ltr'>sacrificium</span> <span class='ocrx_word' id='word_1_501' title='bbox 859 2101 865 2112; x_wconf 84' lang='lat'>,</span> <span class='ocrx_word' id='word_1_502' title='bbox 884 2088 967 2106; x_wconf 88' lang='lat' dir='ltr'>unum</span> <span class='ocrx_word' id='word_1_503' title='bbox 992 2087 1040 2106; x_wconf 85' lang='lat' dir='ltr'>nos</span> <span class='ocrx_word' id='word_1_504' title='bbox 1061 2076 1209 2116; x_wconf 82' lang='lat' dir='ltr'>purgavit;</span> <span class='ocrx_word' id='word_1_505' title='bbox 1225 2083 1285 2115; x_wconf 84' lang='lat' dir='ltr'>post</span> <span class='ocrx_word' id='word_1_506' title='bbox 1308 2075 1381 2104; x_wconf 83' lang='lat' dir='ltr'>istud</span> <span class='ocrx_word' id='word_1_507' title='bbox 1400 2075 1470 2114; x_wconf 85' lang='lat' dir='ltr'>ignis</span> <span class='ocrx_word' id='word_1_508' title='bbox 1492 2083 1516 2104; x_wconf 90' lang='grc'>01</span> <span class='ocrx_word' id='word_1_509' title='bbox 1533 2076 1662 2115; x_wconf 80' lang='lat' dir='ltr'>gehenna.</span> 
     </span>
     <span class='ocr_line' id='line_1_61' title="bbox 100 2123 1664 2164; baseline 0.001 -12"><span class='ocrx_word' id='word_1_510' title='bbox 100 2125 206 2153; x_wconf 89' lang='lat' dir='ltr'>Etenim</span> <span class='ocrx_word' id='word_1_511' title='bbox 221 2131 360 2164; x_wconf 86' lang='lat' dir='ltr'>propterea</span> <span class='ocrx_word' id='word_1_512' title='bbox 375 2136 482 2154; x_wconf 91' lang='lat' dir='ltr'>sursum</span> <span class='ocrx_word' id='word_1_513' title='bbox 493 2132 572 2164; x_wconf 88' lang='lat' dir='ltr'>atque</span> <span class='ocrx_word' id='word_1_514' title='bbox 585 2125 711 2154; x_wconf 89' lang='lat' dir='ltr'>deorsum</span> <span class='ocrx_word' id='word_1_515' title='bbox 723 2125 840 2155; x_wconf 86' lang='lat' dir='ltr'>revolvit</span> <span class='ocrx_word' id='word_1_516' title='bbox 852 2147 858 2160; x_wconf 81' lang='lat'>‚</span> <span class='ocrx_word' id='word_1_517' title='bbox 869 2126 961 2154; x_wconf 85' lang='lat' dir='ltr'>dicens</span> <span class='ocrx_word' id='word_1_518' title='bbox 976 2137 981 2153; x_wconf 96' lang='lat'>:</span> <span class='ocrx_word' id='word_1_519' title='bbox 994 2126 1086 2154; x_wconf 88' lang='lat' dir='ltr'>Unum</span> <span class='ocrx_word' id='word_1_520' title='bbox 1099 2123 1272 2160; x_wconf 84' lang='lat' dir='ltr'>sacerdotem,</span> <span class='ocrx_word' id='word_1_521' title='bbox 1283 2134 1367 2152; x_wconf 87' lang='lat' dir='ltr'>unum</span> <span class='ocrx_word' id='word_1_522' title='bbox 1377 2123 1550 2163; x_wconf 78' lang='lat' dir='ltr'>sacrificium,</span> <span class='ocrx_word' id='word_1_523' title='bbox 1563 2134 1596 2153; x_wconf 90' lang='grc'>110</span> <span class='ocrx_word' id='word_1_524' title='bbox 1605 2125 1664 2163; x_wconf 89' lang='lat' dir='ltr'>quis</span> 
     </span>
     <span class='ocr_line' id='line_1_62' title="bbox 100 2172 728 2212; baseline 0.003 -12"><span class='ocrx_word' id='word_1_525' title='bbox 100 2178 197 2210; x_wconf 85' lang='lat' dir='ltr'>putans</span> <span class='ocrx_word' id='word_1_526' title='bbox 210 2172 294 2201; x_wconf 81' lang='lat' dir='ltr'>multa</span> <span class='ocrx_word' id='word_1_527' title='bbox 307 2183 362 2201; x_wconf 87' lang='lat' dir='ltr'>esse</span> <span class='ocrx_word' id='word_1_528' title='bbox 373 2196 381 2210; x_wconf 85' lang='lat'>‚</span> <span class='ocrx_word' id='word_1_529' title='bbox 399 2172 455 2202; x_wconf 89' lang='lat' dir='ltr'>sine</span> <span class='ocrx_word' id='word_1_530' title='bbox 471 2173 567 2202; x_wconf 89' lang='lat' dir='ltr'>timore</span> <span class='ocrx_word' id='word_1_531' title='bbox 578 2173 728 2212; x_wconf 79' lang='lat' dir='ltr'>delinquat.</span> 
     </span>
    </p>

    <p class='ocr_par' dir='ltr' id='par_1_16' title="bbox 98 2220 1663 2593">
     <span class='ocr_line' id='line_1_63' title="bbox 140 2220 1663 2261; baseline 0.001 -13"><span class='ocrx_word' id='word_1_532' title='bbox 140 2221 278 2259; x_wconf 89' lang='lat' dir='ltr'>Quotquot</span> <span class='ocrx_word' id='word_1_533' title='bbox 292 2220 375 2259; x_wconf 79' lang='lat' dir='ltr'>igitur</span> <span class='ocrx_word' id='word_1_534' title='bbox 384 2220 460 2259; x_wconf 84' lang='lat' dir='ltr'>digni</span> <span class='ocrx_word' id='word_1_535' title='bbox 475 2221 539 2249; x_wconf 81' lang='lat' dir='ltr'>faeti</span> <span class='ocrx_word' id='word_1_536' title='bbox 552 2232 646 2250; x_wconf 88' lang='lat' dir='ltr'>sumus</span> <span class='ocrx_word' id='word_1_537' title='bbox 659 2222 809 2261; x_wconf 82' lang='lat' dir='ltr'>signaculo,</span> <span class='ocrx_word' id='word_1_538' title='bbox 824 2229 956 2260; x_wconf 88' lang='lat' dir='ltr'>quotquot</span> <span class='ocrx_word' id='word_1_539' title='bbox 967 2220 1114 2251; x_wconf 86' lang='lat' dir='ltr'>sacerdotio</span> <span class='ocrx_word' id='word_1_540' title='bbox 1125 2220 1203 2260; x_wconf 86' lang='lat' dir='ltr'>potiti</span> <span class='ocrx_word' id='word_1_541' title='bbox 1216 2230 1318 2256; x_wconf 87' lang='lat' dir='ltr'>sumus,</span> <span class='ocrx_word' id='word_1_542' title='bbox 1329 2226 1462 2258; x_wconf 90' lang='lat' dir='ltr'>quotquot</span> <span class='ocrx_word' id='word_1_543' title='bbox 1474 2230 1507 2249; x_wconf 83' lang='lat' dir='ltr'>ex</span> <span class='ocrx_word' id='word_1_544' title='bbox 1518 2220 1663 2250; x_wconf 77' lang='lat' dir='ltr'>immortali</span> 
     </span>
     <span class='ocr_line' id='line_1_64' title="bbox 100 2266 1663 2307; baseline 0.001 -12"><span class='ocrx_word' id='word_1_545' title='bbox 100 2277 188 2296; x_wconf 84' lang='lat' dir='ltr'>mensa</span> <span class='ocrx_word' id='word_1_546' title='bbox 198 2267 401 2307; x_wconf 83' lang='lat' dir='ltr'>participamur,</span> <span class='ocrx_word' id='word_1_547' title='bbox 409 2279 611 2307; x_wconf 80' lang='lat' dir='ltr'>permaneamus</span> <span class='ocrx_word' id='word_1_548' title='bbox 619 2268 797 2297; x_wconf 86' lang='lat' dir='ltr'>custodientes</span> <span class='ocrx_word' id='word_1_549' title='bbox 809 2268 1012 2307; x_wconf 83' lang='lat' dir='ltr'>generositatem</span> <span class='ocrx_word' id='word_1_550' title='bbox 1020 2275 1138 2297; x_wconf 79' lang='lat' dir='ltr'>nostram</span> <span class='ocrx_word' id='word_1_551' title='bbox 1147 2274 1171 2296; x_wconf 88' lang='lat' dir='ltr'>et</span> <span class='ocrx_word' id='word_1_552' title='bbox 1180 2267 1310 2296; x_wconf 89' lang='lat' dir='ltr'>honorem</span> <span class='ocrx_word' id='word_1_553' title='bbox 1319 2279 1324 2294; x_wconf 91' lang='lat'>:</span> <span class='ocrx_word' id='word_1_554' title='bbox 1334 2277 1386 2295; x_wconf 91' lang='lat' dir='ltr'>non</span> <span class='ocrx_word' id='word_1_555' title='bbox 1397 2266 1468 2295; x_wconf 90' lang='grc'><strong>0111111</strong></span> <span class='ocrx_word' id='word_1_556' title='bbox 1478 2267 1535 2296; x_wconf 89' lang='lat' dir='ltr'>sine</span> <span class='ocrx_word' id='word_1_557' title='bbox 1545 2268 1663 2307; x_wconf 89' lang='lat' dir='ltr'>periculo</span> 
     </span>
     <span class='ocr_line' id='line_1_65' title="bbox 99 2313 1663 2354; baseline 0.003 -12"><span class='ocrx_word' id='word_1_558' title='bbox 99 2321 137 2342; x_wconf 88' lang='lat' dir='ltr'>est</span> <span class='ocrx_word' id='word_1_559' title='bbox 152 2314 229 2343; x_wconf 85' lang='lat' dir='ltr'>nobis</span> <span class='ocrx_word' id='word_1_560' title='bbox 241 2314 329 2343; x_wconf 85' lang='lat' dir='ltr'>ruina.</span> <span class='ocrx_word' id='word_1_561' title='bbox 346 2314 486 2353; x_wconf 87' lang='lat' dir='ltr'>Quotquot</span> <span class='ocrx_word' id='word_1_562' title='bbox 500 2322 588 2344; x_wconf 82' lang='lat' dir='ltr'>autem</span> <span class='ocrx_word' id='word_1_563' title='bbox 605 2315 717 2344; x_wconf 87' lang='lat' dir='ltr'>necdum</span> <span class='ocrx_word' id='word_1_564' title='bbox 730 2315 806 2354; x_wconf 80' lang='lat' dir='ltr'>digni</span> <span class='ocrx_word' id='word_1_565' title='bbox 818 2315 882 2344; x_wconf 82' lang='lat' dir='ltr'>sacti</span> <span class='ocrx_word' id='word_1_566' title='bbox 893 2322 955 2344; x_wconf 89' lang='lat' dir='ltr'>sunt</span> <span class='ocrx_word' id='word_1_567' title='bbox 970 2315 1038 2351; x_wconf 86' lang='lat' dir='ltr'>istis,</span> <span class='ocrx_word' id='word_1_568' title='bbox 1047 2325 1133 2353; x_wconf 86' lang='lat' dir='ltr'>neque</span> <span class='ocrx_word' id='word_1_569' title='bbox 1148 2313 1198 2354; x_wconf 84' lang='lat' dir='ltr'>ipsi</span> <span class='ocrx_word' id='word_1_570' title='bbox 1215 2320 1353 2353; x_wconf 85' lang='lat' dir='ltr'>propterea</span> <span class='ocrx_word' id='word_1_571' title='bbox 1369 2321 1532 2352; x_wconf 59' lang='lat' dir='ltr'>praesumant</span> <span class='ocrx_word' id='word_1_572' title='bbox 1542 2316 1663 2353; x_wconf 88' lang='lat' dir='ltr'>:quando</span> 
     </span>
     <span class='ocr_line' id='line_1_66' title="bbox 98 2361 1661 2402; baseline 0.002 -12"><span class='ocrx_word' id='word_1_573' title='bbox 98 2362 169 2390; x_wconf 90' lang='lat' dir='ltr'>enim</span> <span class='ocrx_word' id='word_1_574' title='bbox 185 2361 244 2400; x_wconf 88' lang='lat' dir='ltr'>quis</span> <span class='ocrx_word' id='word_1_575' title='bbox 258 2369 398 2401; x_wconf 84' lang='lat' dir='ltr'>propterea</span> <span class='ocrx_word' id='word_1_576' title='bbox 419 2370 521 2402; x_wconf 87' lang='lat' dir='ltr'>peccat,</span> <span class='ocrx_word' id='word_1_577' title='bbox 534 2370 564 2392; x_wconf 90' lang='lat' dir='ltr'>ut</span> <span class='ocrx_word' id='word_1_578' title='bbox 578 2370 700 2392; x_wconf 86' lang='lat' dir='ltr'>sanctum</span> <span class='ocrx_word' id='word_1_579' title='bbox 714 2363 847 2402; x_wconf 81' lang='lat' dir='ltr'>baptisma</span> <span class='ocrx_word' id='word_1_580' title='bbox 863 2363 889 2392; x_wconf 91' lang='lat' dir='ltr'>in</span> <span class='ocrx_word' id='word_1_581' title='bbox 906 2363 1051 2392; x_wconf 83' lang='lat' dir='ltr'>novissima</span> <span class='ocrx_word' id='word_1_582' title='bbox 1067 2373 1114 2391; x_wconf 87' lang='lat' dir='ltr'>sua</span> <span class='ocrx_word' id='word_1_583' title='bbox 1131 2361 1312 2401; x_wconf 77' lang='lat' dir='ltr'>exspiratione</span> <span class='ocrx_word' id='word_1_584' title='bbox 1325 2361 1464 2400; x_wconf 83' lang='lat' dir='ltr'>suscipiat,</span> <span class='ocrx_word' id='word_1_585' title='bbox 1479 2362 1597 2392; x_wconf 68' lang='lat' dir='ltr'>Fortassis</span> <span class='ocrx_word' id='word_1_586' title='bbox 1610 2374 1661 2393; x_wconf 83' lang='lat' dir='ltr'>non</span> 
     </span>
     <span class='ocr_line' id='line_1_67' title="bbox 98 2409 1661 2450; baseline 0.001 -12"><span class='ocrx_word' id='word_1_587' title='bbox 98 2409 268 2450; x_wconf 84' lang='lat' dir='ltr'>adipiscitur.</span> <span class='ocrx_word' id='word_1_588' title='bbox 286 2410 321 2439; x_wconf 89' lang='lat' dir='ltr'>Et</span> <span class='ocrx_word' id='word_1_589' title='bbox 334 2410 434 2440; x_wconf 86' lang='lat' dir='ltr'>credite</span> <span class='ocrx_word' id='word_1_590' title='bbox 446 2411 526 2449; x_wconf 80' lang='lat' dir='ltr'>mihi,</span> <span class='ocrx_word' id='word_1_591' title='bbox 543 2422 594 2440; x_wconf 92' lang='lat' dir='ltr'>non</span> <span class='ocrx_word' id='word_1_592' title='bbox 609 2419 708 2440; x_wconf 87' lang='lat' dir='ltr'>terreus</span> <span class='ocrx_word' id='word_1_593' title='bbox 724 2422 772 2440; x_wconf 76' lang='lat' dir='ltr'>vos</span> <span class='ocrx_word' id='word_1_594' title='bbox 786 2411 857 2448; x_wconf 85' lang='lat' dir='ltr'>dico,</span> <span class='ocrx_word' id='word_1_595' title='bbox 871 2411 945 2450; x_wconf 85' lang='lat' dir='ltr'>quod</span> <span class='ocrx_word' id='word_1_596' title='bbox 956 2411 1080 2441; x_wconf 87' lang='lat' dir='ltr'>dicturus</span> <span class='ocrx_word' id='word_1_597' title='bbox 1098 2422 1157 2439; x_wconf 87' lang='lat' dir='ltr'>sum</span> <span class='ocrx_word' id='word_1_598' title='bbox 1170 2410 1285 2439; x_wconf 85' lang='lat' dir='ltr'>:multos</span> <span class='ocrx_word' id='word_1_599' title='bbox 1297 2410 1370 2444; x_wconf 74' lang='lat' dir='ltr'>novi,</span> <span class='ocrx_word' id='word_1_600' title='bbox 1385 2410 1431 2448; x_wconf 89' lang='lat' dir='ltr'>qui</span> <span class='ocrx_word' id='word_1_601' title='bbox 1443 2409 1493 2439; x_wconf 88' lang='grc'><strong>1100</strong></span> <span class='ocrx_word' id='word_1_602' title='bbox 1507 2410 1578 2449; x_wconf 84' lang='lat' dir='ltr'>passi</span> <span class='ocrx_word' id='word_1_603' title='bbox 1589 2420 1661 2447; x_wconf 88' lang='lat' dir='ltr'>sunt,</span> 
     </span>
     <span class='ocr_line' id='line_1_68' title="bbox 99 2457 1662 2498; baseline 0.003 -14"><span class='ocrx_word' id='word_1_604' title='bbox 99 2457 144 2495; x_wconf 85' lang='lat' dir='ltr'>qui</span> <span class='ocrx_word' id='word_1_605' title='bbox 155 2468 202 2497; x_wconf 90' lang='lat' dir='ltr'>spe</span> <span class='ocrx_word' id='word_1_606' title='bbox 215 2458 386 2498; x_wconf 76' lang='lat' dir='ltr'>baptismatis</span> <span class='ocrx_word' id='word_1_607' title='bbox 406 2459 491 2487; x_wconf 80' lang='lat' dir='ltr'>multa</span> <span class='ocrx_word' id='word_1_608' title='bbox 512 2459 667 2498; x_wconf 80' lang='lat' dir='ltr'>peccabant,</span> <span class='ocrx_word' id='word_1_609' title='bbox 686 2459 755 2488; x_wconf 85' lang='lat' dir='ltr'>circa</span> <span class='ocrx_word' id='word_1_610' title='bbox 773 2459 845 2488; x_wconf 85' lang='lat' dir='ltr'>diem</span> <span class='ocrx_word' id='word_1_611' title='bbox 862 2467 949 2488; x_wconf 88' lang='lat' dir='ltr'>autem</span> <span class='ocrx_word' id='word_1_612' title='bbox 974 2459 1067 2488; x_wconf 81' lang='lat' dir='ltr'>mortis</span> <span class='ocrx_word' id='word_1_613' title='bbox 1082 2458 1259 2487; x_wconf 81' lang='lat' dir='ltr'>discesserunt</span> <span class='ocrx_word' id='word_1_614' title='bbox 1276 2457 1363 2486; x_wconf 84' lang='lat' dir='ltr'>vacui.</span> <span class='ocrx_word' id='word_1_615' title='bbox 1378 2458 1449 2486; x_wconf 85' lang='lat' dir='ltr'>Deus</span> <span class='ocrx_word' id='word_1_616' title='bbox 1469 2457 1540 2486; x_wconf 89' lang='lat' dir='ltr'>enim</span> <span class='ocrx_word' id='word_1_617' title='bbox 1554 2466 1662 2498; x_wconf 86' lang='lat' dir='ltr'>propter</span> 
     </span>
     <span class='ocr_line' id='line_1_69' title="bbox 100 2504 1660 2545; baseline 0.002 -13"><span class='ocrx_word' id='word_1_618' title='bbox 100 2504 149 2533; x_wconf 88' lang='grc'><strong>1100</strong></span> <span class='ocrx_word' id='word_1_619' title='bbox 161 2505 293 2545; x_wconf 83' lang='lat' dir='ltr'>baptisma</span> <span class='ocrx_word' id='word_1_620' title='bbox 309 2506 421 2539; x_wconf 70' lang='lat' dir='ltr'>tribuit,</span> <span class='ocrx_word' id='word_1_621' title='bbox 438 2514 465 2535; x_wconf 88' lang='grc'>111</span> <span class='ocrx_word' id='word_1_622' title='bbox 479 2507 570 2535; x_wconf 74' lang='lat' dir='ltr'>abluat</span> <span class='ocrx_word' id='word_1_623' title='bbox 586 2514 703 2545; x_wconf 75' lang='lat' dir='ltr'>peccata.</span> <span class='ocrx_word' id='word_1_624' title='bbox 717 2518 767 2535; x_wconf 80' lang='lat' dir='ltr'>non</span> <span class='ocrx_word' id='word_1_625' title='bbox 783 2515 810 2536; x_wconf 89' lang='lat' dir='ltr'>ut</span> <span class='ocrx_word' id='word_1_626' title='bbox 826 2507 923 2536; x_wconf 86' lang='lat' dir='ltr'>addat:</span> <span class='ocrx_word' id='word_1_627' title='bbox 936 2508 958 2536; x_wconf 76' lang='lat' dir='ltr'>si</span> <span class='ocrx_word' id='word_1_628' title='bbox 974 2518 1036 2536; x_wconf 71' lang='lat' dir='ltr'>vcro</span> <span class='ocrx_word' id='word_1_629' title='bbox 1052 2507 1113 2545; x_wconf 83' lang='lat' dir='ltr'>quis</span> <span class='ocrx_word' id='word_1_630' title='bbox 1134 2506 1168 2534; x_wconf 84' lang='lat' dir='ltr'>ad</span> <span class='ocrx_word' id='word_1_631' title='bbox 1191 2506 1241 2534; x_wconf 88' lang='grc'><strong>1100</strong></span> <span class='ocrx_word' id='word_1_632' title='bbox 1261 2505 1422 2544; x_wconf 82' lang='lat' dir='ltr'>baptismate</span> <span class='ocrx_word' id='word_1_633' title='bbox 1443 2505 1528 2534; x_wconf 86' lang='lat' dir='ltr'>utitur</span> <span class='ocrx_word' id='word_1_634' title='bbox 1551 2513 1579 2534; x_wconf 86' lang='lat' dir='ltr'>ut</span> <span class='ocrx_word' id='word_1_635' title='bbox 1598 2517 1660 2535; x_wconf 77' lang='lat' dir='ltr'>aui-</span> 
     </span>
     <span class='ocr_line' id='line_1_70' title="bbox 102 2550 1659 2593; baseline 0.001 -14"><span class='ocrx_word' id='word_1_636' title='bbox 102 2550 184 2589; x_wconf 85' lang='lat' dir='ltr'>pliora</span> <span class='ocrx_word' id='word_1_637' title='bbox 201 2552 348 2592; x_wconf 66' lang='lat' dir='ltr'>delinquat,</span> <span class='ocrx_word' id='word_1_638' title='bbox 369 2553 457 2593; x_wconf 81' lang='lat' dir='ltr'>ipsum</span> <span class='ocrx_word' id='word_1_639' title='bbox 481 2555 510 2583; x_wconf 84' lang='lat' dir='ltr'>fit</span> <span class='ocrx_word' id='word_1_640' title='bbox 533 2554 700 2593; x_wconf 71' lang='lat' dir='ltr'>negligentia:</span> <span class='ocrx_word' id='word_1_641' title='bbox 727 2566 812 2584; x_wconf 76' lang='lat' dir='ltr'>causa.</span> <span class='ocrx_word' id='word_1_642' title='bbox 829 2555 857 2584; x_wconf 76' lang='lat' dir='ltr'>Si</span> <span class='ocrx_word' id='word_1_643' title='bbox 880 2555 950 2584; x_wconf 75' lang='lat' dir='ltr'>enim</span> <span class='ocrx_word' id='word_1_644' title='bbox 975 2566 1024 2583; x_wconf 89' lang='lat' dir='ltr'>non</span> <span class='ocrx_word' id='word_1_645' title='bbox 1048 2561 1113 2583; x_wconf 74' lang='lat' dir='ltr'>esset</span> <span class='ocrx_word' id='word_1_646' title='bbox 1139 2553 1174 2582; x_wconf 67' lang='lat' dir='ltr'>lm</span> <span class='ocrx_word' id='word_1_647' title='bbox 1184 2563 1275 2582; x_wconf 82' lang='lat' dir='ltr'>acrum</span> <span class='ocrx_word' id='word_1_648' title='bbox 1287 2575 1294 2589; x_wconf 88' lang='lat'>,</span> <span class='ocrx_word' id='word_1_649' title='bbox 1310 2552 1439 2582; x_wconf 87' lang='lat' dir='ltr'>munitius</span> <span class='ocrx_word' id='word_1_650' title='bbox 1464 2552 1584 2582; x_wconf 74' lang='lat' dir='ltr'>viverent</span> <span class='ocrx_word' id='word_1_651' title='bbox 1609 2564 1659 2583; x_wconf 84' lang='lat' dir='ltr'>non</span> 
     </span>
    </p>
   </div>
  </div>
 </body>
</html>
