1906 2846
244 203 311 250 3ss
585 213 613 235 s.
643 213 781 235 Jo-xums
809 214 989 235 cnursos'r.

243 279 335 314 ipsam
348 282 413 304 sunt
426 276 714 312 aret-citatijustitioe.
726 274 784 301 Non
798 274 926 307 fructum,
939 274 985 302 sed

243 324 345 350 fructus
358 322 444 355 dixit,
462 330 585 357 magnam
598 319 801 347 multitudinem
817 319 983 357 significans.

244 369 303 395 Per
311 369 403 404 ipsam
415 366 591 399 exercitatis,
600 364 703 402 inquit;
717 364 744 392 id
754 365 842 397 est,iis
852 365 899 402 qui
908 365 986 403 long-3

238 419 361 450 tempore
376 411 558 438 sustinuerunt
570 417 595 438 et
606 410 760 438 tolerarunt.
773 409 856 439 Vides
869 417 896 438 ut
907 411 986 440 etiam

105 460 230 487 ¹³¹⁵*15r1311ff
244 458 313 486 hono
324 457 405 485 verbo
416 463 454 484 cst
465 456 550 484 usus?
565 457 714 495 Disciplina
727 467 790 495 ergo
804 464 843 485 est
857 457 987 486 exercita-

91 491 154 510 !·.1..·.

243 505 291 538 tio,
307 504 402 531 fortem
416 502 529 531 reddens
545 502 683 537 athletam,
698 509 724 531 et
740 502 871 531 invictum
887 503 913 531 in
928 514 988 532 cei·-

242 549 404 583 taininibus,
430 555 454 577 ct
475 548 500 576 in
520 549 597 576 bellis
612 548 862 588 inexpugnabilem.
881 550 909 578 Si
924 560 987 587 ergo

241 594 328 621 omnis
345 593 488 631 disciplina
509 599 546 620 cst
562 593 633 627 talis,
652 592 709 621 haec
725 603 830 631 quoque
846 593 895 621 erit
917 593 985 623 talis.
1003 603 1021 625 C

241 639 421 674 Quamobrem
438 639 505 667 hona
521 646 583 666 sunt
597 639 791 677 exspectanda,
804 646 828 668 et
848 640 986 678 jucundus

241 686 304 714 linis
321 696 352 713 ac
376 692 496 724 pacatus.
516 686 571 713 Nee
595 685 699 713 mireris
725 686 747 713 si
767 696 828 713 cum
850 686 884 714 sit
899 685 984 721 dura,

240 732 342 760 fructus
364 731 458 759 habeat
479 730 570 759 dulces
594 743 599 758 :
620 741 680 759 nam
701 731 781 759 etiam
799 731 825 760 in
842 732 986 760 arboribus

239 785 330 805 cortex
342 777 450 815 quidem
468 783 505 805 est
521 787 604 815 prope
623 777 710 805 omnis
731 787 827 816 expers
848 778 985 815 qualitatis

238 830 261 851 et
274 834 367 862 asper,
385 823 486 851 fruetus
500 830 589 851 autem
604 830 666 851 sunt
681 823 784 852 dulces.
804 823 857 853 Sed
872 823 922 852 lioc
937 835 984 853 ac-

238 871 307 908 cepit
327 880 360 898 ex
377 870 514 898 communi
534 870 649 899 notione.
669 870 698 898 Si
720 877 823 909 oportet
842 881 905 909 ergo
920 872 984 900 talia

237 923 403 955 exspectare,
419 916 485 954 quid
500 916 596 945 doletis
611 917 624 945 Ξ)
638 927 685 945 cur
699 927 760 945 cum
772 918 883 946 molesta
898 919 983 947 susti—

238 964 349 992 nueritis
361 987 368 997 ,
383 965 409 992 in
426 964 504 993 bonis
518 965 615 1003 ignavo
629 972 653 993 et
669 965 779 994 remisso
790 966 880 994 animo
894 966 956 995 estis
970 967 983 994 Ξ)

237 1010 399 1049 Injucunda,
422 1021 482 1048 quae
501 1017 576 1039 erant
595 1011 714 1047 serenda,
738 1012 903 1041 sustinuistis
923 1024 928 1039 :
952 1022 984 1041 ne

237 1056 328 1095 ignavi
341 1067 405 1095 ergo
417 1064 442 1085 et
457 1056 561 1085 remissi
575 1057 633 1085 sitis
645 1057 715 1085 circa
730 1058 981 1086 remunerationem.

239 1104 363 1141 Propter
373 1104 452 1142 quod
463 1104 599 1131 remissas
612 1113 716 1132 manus
730 1110 756 1131 et
766 1114 864 1142 genua
874 1104 984 1132 debilia

237 1151 347 1187 erigite,
366 1155 393 1177 et
404 1158 518 1188 gressus
530 1155 623 1176 rectos
626 1149 724 1188 facite
732 1149 853 1187 pedibus
866 1150 982 1183 vestris,
1001 1160 1019 1181 ι)

237 1202 267 1223 ιιι
285 1205 343 1223 non
354 1195 526 1223 claudicans
542 1196 605 1233 quis
616 1201 702 1231 erret,
714 1196 807 1233 magis
821 1201 919 1223 autem
934 1205 982 1223 sa-

239 1248 332 1269 netur.
346 1241 400 1270 Eos
416 1247 553 1278 tamquam
570 1251 691 1269 cursores
703 1241 850 1279 alloquitur
861 1248 886 1270 et
899 1242 983 1281 pugi-

237 1289 275 1317 les
290 1296 315 1317 et
328 1289 481 1317 bellatores.
497 1288 581 1318 Vides
593 1289 729 1327 quomodo
740 1300 784 1317 eos
797 1296 897 1325 armet,
913 1300 983 1327 quo-

237 1335 318 1364 modo
328 1346 372 1364 cos
383 1335 499 1364 excitet?
512 1336 645 1371 Goessus,
659 1336 757 1374 inquit,
770 1338 963 1375 rectosjacite
971 1349 982 1369 ,-

238 1381 266 1409 id
285 1388 334 1416 est,
353 1392 404 1410 non
422 1381 584 1411 dubitantes.
604 1382 632 1411 Si
648 1383 717 1411 enim
738 1383 879 1422 disciplina
897 1390 982 1412 estex

238 1427 348 1455 caritate
358 1450 365 1462 ,
382 1427 404 1455 si
416 1427 510 1466 incipit
523 1440 537 1456 a
552 1439 632 1463 cura,
644 1428 665 1456 si
678 1428 775 1456 desinit
787 1428 812 1456 in
828 1429 928 1457 bonum
945 1429 981 1456 ss-

238 1483 299 1501 nem
321 1485 326 1500 :
348 1473 398 1501 hoc
417 1474 487 1502 enim
507 1481 531 1502 et
552 1485 599 1513 per
618 1485 669 1509 res,
685 1481 710 1502 et
724 1485 769 1513 per
785 1475 877 1509 verba,
894 1482 919 1503 et
936 1486 982 1514 per

990 1502 1026 1519 280

1023 215 1176 237 Attctttffl‘.
1207 217 1475 241 consTsx‘l'ffiOt‘.

1039 276 1118 310 αὐτῆς
1131 277 1369 315 γεγυμνασμένοιςς
1391 280 1454 311 Τοῖς
1470 280 1658 318 ἀνασχομένοις
1680 281 1724 310 ἐπὶ
1739 281 1805 310 πολὺ

1039 320 1083 347 καὶ
1107 322 1309 360 καρτερήσασιν.
1331 322 1413 362 Ὁρᾷς
1430 326 1486 356 πῶς
1508 324 1552 352 καὶ
1569 324 1678 363 εὐφήμῳ
1697 325 1806 363 ὀνόματι

1039 367 1183 405 κε’,ζρηταη
1196 367 1260 406 Ἄρα
1273 369 1405 406 γυμνασία
1417 369 1486 397 ἐστὶν
1499 372 1515 404 ἧ
1534 370 1636 398 παιδεία
1646 393 1653 405 ,
1668 370 1710 398 τὸν
1724 372 1808 405 ἀθλη-

1039 413 1086 447 τὴν
1102 414 1208 452 ἰσχυρὸν
1226 414 1384 453 ἐργαζομένη
1396 436 1402 448 ,
1416 415 1460 443 καὶ
1478 416 1692 455 ἀκαταγώνιστον
1708 418 1733 445 ἐν
1755 421 1808 449 τοῖς

1040 459 1141 496 ἀγῶσι,
1154 459 1198 487 καὶ
1213 460 1316 499 ἄμαχον
1331 462 1356 489 ἐν
1371 465 1424 493 τοῖς
1439 461 1571 499 πολέμοις.
1586 463 1617 490 Ei
1633 463 1717 491 τοίνυν
1734 467 1808 491 πᾶσα

1039 505 1146 534 παιδεία
1157 506 1264 541 τοιαύτη
1281 506 1351 541 ἐστὶ,
1364 507 1408 535 καὶ
1421 507 1487 543 αὕτη
1504 508 1611 542 τοιαύτη
1628 510 1711 537 ἔσται.
1722 509 1807 537 “sto-‘ce

1040 553 1145 590 χρηστὰ
1157 552 1208 592 χρὴ
1225 553 1384 592 προσδοκᾷν,
1399 554 1445 582 καὶ
1459 554 1489 582 τὸ
1503 554 1575 587 τέλος
1595 554 1643 589 ἡδὺ
1658 555 1702 583 καὶ
1723 556 1809 594 εἴρην-

1041 598 1094 626 κόν.
1106 598 1158 627 Καὶ
1170 598 1206 636 μὴ
1219 600 1369 638 θαυμάσῃς,
1381 602 1402 628 εἰ
1415 601 1517 639 σκληρὰ
1532 597 1596 630 οῧσα
1605 623 1612 635 ,
1624 601 1740 640 καρποὺς
1753 601 1808 641 ἔχει

1040 646 1144 682 γλυκεῖς
1158 657 1163 663 ·
1180 646 1236 674 ἐπεὶ
1248 646 1292 674 καὶ
1305 648 1329 675 ἐν
1341 651 1393 678 τοῖς
1406 647 1519 686 δένδροις
1531 650 1544 675 ὃ
1559 647 1605 685 μὲν
1618 647 1705 685 φλοιὸς
1717 647 1808 680 ἄποιός

1039 691 1077 723 τίς
1094 694 1149 720 ἐστι
1164 693 1256 731 σχεδὸν
1278 693 1322 721 καὶ
1343 693 1454 732 τραχὺς,
1477 695 1500 721 οἱ
1527 693 1552 721 δὲ
1575 694 1672 732 καρποὶ
1694 695 1807 733 γλυκεῖς.

1040 737 1108 765 Ἀλλ’
1123 738 1216 766 ἔλαέεν
1233 739 1294 767 αὐτὸ
1310 739 1361 767 ἀπὸ
1382 741 1429 773 τῆς
1449 742 1536 774 κοινῆς
1551 739 1657 772 ἐννοίας.
1673 740 1705 768 lii
1722 740 1807 768 τοίνυν

1038 787 1145 813 τοιαῦτα
1166 785 1218 824 χρὴ
1243 786 1404 824 προσδοκᾷν,
1424 785 1449 813 τί
1471 786 1589 823 ἀλγεῖτε;
1606 785 1632 814 τί
1652 786 1684 814 τὰ
1700 786 1807 825 λυπηρὰ

1038 830 1240 867 ὑπομείναντες,
1260 831 1320 870 περὶ
1341 831 1374 859 τὰ
1397 831 1502 871 χρηστὰ
1520 831 1658 867 ἐκλύεσθε,
1673 831 1704 860 Ἃ
1727 833 1808 872 ἐχρῆν

1037 878 1176 914 ὑπομεῖναι
1201 878 1269 912 ἀηδῆ
1280 900 1286 911 ,
1308 877 1466 914 ὑπεμείνατε
1476 890 1482 895 ·
1505 878 1542 916 μὴ
1566 877 1650 906 τοίνυν
1679 879 1807 913 ἐκλυθῆτε

1037 923 1097 962 περὶ
1108 923 1155 958 τὴν
1168 924 1351 953 ἀνταπόδοσιν.
1367 924 1414 952 Διὸ
1426 924 1471 956 τὰς
1483 924 1644 963 παρειμένας
1657 929 1747 964 χεῖρας
1763 925 1807 953 καὶ

1037 969 1069 998 τὰ
1091 970 1295 1009 παραλελυμένοι
1318 971 1416 1010 γόνατα
1439 971 1618 1009 ἀνορθώσατε,
1633 971 1678 999 καὶ
1699 971 1807 1011 τροχιὰς

1037 1015 1114 1054 ὀρθὰς
1128 1016 1255 1051 ποιήσατε
1277 1020 1331 1049 τοῖς
1352 1016 1427 1044 ποσὶν
1449 1017 1537 1054 ὑμῶν,
1551 1016 1593 1045 ἵνα
1617 1016 1697 1054 μὴτὸ
1719 1017 1807 1056 χωλὸν

1037 1063 1167 1099 ἐκτραπῇ,
1194 1063 1252 1100 ἰαθῇ
1278 1062 1303 1090 δὲ
1330 1063 1438 1099 μᾶλλον.
1463 1062 1510 1094 Ὡς
1539 1063 1603 1101 πρὸς
1632 1063 1735 1102 δρομεῖς
1760 1063 1806 1092 καὶ

1037 1107 1138 1140 πύκτας
1151 1108 1195 1136 καὶ
1206 1107 1368 1145 πολεμιστὰς
1380 1108 1537 1146 διαλέγεται.
1549 1108 1631 1148 (Ορᾷς
1645 1110 1701 1141 πῶς
1713 1108 1806 1142 αὐτοὺς

1038 1154 1202 1187 καθοπλίζει,
1217 1155 1273 1185 πῶς
1293 1152 1386 1185 αὐτοὺς
1402 1153 1517 1191 ἐπαίρει;
1534 1153 1665 1182 Ἐνταῦθα
1679 1154 1739 1194 περὶ
1752 1157 1803 1183 τῶν

1037 1199 1170 1237 λογισμῶν
1183 1200 1268 1227 αὐτῶν
1284 1203 1359 1228 τοῦτο
1373 1199 1454 1238 λέγει.
1470 1199 1554 1238 Ὀρθὰ
1573 1199 1705 1237 βαδίζετε,
1721 1200 1786 1238 φησί
1799 1212 1803 1217 ’

1037 1246 1171 1281 τουτέστι,
1186 1245 1221 1282 μὴ
1244 1245 1461 1283 ἀμφιῧάλλοντες.
1483 1247 1515 1274 Ei
1530 1245 1580 1283 γὰρ
1603 1245 1654 1274 ἀπὸ
1670 1245 1774 1283 ἀγάπης
1788 1249 1805 1280 ἡ

1037 1291 1157 1326 παιδεία,
1177 1293 1199 1319 εἷ
1222 1291 1274 1319 ἀπὸ
1299 1291 1456 1327 κηδεμονίας
1479 1291 1604 1329 ἄρχεται,
1628 1292 1650 1319 εἷ
1671 1293 1707 1324 εἷς
1732 1291 1806 1325 τέλος

1037 1338 1150 1377 χρηστὸν
1161 1339 1270 1375 τελευτᾶΙ
1282 1349 1287 1354 ·
1302 1339 1378 1364 τοῦτο
1390 1337 1440 1375 γὰρ
1455 1337 1499 1365 καὶ
1513 1337 1555 1365 διὰ
1567 1337 1747 1376 πραγμάτων,
1761 1338 1805 1367 καὶ

1037 1384 1077 1412 διὰ
1106 1383 1248 1423 ῥημάτιον,
1269 1382 1313 1410 καὶ
1336 1382 1378 1410 διὰ
1401 1382 1506 1411 πάντων
1529 1382 1713 1412 ἀποδείκνυσι·
1737 1383 1806 1415 τίνος

1037 1429 1122 1457 ἕνεκεν
1139 1429 1278 1462 ἐκλύεσθε;
1295 1431 1407 1457 τοιοῦτοι
1421 1428 1472 1467 γὰρ
1493 1430 1516 1457 οἱ
1539 1428 1711 1466 ἀπογνόντες,
1726 1431 1750 1458 οἱ
1766 1429 1803 1467 μὴ

1036 1478 1067 1513 τῇ
1082 1474 1168 1503 ἐλπίδι
1191 1474 1346 1513 ῥωννύμενοι
1360 1476 1412 1502 τῶν
1433 1474 1590 1511 μελλόντων.
1612 1474 1711 1513 ὈρΟὰ,
1723 1476 1805 1514 φησὶ,

239 1520 328 1548 omnia
340 1519 456 1548 ostendit
471 1532 476 1547 :
494 1531 541 1548 cur
553 1521 644 1559 ignavi
659 1520 720 1550 estis
735 1528 759 1548 et
773 1521 901 1549 remissi?
915 1521 981 1549 tales
1001 1531 1016 1551 Α
1037 1521 1155 1559 βαδίζετε
1167 1533 1172 1537 ·
1186 1520 1253 1549 ὥστε
1278 1521 1314 1558 μὴ
1340 1522 1494 1555 ἐπιταθῆναι
1516 1520 1562 1556 τὴν
1582 1521 1711 1559 χωλείαν,
1736 1523 1804 1551 ἀλλὰ

238 1566 309 1594 enim
321 1573 381 1594 sunt
398 1566 444 1604 qui
459 1566 578 1594 animum
593 1566 802 1605 desponderunt,
818 1567 864 1605 qui
879 1567 980 1595 futuro-

237 1622 298 1640 rum
310 1622 356 1650 spe
367 1622 416 1640 non
429 1613 766 1649 confirmantur.Grexsus,
781 1613 877 1651 inquit,
887 1615 981 1652 facite

237 1664 329 1686 rectos
345 1672 352 1686 .·
365 1665 394 1685 ut
411 1668 461 1686 non
473 1658 632 1686 extendatur
643 1658 815 1693 claudicatio,
831 1660 875 1688 sed
890 1666 978 1688 mute-

239 1710 282 1731 tur
300 1703 335 1732 ad
358 1704 500 1742 pristinum
523 1710 621 1732 statum
642 1716 647 1731 z
670 1714 731 1732 nam
751 1705 797 1743 qui
820 1705 904 1734 currit
919 1716 979 1733 cum

1036 1568 1233 1605 μεταὸληθῆναι
1246 1568 1291 1596 ἐπὶ
1306 1567 1339 1596 τὰ
1358 1567 1474 1606 πρότερα
1486 1578 1491 1584 ·
1507 1569 1520 1595 ὃ
1534 1566 1585 1606 γὰρ
1604 1566 1671 1604 μετὰ
1692 1568 1804 1606 χωλείας

1033 1615 1147 1653 τρέχων,
1164 1613 1293 1652 ἐπιτρίίει
1308 1613 1337 1641 τὸ
1350 1613 1439 1641 κακόν.
1457 1612 1538 1652 (Ορᾷς
1553 1613 1592 1640 ὅτι
1614 1614 1641 1641 ἐν
1665 1615 1727 1650 ἡμῖν
1748 1615 1804 1643 ἐστι

1034 1661 1063 1689 τὸ
1077 1661 1181 1692 πάντως
1198 1660 1380 1697 ἰατρευθῆναι;
1395 1659 1511 1697 Εἰρήνην
1528 1658 1634 1687 διώκετε
1652 1659 1719 1697 μετὰ
1734 1661 1804 1688 ποίν-

1034 1718 1085 1734 των
1101 1706 1145 1734 καὶ
1160 1706 1203 1734 τὸν
1220 1705 1364 1742 ἁγιασμὸν,
1392 1701 1420 1733 οὗ
1446 1705 1527 1744 χωρὶς
1542 1704 1624 1737 οὐδεὶς
1645 1705 1736 1744 ὄψεται
1761 1706 1804 1734 τὸν

599 1818 774 1847 ΜΕΤΙᾹΝΟ
796 1819 1057 1848 SCHOLASTICO
1080 1818 1336 1848 INTERPRETE.

227 1918 363 1952 fructum
372 1917 593 1952 pacatissimum
601 1917 765 1944 exercitatis
775 1926 827 1954 per
836 1926 901 1944 eam
911 1917 1010 1945 reddet
1019 1918 1153 1956 justitiae.
1168 1917 1226 1944 Non
1240 1915 1355 1944 fructum
1369 1938 1377 1952 ‚
1395 1915 1441 1944 sed
1459 1916 1594 1944 fructuum
1609 1916 1803 1945 abundantiam

237 1971 415 1990 numerosam.
438 1962 495 1999 Qui
513 1973 564 2000 per
578 1973 643 1990 eam
656 1965 863 1992 exercitantur.
886 1963 956 1991 Bene
970 1963 1054 2001 dixit,
1076 1964 1132 2001 Qui
1144 1974 1196 2001 per
1205 1973 1269 1991 eam
1282 1964 1480 1990 exercitantur
1493 1963 1560 1991 :hoc
1575 1969 1624 2001 est,
1637 1962 1804 2001 quitolerant

236 2008 355 2046 plurimo
364 2015 483 2048 tempore
490 2009 629 2048 patienter.
642 2009 676 2038 Et
688 2010 823 2048 quomodo
839 2011 852 2038 ἓ
867 2011 1076 2040 Bcnesonantius
1086 2017 1125 2039 est
1139 2010 1247 2039 nomine
1258 2009 1475 2038 exercitationem
1487 2010 1637 2038 nominans.
1655 2010 1804 2049 Disciplina

237 2063 299 2091 ergo
311 2053 466 2082 exercitatio
481 2060 528 2082 est.
547 2055 616 2083 Nam
631 2055 758 2083 athletam
771 2056 876 2095 perficit
888 2057 1037 2092 fortiorem,
1050 2064 1073 2085 et
1086 2056 1294 2096 insuperabilem
1306 2055 1394 2084 reddit
1407 2055 1432 2083 in
1445 2055 1643 2093 certaminibus,
1655 2063 1679 2084 et
1688 2056 1804 2095 inexpu-

238 2100 372 2138 gnabilem
386 2100 514 2130 declarat.
533 2102 563 2129 In
580 2102 681 2141 praeliis
696 2102 778 2141 igitur
796 2104 883 2132 omnis
901 2104 1044 2143 disciplina
1059 2105 1120 2132 talis
1135 2111 1189 2139 est;
1205 2111 1230 2132 et
1249 2103 1306 2132 haec
1325 2113 1440 2142 praesens
1454 2110 1483 2131 ut
1500 2103 1561 2131 talis
1575 2103 1619 2138 sit,
1634 2113 1738 2132 necesse
1752 2110 1801 2132 est.

238 2148 353 2177 Proinde
365 2155 469 2187 oportet
482 2160 587 2188 sperare
601 2150 721 2183 meliora,
736 2157 760 2179 et
772 2151 852 2179 finem
864 2152 973 2191 plenum
982 2152 1161 2191 jucunditatis
1172 2158 1197 2179 et
1208 2151 1291 2190 pacis.
1308 2151 1342 2179 Et
1353 2150 1407 2178 noli
1419 2150 1523 2187 mirari,
1537 2150 1559 2178 si
1572 2160 1633 2178 cum
1646 2150 1701 2189 ipsa
1713 2162 1804 2180 amara

239 2195 283 2231 sit,
301 2195 402 2223 fructus
413 2201 500 2223 tamen
513 2196 629 2234 proferat
641 2196 793 2225 dulciores:
810 2208 872 2226 nam
890 2205 915 2227 et
933 2198 959 2227 in
975 2198 1116 2227 arboribus
1129 2204 1219 2226 cortex
1234 2207 1300 2236 pene
1315 2206 1418 2236 semper
1431 2206 1538 2224 amarus
1550 2202 1575 2224 et
1587 2206 1664 2235 asper
1678 2203 1731 2233 est;
1747 2197 1804 2225 fru-

240 2250 297 2271 ctus
312 2249 398 2270 tamen
410 2242 460 2281 ipsi
473 2243 602 2271 suavitate
610 2244 721 2282 jucundi
738 2252 808 2273 sunt.
821 2246 924 2275 Sumsit
935 2253 1022 2275 autem
1034 2257 1067 2274 ex
1078 2245 1213 2275 communi
1225 2244 1319 2273 notitia
1328 2244 1389 2272 hoc.
1403 2244 1432 2272 Si
1446 2243 1528 2282 igitur
1541 2243 1604 2272 talia
1617 2254 1721 2282 sperare
1730 2255 1803 2273 com-

241 2290 314 2328 petit,
328 2290 395 2328 quid
409 2290 528 2318 doletis?
543 2291 609 2329 quid
627 2298 768 2330 postquam
786 2293 922 2322 tristitiam
937 2294 1076 2330 tolerastis,
1092 2294 1162 2323 circa
1178 2293 1287 2322 meliora
1302 2292 1428 2327 deficitis,
1444 2302 1503 2330 quae
1518 2301 1568 2321 vos
1583 2291 1708 2320 convenit
1722 2292 1804 2321 susti—

241 2337 322 2365 nere?
333 2337 361 2366 Si
375 2344 464 2366 autem
475 2338 665 2375 sustinueritis,
682 2349 733 2367 non
747 2347 850 2378 oportet
863 2340 933 2369 circa
947 2341 1150 2369 retributionem
1161 2340 1259 2369 iterum
1271 2339 1432 2368 mollescere.
1445 2340 1596 2377 Tamquam
1610 2349 1653 2367 eos
1665 2338 1711 2376 qui
1723 2349 1802 2368 cursu

241 2391 375 2413 certavere
388 2385 431 2413 vel
447 2385 564 2414 caedibus
580 2387 622 2425 [f.
643 2387 794 2425 caestibus]‚
808 2389 848 2416 vel
866 2390 911 2426 qui
928 2389 999 2418 bello
1013 2388 1225 2425 desudaverunt,
1238 2387 1394 2425 alloquitur.
1404 2386 1520 2415 Intueris
1535 2386 1669 2424 quomodo
1680 2397 1723 2415 eos
1737 2387 1802 2416 facit

241 2432 339 2460 armari
353 2455 361 2467 ,
380 2433 514 2471 quomodo
532 2444 575 2462 eos
598 2433 624 2462 in
644 2433 758 2462 sublime
776 2435 905 2463 sustolli?
920 2437 1007 2465 Recte
1018 2459 1026 2474 ,
1044 2436 1145 2475 inquit,
1160 2435 1320 2464 ambulate.
1337 2435 1367 2463 In
1383 2434 1434 2463 hoc
1448 2434 1506 2462 loco
1524 2434 1695 2472 cogitationes
1708 2444 1800 2463 eorum

241 2478 325 2515 tangit
342 2490 348 2505 :
365 2479 415 2507 hoc
434 2486 490 2517 est,
505 2486 533 2508 ut
549 2480 606 2509 sine
619 2480 683 2508 ullis
696 2480 908 2509 liaesitationibus
922 2489 1098 2520 perseverent.
1111 2482 1140 2510 Si
1155 2481 1225 2510 enim
1237 2481 1271 2510 ad
1282 2480 1452 2509 dilectionem
1468 2479 1582 2519 pertinet
1598 2479 1738 2518 disciplina
1752 2501 1760 2516 ,
1777 2480 1799 2508 si

241 2522 266 2550 in
280 2523 359 2552 finem
371 2524 473 2554 desinet
487 2526 634 2560 meliorem,
647 2533 672 2555 et
685 2527 735 2555 hoc
752 2534 806 2555 tam
821 2538 853 2555 ex
864 2527 944 2556 rebus
958 2539 1039 2566 quam
1049 2539 1082 2557 ex
1095 2528 1186 2557 verbis
1196 2551 1204 2565 ,
1221 2538 1301 2566 quam
1317 2538 1349 2556 ex
1362 2527 1492 2555 universis
1506 2526 1611 2554 actibus
1621 2525 1772 2555 ostenditur
1790 2539 1796 2554 :

241 2580 321 2607 quare
336 2571 537 2601 dissolvimini?
550 2574 600 2602 hoe
613 2584 728 2613 namque
742 2575 891 2613 patiuntur,
903 2576 948 2613 qui
960 2575 1144 2614 desperatione
1158 2575 1298 2612 deficiunt,
1312 2574 1358 2612 qui
1374 2584 1420 2613 spe
1430 2574 1580 2602 futurorum
1593 2573 1665 2602 nulla
1675 2573 1795 2603 solidan-

241 2623 291 2644 tur.
309 2618 408 2653 Recte,
427 2619 522 2657 inquit,
539 2622 688 2650 ambulate
707 2635 712 2650 :
729 2633 775 2651 nec
790 2622 948 2651 claudicatio
961 2623 1021 2661 plus
1036 2630 1175 2659 accrescat,
1191 2622 1235 2651 sed
1257 2622 1346 2660 potius
1360 2621 1393 2650 ad
1410 2627 1507 2649 statum
1523 2620 1665 2659 pristinum
1683 2631 1795 2651 revoce-
