1906 2846
398 173 429 195 {N
459 170 566 195 EPffiT.
598 172 642 195 AD
670 172 838 195 nEBRAEos.

57 236 108 275 γὰρ
130 237 220 275 ἀγαπᾷ
246 235 355 274 Κύριος,
381 235 517 264 παιδεύει·
541 239 665 273 μαστιγοῖ
689 234 715 263 δὲ
740 234 828 262 πάντα

56 282 109 311 υἱὸν
131 281 158 310 ὃν
180 281 369 321 παραδέχεται.
385 282 443 309 Οὐκ
459 280 544 320 ἔχεις,
570 281 659 320 φηῑὶν,
681 281 762 308 εἰπεῖν
787 279 828 307 ὅτι

57 327 113 356 εὀτί
126 339 165 360 τις
179 327 278 359 δίκαιος
300 327 412 366 Ολίψεως
426 327 508 366 χωρίς
519 339 524 344 ’
542 326 590 354 κᾶν
605 327 655 364 γὰρ
671 326 740 355 οὕτω
763 325 827 364 φαί-

57 384 144 408 νηται,
157 373 214 401 ἀλλ’
231 373 278 402 οὐκ
293 374 369 410 ἴσμεν
383 375 459 410 ἡμεῖς
474 373 521 404 τὰς
534 372 615 404 ἄλλας
631 372 729 410 θλίψεις
739 385 744 389 ·
760 371 828 400 ὥστε
846 377 864 399 D

57 418 144 447 πάντα
157 418 257 447 δίκαιον
273 418 375 457 ἀνάγκη
396 418 438 446 διὰ
455 418 565 457 Ολίψεως
583 420 675 447 ἐλθεῖν.
687 417 828 457 Ἀπόςρασις

57 464 109 503 γάρ
122 465 177 493 ἐστι
192 467 238 492 τοῦ
254 465 387 503 Χριστοῦ,
402 464 441 492 ὅτι
456 466 472 499 ἦ
486 465 600 492 πλατεῖα
615 464 659 492 καὶ
681 464 829 503 εὖρύχωρος

57 510 114 542 ὁδὸς
124 509 221 549 ἀπάγει
233 512 268 542 εἷς
281 510 328 545 τὴν
341 510 486 546 ἀπώλειαν,
497 513 513 544 ἦ
528 509 554 538 δὲ
570 510 646 545 στενὴ
663 510 707 538 καὶ
722 511 831 547 τεθλιμ-

59 554 125 593 μένη
140 557 177 588 εἷς
189 555 237 591 τὴν
253 557 332 591 ζωήν.
347 557 380 584 Εἰ
395 556 479 585 τοίνυν
501 556 597 585 ἐκεῖθέν
613 558 683 584 ἐστιν
700 557 781 585 ἐλθεῖν
794 557 829 588 εἷς

59 600 106 636 τὴν
127 600 206 637 ζωὴν,
221 602 328 630 ἄλλοθεν
349 601 376 630 δὲ
399 603 446 631 οὐκ
467 601 518 637 ἔνι,
534 602 586 642 ἄρα
608 602 650 631 διὰ
672 604 719 637 τ’ἦς
737 604 828 636 esav-“fg

58 647 154 680 πάντες
172 649 303 684 εἰσ-ἦλθον,
321 647 378 677 ὅσοι
402 649 466 687 πρὸς
489 648 535 683 τὴν
562 648 630 684 ζωὴν
653 650 780 684 ἀπῆλθον.
796 650 829 678 Εἰ

59 693 182 722 παιδείαν
199 694 356 733 ὑπομένετε,
371 694 459 733 φησὶν,
474 696 509 726 ὡς
524 696 586 727 υἱοῖς
603 696 664 732 ὑμῖν
684 695 829 735 προσφέρε-

59 751 104 768 ται
117 742 130 768 ὁ
143 741 220 773 Θεός.
229 740 276 772 Τίς
289 740 341 779 γάρ
356 741 426 768 ἐστιν
439 740 502 773 υἱὸς,
512 741 539 769 ὃν
552 742 580 769 οὗ
595 741 711 769 παιδεύει
724 742 829 779 πατῆρ;

59 786 94 814 Εἰ
112 786 245 822 παιδεύει,
259 786 309 826 ἄρα
333 787 369 819 εἰς
393 786 538 826 διόρθωσιν,
551 788 609 815 ἀλλ’
626 787 673 816 οὐκ
696 788 732 819 εἷς
751 787 830 816 κόλα-

60 843 116 868 σιν,
140 831 198 861 οὐδὲ
219 834 256 864 εἷς
275 833 421 871 τιμωρίαν,
435 832 491 862 οὐδὲ
512 834 547 865 εἷς
569 833 599 862 τὸ
620 834 708 865 κακῶς
728 836 874 874 παθεῖν.272

867 170 945 193 CAP.

975 170 1033 193 xu.
1060 170 1178 193 1101111..
1204 170 1301 193 xxix.
1558 163 1623 208 387

883 238 926 260 ter·
939 232 1101 260 Dominum
1125 233 1238 270 rogam,
1261 238 1289 260 et
1308 232 1383 260 dixit
1399 233 1482 268 milii,
1507 234 1624 274 Sufficit

882 278 935 305 tibi
946 278 1045 316 gratia
1063 287 1128 305 mea
1147 288 1155 303 :
1171 287 1241 305 narn
1256 279 1351 306 virtus
1366 288 1431 306 mea
1449 281 1481 306 in
1496 280 1625 319 infirmi-

883 330 944 351 tate
958 323 1117 362 perficitur.
1139 322 1188 351 llle
1209 333 1272 362 ergo
1287 323 1418 352 concedit.
1443 325 1534 362 Quem
1549 328 1626 355 enim

883 370 982 408 diligit
1014 370 1159 397 Dominus
1169 391 1176 405 ,
1206 372 1344 409 castigat,
1360 370 1503 410 flagellat
1528 379 1627 401 autem

884 425 997 443 omnem
1011 415 1116 454 silium
1131 425 1216 454 quem
1240 417 1350 454 recipit.
1369 417 1429 444 Non
1448 423 1523 456 potes
1537 417 1628 447 dicere

882 460 955 499 quod
968 461 1002 489 sit
1016 461 1113 499 aliquis
1124 461 1213 499 justus
1229 461 1330 499 absque
1345 462 1508 490 afflictione:
1522 463 1627 493 etiamsi

884 508 954 536 0111111
966 508 1004 536 510
1019 515 1153 547 appareat,
1180 507 1226 536 sed
1241 518 1288 537 nos
1301 518 1353 537 11011
1368 508 1466 537 scimus
1479 509 1544 538 alias
1557 511 1627 539 affli-

883 553 993 582 ctiones.
1015 553 1197 588 Quamobrem
1211 564 1315 583 necesse
1335 560 1373 583 est
1393 561 1420 583 ut
1435 555 1525 592 quivis
1537 557 1627 595 justus

883 599 972 626 veniat
991 609 1039 637 per
1053 598 1234 627 afflictionem.
1250 598 1300 627 Est
1313 599 1385 627 enim
1400 599 1501 628 Christi
1516 608 1625 630 senten-

883 645 931 680 tia,
947 644 1018 682 quod
1040 644 1083 673 via
1102 644 1154 672 lata
1176 651 1201 673 01
1216 644 1332 683 spatiosa
1346 645 1459 674 abducit
1479 645 1514 674 ad
1528 646 1626 676 imeri-

885 697 952 725 tum,
976 697 1047 719 arcta
1064 697 1153 718 autem
1176 697 1200 719 01
1217 698 1329 729 angusta
1351 691 1386 719 ad
1401 692 1495 720 vitam.
1519 693 1549 722 Si
1563 703 1628 732 ergo

885 735 947 764 iude
968 736 1030 765 licet
1053 737 1144 765 venire
1156 735 1188 765 ad
1204 736 1300 774 vitam,
1318 736 1429 766 aliunde
1447 748 1508 766 vero
1522 749 1575 767 non
1591 740 1629 768 li-

885 790 925 812 cet
938 795 943 810 ε
956 794 1004 822 per
1015 790 1156 822 angustam
1168 794 1231 822 ergo
1241 784 1314 812 viam
1328 794 1418 813 omnes
1429 793 1569 824 venerunt,
1580 787 1628 824 qui

885 837 1015 859 venerunt
1027 830 1061 858 ad
1082 830 1176 859 vitam.
1193 831 1224 859 Si
1242 832 1440 870 disciplinam,
1461 832 1549 870 inquit
1568 843 1630 862 sus·

58 877 147 917 ‘'Opot,
170 879 227 907 ὅθεν
250 879 368 917 ἐνόμιζον
390 880 637 918 ἐγκαταλελεῖφθαι,
659 879 711 908 ἀπὸ
732 880 828 908 τούτων
848 885 866 906 Α
886 878 996 912 tinetis,
1012 887 1080 915 erga
1094 887 1147 905 vos
1164 883 1317 915 tamquam
1340 878 1502 917 ergafilios
1514 879 1629 919 afficie-

60 925 138 963 φησὶν
162 924 256 958 αὖτοὺς
279 925 421 961 πιστεύειν,
437 925 477 954 δ’τι
499 927 545 954 οὐκ
563 926 830 964 ἐγκαταλελειμμένα

60 971 132 1000 εἰσίν.
145 970 191 1004 Ὡς
204 971 234 1000 ἂν
248 972 269 1000 εἷ
282 971 379 1010 ἔλεγεν,
388 972 479 1007 ἐπειδὴ
493 974 610 1000 τοσαῦτα
623 971 732 1000 ἐπάθετε
744 971 828 1007 κακὰ,

59 1017 176 1055 νομίζετε
188 1016 228 1046 ὅτι
240 1019 338 1056 ἇφῆκεν
350 1020 418 1055 ὑμᾶς
429 1019 442 1045 ὁ
453 1017 509 1049 θεὸς
518 1017 563 1045 καὶ
575 1022 660 1055 μισεῖ;
670 1019 702 1046 Εἰ
713 1017 749 1055 μὴ
764 1018 830 1046 ἐποί-

59 1067 126 1100 ῡετε,
137 1063 195 1093 τότε
215 1063 267 1092 ἔδει
285 1066 361 1092 τοῦτο
375 1063 542 1091 ὑποπτεύειν·
559 1065 580 1091 εἷ
599 1063 650 1102 γὰρ
668 1064 756 1092 πάντα
774 1064 828 1092 υἱὸν

59 1114 200 1149 μαστιγοῖ,
213 1108 240 1138 ὃν
258 1109 454 1149 παραδέχεται,
468 1111 481 1137 ὁ
499 1109 534 1146 μὴ
551 1109 755 1148 μαστιζόμενος,
769 1110 830 1142 ἴσως

59 1157 108 1195 οὐχ
120 1156 183 1189 υἱός.
203 1155 239 1185 Τί
251 1150 305 1192 οὖν,
318 1155 383 1194 φησί
395 1167 402 1190 ;
414 1155 523 1195 πονηροὶ
542 1157 570 1184 οὐ
583 1156 717 1195 πάσχουσι
728 1158 828 1192 κακῶς

61 1203 199 1243 Πάσχουσι
211 1204 266 1242 μέν·
279 1206 334 1236 πῶς
342 1204 393 1243 γὰρ
404 1203 512 1239 οὔ,ἀλλ’
525 1204 570 1233 οὐκ
581 1199 700 1241 sinesii&
712 1207 725 1234 ὁ
738 1217 831 1243 μαστι-

61 1254 246 1293 ζόμενος,υἷὸς,
260 1254 329 1284 ἀλλὰ
338 1277 345 1291 ,
355 1260 407 1287 πᾶς
418 1257 431 1284 ὃ
445 1255 498 1287 υἱὸς
509 1259 691 1294 μαστιγοῦται.
703 1256 773 1285 Ἀλλ’
786 1258 832 1285 οὐκ

62 1306 92 1334 ἂν
103 1305 173 1345 ἔχοις
185 1307 279 1335 εἰπεῖν’
290 1305 340 1334 εἰσὶ
352 1305 400 1343 μὲν
412 1305 462 1345 γὰρ
474 1305 660 1344 μαστιζόμενοι
673 1307 775 1343 πολλοὶ,
787 1307 832 1336 καὶ

59 1356 178 1396 πονηροὶ,
192 1352 245 1386 οἷον
259 1356 413 1396 ἀνδροφόνοι
423 1380 430 1393 ,
441 1356 549 1395 λῃσταὶ,
565 1357 658 1395 γόητες
667 1380 674 1393 ,
689 1358 832 1398 τυμῧωρύ-

60 1421 113 1448 χοι.
130 1407 200 1437 Ἀλλ’
220 1408 314 1436 ἐκεῖνοι
334 1409 381 1442 τῆς
402 1407 469 1439 ἰδίας
487 1407 616 1446 πονηρίας
631 1408 732 1438 διδόασι
747 1409 831 1446 δίκην,

60 1459 105 1488 καὶ
123 1461 171 1499 οὐχ
186 1461 221 1491 ὡς
236 1458 286 1488 υἱοὶ
302 1461 508 1497 μαστιγοῦνται,
521 1460 579 1487 ἀλλ’
602 1461 636 1492 ὡς
653 1461 729 1489 κακοὶ
749 1462 831 1490 κολά-

59 1512 154 1543 ζονταν
167 1511 241 1547 ὑμεῖς
262 1508 288 1537 δὲ
310 1511 345 1541 ὡς
367 1509 427 1538 υἱοί.
438 1508 521 1548 Ὁρᾷς
542 1511 598 1542 πῶς
618 1511 745 1541 πάντοθεν
767 1518 833 1542 κινεῖ

58 1560 214 1600 λογισμοὺς,
226 1560 279 1589 ἀπὸ
299 1559 464 1599 πραγμάτιον
488 1562 540 1589 τῶν
556 1562 581 1589 ἐν
602 1563 634 1600 τῇ
656 1563 766 1602 Γραφῇ,
779 1564 831 1592 ἀπὸ

58 1610 196 1649 ῥημάτων,
212 1610 264 1638 ἀπὸ
279 1611 383 1638 ἐννοιῶν
404 1609 518 1645 οἰκείων,
532 1611 585 1640 ἀπὸ
604 1613 829 1652 παραδειγμάτων

58 1662 108 1689 τῶν
123 1662 149 1689 ἐν
163 1663 199 1700 τῷ
217 1661 279 1700 βίῳ,
294 1656 360 1690 Εἶτα
372 1660 452 1691 πάλιν
464 1661 508 1689 καὶ
524 1663 576 1691 ἀπὸ
587 1664 634 1697 τῆς
647 1666 735 1698 κοινῆς
748 1676 827 1699 συνη-

884 929 932 951 tur
947 924 1035 951 Dens.
1058 923 1128 961 Quis
1141 925 1217 951 enirn
1232 924 1332 962 filius,
1357 934 1442 963 quem
1456 936 1515 953 non
1537 928 1628 954 corri-

881 970 925 1007 pit
933 975 1020 1007 pater
1030 972 1043 996 ?
1055 969 1129 1006 Ergo
1140 969 1173 997 ad
1185 970 1388 1008 correptionem,
1400 981 1452 999 non
1463 971 1497 999 ad
1512 982 1628 1011 poenam,

884 1026 968 1053 neque
982 1015 1017 1044 ad
1039 1015 1214 1054 supplicium,
1231 1027 1317 1054 neque
1339 1024 1368 1046 ut
1384 1018 1454 1046 111310
1473 1019 1625 1057 patiamini.

884 1061 956 1090 Vide
977 1073 983 1088 ι
1007 1061 1078 1089 unde
1095 1061 1286 1090 existimabant
1306 1074 1333 1091 se
1347 1074 1402 1092 esse
1416 1064 1568 1101 derelictos,
1594 1076 1629 1095 ex

883 1106 937 1143 his,
954 1106 1054 1144 inquit,
1070 1106 1179 1134 credant
1195 1107 1269 1145 quod
1281 1118 1333 1136 non
1347 1109 1399 1137 51111
1410 1109 1540 1139 derelicti.
1555 1111 1630 1146 Qua-

885 1152 906 1180 si
920 1151 1021 1180 diceret
1039 1163 1045 1179 :
1063 1152 1199 1187 Quoniam
1213 1159 1267 1181 tam
1284 1154 1369 1182 multa
1385 1155 1455 1183 mala
1470 1157 1541 1195 passi
1556 1157 1628 1193 estis,

884 1200 1046 1229 existimatis
1059 1200 1134 1239 quod
1149 1201 1222 1229 Deus
1242 1211 1291 1230 vos
1315 1201 1450 1231 dimiserit
1472 1210 1497 1232 et
1518 1204 1629 1234 oderit?

886 1247 940 1276 Sed
951 1247 972 1276 si
989 1257 1041 1276 non
1057 1247 1128 1286 passi
1143 1247 1243 1283 essetis,
1258 1254 1323 1277 tunc
1337 1256 1470 1288 oporteret
1482 1250 1533 1279 1100
1545 1252 1631 1291 suspi-

887 1293 960 1322 cari:
977 1303 1039 1322 nam
1056 1293 1077 1321 si
1097 1293 1215 1332 flagellat
1230 1304 1336 1323 omnem
1353 1295 1442 1324 filium
1458 1307 1537 1334 quem
1559 1298 1630 1326 reci—

886 1339 936 1379 pit,
959 1340 1006 1378 qui
1030 1350 1082 1368 non
1103 1339 1266 1378 flagellatur,
1282 1341 1395 1370 sortasse
1410 1352 1462 1370 non
1485 1350 1522 1372 est
1544 1343 1628 1372 filius.

887 1386 963 1423 Quid
976 1397 1050 1425 vero,
1067 1387 1163 1425 inquit,
1178 1387 1241 1415 mali
1257 1398 1309 1416 non
1323 1388 1392 1417 male
1405 1389 1567 1428 patiuntur?
1580 1392 1631 1419 Pa-

887 1432 990 1461 tinntur
1007 1433 1119 1471 quidem
1132 1445 1138 1460 :
1153 1433 1288 1471 quomodo
1301 1433 1373 1462 enim
1387 1445 1439 1463 non
1454 1436 1631 1474 paterentur?

886 1479 932 1508 sed
951 1490 1004 1508 11011
1029 1479 1112 1517 dixit,
1133 1480 1306 1519 Quicumque
1320 1481 1472 1520 flagellatur
1492 1489 1530 1511 051
1545 1483 1630 1518 filius,

886 1525 943 1562 sed,
952 1526 1049 1555 Omnis
1064 1526 1137 1555 filius
1146 1526 1307 1565 flagellatur.
1316 1527 1368 1557 Sed
1381 1538 1433 1556 non
1443 1535 1518 1566 potes
1527 1528 1578 1557 1100
1589 1529 1632 1558 (11-

886 1583 959 1601 cere:
970 1579 1032 1601 511111
1042 1572 1113 1601 0111111
1124 1572 1172 1611 qui
1183 1572 1352 1611 flagellantur
1363 1573 1451 1609 multi,
1461 1575 1539 1603 etiam
1552 1575 1629 1613 mali,

887 1626 915 1647 ut
930 1618 1085 1655 homicidae,
1103 1619 1229 1655 latrones,
1249 1619 1467 1658 preestigiatores,
1490 1621 1630 1660 sepulcro-

886 1676 946 1694 rum
967 1666 1113 1694 essossoreS.
1136 1665 1189 1695 Sed
1211 1665 1251 1693 illi
1276 1676 1387 1694 5110111111
1409 1667 1541 1696 scelerum
1563 1667 1630 1696 dant

471 1768 644 1797 MUTIANO
667 1768 921 1798 SCHOLASTICO
943 1769 1196 1798 INTERPRETE.

57 1860 105 1888 1110
119 1869 182 1898 ergo
201 1866 240 1888 est
260 1859 306 1898 qui
329 1859 469 1898 permittit.
491 1861 582 1897 Quem
600 1861 697 1900 diligit
717 1863 793 1889 enim
812 1861 966 1895 Dominus,
983 1863 1080 1900 arguit
1102 1861 1260 1903 :flagellat
1275 1869 1374 1891 autem
1391 1873 1505 1892 omnem
1531 1865 1628 1902 filium

58 1917 143 1946 quem
156 1909 266 1946 recipit.
277 1907 336 1935 Non
353 1913 428 1946 potes
443 1906 541 1941 dicere,
561 1907 623 1945 quia
646 1914 684 1936 est
697 1908 785 1946 justus
800 1908 897 1946 aliquis
914 1908 961 1946 qui
975 1919 1070 1947 expers
1085 1909 1270 1937 tribulationis
1283 1910 1404 1945 exsistat,
1424 1910 1472 1939 etsi
1493 1911 1532 1940 sic
1554 1912 1630 1941 nobis

58 1954 201 1990 videatur3
223 1952 269 1982 sed
284 1953 438 1992 ignoramus
449 1953 507 1992 ejus
521 1960 614 1982 caetera
627 1953 793 1989 calamitosa,
816 1964 876 1992 quae
890 1955 1002 1992 patitur.
1018 1954 1136 1983 Proinde
1150 1965 1256 1983 11000550
1274 1962 1313 1984 051
1334 1966 1441 1985 0111110111
1456 1957 1562 1996 justum
1581 1969 1630 1997 per

59 2011 196 2039 pressuras
209 2000 449 2038 tribulationesque
460 2000 584 2029 transire.
600 2000 737 2028 Sententia
751 2000 852 2040 quippe
870 2000 971 2029 Christi
984 2007 1034 2036 est,
1051 2000 1114 2038 quia
1128 1999 1181 2029 lata
1194 2007 1220 2029 et
1234 2001 1349 2040 spatiosa
1363 2002 1408 2031 via
1421 2009 1469 2039 051,
1481 2013 1541 2041 quae
1553 2003 1629 2033 ducit

60 2045 95 2075 ad
109 2045 305 2086 perditionem3
320 2053 393 2075 31013
408 2057 470 2075 vero
483 2053 509 2075 ct
521 2053 645 2085 angusta,
658 2057 718 2085 quce
730 2046 805 2075 ducit
817 2046 851 2075 ad
866 2046 960 2075 vitam.
974 2046 1003 2075 Si
1018 2046 1103 2086 igitur
1115 2057 1163 2086 per
1174 2047 1250 2076 illam
1261 2048 1370 2077 venitur
1381 2048 1415 2077 ad
1428 2049 1524 2085 vitam,
1539 2057 1565 2079 et
1576 2061 1628 2081 non

58 2100 145 2134 potest
156 2093 223 2122 illuc
236 2093 313 2122 aliter
327 2093 463 2133 perveniri
480 2105 485 2120 :
503 2100 605 2122 certum
616 2100 655 2122 051
667 2092 740 2132 quod
751 2104 798 2133 per
812 2100 955 2132 angustam
969 2093 1039 2122 113110
1053 2093 1127 2123 viam
1142 2104 1234 2123 omnes
1252 2095 1294 2123 illi
1311 2096 1482 2134 transierunt,
1497 2104 1628 2136 quotquot

57 2141 93 2170 ad
105 2141 190 2170 vitam
203 2140 327 2180 perducti
339 2146 402 2169 sunt
415 2140 616 2179 sempiternam.
634 2142 665 2169 In
680 2140 835 2180 disciplina,
853 2140 951 2179 inquit,
967 2147 1144 2180 perseverate,
1157 2151 1210 2170 non
1222 2141 1249 2170 in
1266 2142 1418 2182 suppliciis,
1434 2153 1520 2182 neque
1534 2144 1561 2173 111
1573 2151 1627 2174 tor-

59 2187 164 2216 mentis.
177 2187 286 2215 Intuere
300 2186 367 2225 quid
389 2186 426 2215 ait
441 2187 552 2215 Paulus.
570 2186 651 2216 Unde
665 2187 798 2226 putabant
816 2197 843 2215 50
858 2186 1000 2216 derelictos
1017 2197 1083 2222 0550,
1101 2198 1135 2216 ex
1150 2187 1201 2216 hoc
1216 2187 1283 2217 dicit
1295 2199 1340 2218 005
1355 2189 1441 2228 magis
1455 2189 1562 2219 credere
1575 2190 1627 2221 de-

58 2235 120 2263 bere
134 2235 261 2273 quoniam
273 2244 325 2263 non
340 2240 401 2263 sunt
417 2234 548 2264 derelicti.
566 2235 660 2264 Veluti
673 2235 694 2263 si
711 2235 822 2270 diceret,
839 2235 911 2271 Quia
927 2242 999 2264 tanta
1013 2235 1085 2275 passi
1101 2235 1175 2273 estis,
1191 2237 1292 2275 putatis
1304 2236 1376 2275 quod
1388 2248 1437 2266 vos
1451 2237 1515 2266 odiu
1528 2238 1627 2268 habeat

57 2282 101 2311 vel
117 2281 290 2321 dereliquerit
305 2282 401 2311 Deus?
416 2282 445 2311 Si
461 2283 532 2311 enim
544 2282 602 2311 haec
614 2293 667 2311 non
683 2283 851 2322 pateremini,
869 2290 932 2311 111110
946 2283 1032 2322 magis
1044 2283 1095 2312 hoc
1107 2294 1154 2312 vos
1169 2284 1300 2324 conjicere
1316 2284 1501 2324 competebat:
1517 2287 1540 2314 si
1554 2287 1626 2316 enim

57 2330 174 2369 flagellat
188 2340 293 2359 omnem
309 2330 396 2359 filium
411 2341 490 2369 quem
506 2331 611 2370 recipit,
624 2331 670 2369 qui
690 2341 742 2359 non
758 2330 918 2369 flagellatur,
930 2331 987 2360 sinc
1004 2331 1090 2360 dubio
1102 2341 1154 2361 non
1176 2338 1214 2360 est
1230 2332 1256 2360 in
1274 2342 1385 2361 nurnero
1401 2332 1533 2362 liliorum.
1551 2333 1625 2369 Quid

57 2387 130 2416 ergo,
156 2377 266 2416 inquit?
282 2377 393 2416 maligni
415 2377 489 2406 nulla
508 2378 577 2406 mala
593 2378 758 2417 patiuntur?
782 2376 938 2414 Quomodo,
955 2378 1052 2417 inquit,
1074 2377 1143 2407 dicis
1162 2379 1235 2417 quod
1251 2378 1338 2408 omnis
1359 2379 1433 2408 filius
1449 2380 1624 2419 flagellatur?

57 2424 111 2454 Sed
125 2435 177 2454 non
191 2424 274 2460 dixit,
293 2425 356 2463 quia
371 2425 459 2453 omnis
470 2425 516 2464 qui
532 2426 684 2464 flagellatur
699 2426 772 2454 lilius
785 2432 834 2462 051,
854 2425 910 2461 sed,
925 2426 1022 2455 Omnis
1037 2426 1110 2455 filius
1125 2427 1285 2465 flagellatur.
1301 2427 1414 2466 Semper
1425 2427 1496 2456 enim
1518 2435 1543 2457 01
1557 2428 1623 2457 ubi-

59 2483 110 2511 que
122 2472 208 2501 filium
226 2472 349 2502 verberat
370 2480 395 2502 01
416 2473 529 2512 castigat
542 2485 547 2500 :
562 2474 612 2502 hoc
625 2480 674 2508 051,
698 2473 877 2502 demonstrari
900 2485 952 2503 non
967 2481 1064 2514 potest,
1085 2475 1213 2513 quoniam
1225 2474 1272 2513 qui
1284 2475 1359 2504 filius
1370 2482 1420 2513 est,
1434 2485 1486 2504 non
1499 2476 1622 2515 flagelle-

62 2527 105 2548 tur
124 2532 130 2548 z
146 2531 197 2549 non
218 2521 315 2560 poterit
331 2522 377 2559 [f.
395 2521 517 2560 poteris]
533 2521 632 2550 dicere.
651 2522 719 2550 Sunt
733 2521 842 2560 quidem
859 2522 971 2561 plurimi
991 2523 1036 2561 qui
1054 2523 1224 2561 flagellantur
1242 2523 1363 2562 maligni,
1383 2523 1452 2552 sicut
1468 2523 1621 2561 homicidae,

61 2567 184 2603 latrones,
201 2568 324 2604 malefici,
339 2569 523 2607 sepulcrorum
536 2568 749 2608 dcpnulatures3
763 2569 808 2598 scd
823 2570 860 2597 illi
874 2580 922 2608 pro
936 2581 983 2599 sua
1001 2570 1141 2608 iniquitat(-
1156 2570 1288 2610 supplicia
1302 2571 1451 2609 patiuntur,
1464 2578 1487 2599 01
1503 2581 1554 2599 11011
1571 2570 1623 2600 510-

1639 247 1725 270 1601.
1742 254 1776 269 12.

1637 278 1659 301 8.
1674 286 1697 308 9.

1638 569 1725 590 Malu«.
1740 575 1762 597 7.

1641 599 1676 621 13.
