1886 2846
235 181 278 215 38

233 260 271 283 cst
288 253 465 293 prccstantia?
481 253 549 282 Ecce
563 264 656 283 rursus
681 254 760 290 illud,
776 255 858 290 Deus,
874 256 968 283 Graecc

234 306 272 329 est
286 303 300 328 ὁ
312 300 378 332 Θεός
393 310 455 328 cum
470 299 591 329 articulo.
604 299 640 328 Et
654 300 751 328 iterum
762 300 828 328 dicit
843 312 848 328 :
864 301 910 328 10.
927 300 969 327 Et

234 352 276 382 tu,
291 347 428 383 Domine,
442 347 474 374 in
485 348 628 385 principio
651 352 758 374 terram
768 346 917 385 fundasti,
942 351 969 372 et

235 402 323 431 opera
345 402 484 420 manuum
507 398 624 420 tuarum
646 398 715 420 sunt
739 392 811 420 caeli.
838 393 884 418 11.
910 391 970 428 Ipsi

232 439 379 476 peribunt,
400 445 430 466 m
444 444 542 466 autem
553 439 759 476 permanebis,-
779 444 803 465 ct
821 446 918 464 omnes
939 440 972 463 ut

235 486 440 513 vestimentum
461 490 655 519 veterascent,
679 485 725 511 12.
747 489 775 510 et
792 481 872 510 velut
894 482 971 508 ami-
988 486 1006 508 D

235 536 313 559 ctum
327 531 454 558 mutabis
474 539 533 567 eos,
557 536 585 558 et
599 530 790 557 mutabuntur
804 538 812 553 .-
829 533 859 554 ta
874 531 972 554 autem

235 577 311 605 idem
325 578 385 616 ipse
396 586 437 614 es,
451 582 477 605 et
492 578 566 604 anni
579 577 620 604 tui
633 585 691 603 non
701 574 845 613 deficient.
860 572 900 600 Ne
911 582 972 600 cum

235 621 362 658 audieris,
390 622 463 650 C'mn
485 627 583 650 antem
607 620 763 648 introducit
785 619 972 656 Primogeni-

235 674 296 696 tum
319 669 351 696 in
374 669 469 696 orbem
491 673 584 702 terrce,
607 665 741 694 existimes
765 673 820 692 esse
835 669 973 701 tamquam

234 713 335 742 donum
349 720 437 752 postca
449 713 472 741 ei
487 712 589 748 datum,
603 711 654 739 hoc
666 717 691 739 et
707 710 830 749 superius
845 709 972 746 correxit,

232 767 258 789 et
270 771 361 789 rursus
370 759 585 798 corrigitdicens,
598 759 634 786 In
647 759 788 796 principio
798 769 809 790 ;
823 766 876 785 non
888 767 970 794 nunc,

231 806 279 835 sed
288 807 343 845 jam
354 806 427 834 olim.
442 805 508 833 Ecce
527 814 619 832 rursus
631 803 703 831 letali
723 803 840 842 percutit
862 802 973 831 vulnere

231 857 256 879 et
266 851 380 879 Paulum
392 851 593 879 samosatenum
605 855 630 876 et
640 849 748 885 Arium,
762 847 795 877 iis
806 859 865 887 quae
877 847 972 877 dicun-

232 904 275 926 tur
293 897 326 926 de
343 898 420 925 Patre
436 896 570 935 adaptatis
585 895 664 924 Filio.
679 895 716 923 Et
729 902 819 934 postea
835 895 909 924 aliud
921 895 971 924 hoc

230 953 334 981 quoque
350 942 446 981 majus,
460 943 538 980 quasi
554 941 628 970 aliud
648 940 750 980 agendo
764 940 948 970 subindicavit
962 953 968 968 :

229 989 323 1017 mundi
337 989 408 1018 enim
423 988 685 1027 transfigurationem
699 994 825 1026 praeterea
841 987 967 1022 ostendit,
987 1011 994 1016 .

229 1035 340 1064 dicens:
362 1036 524 1074 Tamquam
546 1036 754 1063 vestimentum
775 1040 969 1070 veterascent,

228 1088 257 1111 et
277 1082 372 1110 veluti
387 1083 525 1110 amictum
541 1082 667 1109 mutabis
687 1090 746 1117 eos,
769 1086 797 1108 et
812 1081 968 1108 mutabun-

229 1134 283 1157 tur.
299 1127 381 1164 Quod
401 1127 482 1156 etiam
496 1126 564 1155 dicit
584 1126 612 1154 in
626 1125 748 1164 Epistola
770 1125 806 1154 ad
820 1127 966 1163 Romanos,

227 1183 323 1212 nempe
337 1173 410 1212 quod
421 1171 625 1210 transfigurabit
639 1171 784 1200 mundum.
799 1171 834 1200 Et
849 1171 968 1200 facilita—

227 1226 281 1248 tem
294 1219 434 1248 ostendens
450 1218 604 1258 subjunxit,
621 1219 753 1246 ,Mutabis
766 1229 774 1244 .·
791 1225 926 1256 tamquam
946 1219 967 1247 si

227 1265 288 1303 quis
299 1264 443 1293 convolvat
454 1264 594 1300 amictum,
607 1264 747 1293 convolvet
760 1271 786 1292 et
800 1264 925 1292 mutabit.
938 1265 967 1293 Si

228 1318 320 1339 autem
331 1321 390 1349 quae
404 1310 434 1338 fit
445 1310 473 1338 in
487 1310 583 1338 melius
595 1317 621 1338 et
634 1310 808 1349 praestantius
822 1311 966 1349 transfigu-

226 1357 358 1385 rationem
369 1363 393 1385 et
406 1355 545 1395 opificium
559 1362 614 1384 tam
630 1355 709 1384 facilc
723 1362 859 1395 operatur,
874 1356 901 1384 in
916 1356 967 1384 mi-

227 1402 289 1431 nori
302 1402 410 1441 opificio
426 1402 512 1430 alioue
523 1401 661 1440 indigebat
672 1401 684 1429 ἶν’
698 1401 845 1439 Quousque
854 1412 906 1430 non
918 1412 967 1430 vos

226 1448 332 1487 pudet?
346 1447 434 1477 Simul
458 1447 539 1476 ctiam
552 1447 603 1476 hoc
625 1454 663 1476 cst
680 1447 797 1475 maxima
811 1447 966 1483 consolatio,

226 1503 302 1522 nosse
317 1492 387 1530 quod
400 1503 441 1521 res
454 1503 507 1521 non
519 1493 557 1520 sic
571 1499 659 1527 erunt,
673 1492 721 1521 sed
733 1492 823 1520 omnia
836 1492 966 1531 accipient

226 1539 411 1573 mutationem,
439 1545 464 1567 et
489 1538 578 1567 omnia
594 1538 790 1575 mutabuntur;
806 1538 863 1578 ipse
877 1545 966 1567 autem

226 1591 314 1613 manet
328 1591 456 1624 perpetuo
479 1585 584 1622 vivens,
608 1592 633 1613 et
656 1585 760 1613 infinite
782 1584 875 1614 vivens
898 1597 904 1612 :
926 1586 954 1613 E
957 1591 968 1614 t

226 1632 299 1659 anni
319 1632 371 1668 tui,
388 1629 485 1668 inquit,
510 1640 568 1658 non
583 1630 728 1670 deficient.
753 1631 799 1659 15.
815 1631 869 1659 Ad
882 1641 967 1669 quem

226 1682 324 1705 autem
343 1676 515 1715 angelorum
539 1677 616 1704 dizit
641 1676 807 1715 aliquando
829 1688 837 1703 .·
853 1676 926 1705 Sede
947 1687 965 1704 a

573 193 601 215 S.
631 193 768 216 JOANNJS
795 192 973 215 cnm's‘OST.

259 1759 269 1770 ³
289 1752 334 1786 [Α.
346 1754 374 1778 Β.
388 1756 507 1781 διαπαντὸς
520 1754 572 1784 ὧν]

1004 192 1159 214 ARCHIEP.
1188 191 1454 221 CONSTANTINOP-

1022 255 1065 281 τοῦ
1088 253 1192 290 ἄρθρου.
1206 252 1258 280 Καὶ
1274 253 1353 281 πάλιν
1369 254 1433 292 φησί
1444 266 1450 271 ·
1465 255 1531 283 Κατ’
1549 254 1634 293 ἀρχὰς
1649 255 1689 291 σὺ,
1702 256 1793 295 Κύριε,

1022 298 1070 332 τὴν
1084 300 1132 336 γῆν
1147 298 1336 336 ἐθεμελίωσας,
1352 299 1397 327 καὶ
1411 299 1474 339 ἔργα
1488 302 1540 328 τῶν
1553 302 1650 339 χειρῶν
1666 301 1712 330 σού
1729 303 1793 330 εἰσιν

1023 347 1045 373 οἱ
1065 343 1180 383 οὐρανοί.
1204 344 1284 372 Αὗτοὶ
1307 345 1482 382 ἀπολοῦνται,
1497 346 1528 375 σὺ
1542 347 1569 375 δὲ
1586 348 1732 384 Ξιαμενεῖς·
1748 348 1792 376 καὶ

1023 389 1118 422 πάντες
1133 391 1169 422 ὡς
1187 389 1291 427 ἱμάτιον
1309 391 1558 428 παλαιωθήσονται,
1574 393 1619 421 καὶ
1636 393 1699 422 ὡσεὶ
1712 405 1791 434 περιν-

1024 435 1128 464 ὃόλαιον
1153 435 1244 468 ἑλίξεις
1265 435 1356 469 αὐτοὺς
1367 459 1375 472 ,
1397 437 1442 465 καὶ
1458 437 1669 476 ἀλλαγήσονται·
1689 438 1720 467 σὺ
1735 439 1762 467 δὲ
1777 441 1791 468 ὁ

1025 481 1101 514 αὐτὸς
1116 476 1139 510 εἷ
1150 504 1158 517 ,
1180 482 1226 510 καὶ
1245 481 1278 510 τὰ
1294 481 1340 517 ἔτη
1360 494 1405 511 σου
1420 485 1466 512 οὐκ
1480 483 1652 523 ἐκλείψουσιν.
1675 483 1736 513 Ἵνα
1752 484 1790 522 μὴ

1025 526 1154 563 ἀκούσας,
1167 526 1253 556 υΟταν
1269 527 1296 556 δὲ
1312 528 1438 566 εἰσαγάγῃ
1454 527 1497 557 τὸν
1512 529 1678 568 πρωτότοκον
1693 531 1729 563 εἷς
1741 530 1789 565 τὴν

1025 573 1191 611 οἰκουμένην,
1213 575 1247 606 ὡς
1267 574 1349 612 δῶρον
1369 574 1480 613 νομίσῃς
1501 569 1566 603 εἶναι
1588 575 1695 615 ὕστερον
1718 577 1790 615 αὐτῷ

1025 619 1178 658 προσδοθὲν,
1190 622 1266 648 τοῦτο
1280 619 1324 648 καὶ
1339 619 1393 648 ἄνω
1403 620 1623 660 προδιωρθώσατο
1633 643 1641 657 ‚
1655 621 1699 649 καὶ
1709 621 1790 650 πάλιν

1026 667 1216 706 ἐπιδιορθοῧται
1236 665 1319 703 λέγων
1332 688 1340 701 ,
1364 667 1431 695 Κατ’
1451 666 1552 705 ἀρχάς·
1576 666 1634 706 οὐχὶ
1654 669 1709 703 νῦν,
1730 668 1788 696 ἀλλ’

1025 713 1134 741 ἄνωθεν.
1158 711 1225 741 Ἰδοὺ
1240 712 1319 741 πάλιν
1331 711 1376 740 καὶ
1388 712 1431 740 τὸν
1442 713 1603 750 Σαμοσατέα
1613 713 1719 741 Παῦλον
1729 724 1789 741 και-

1027 757 1070 797 ρίᾳ
1092 758 1203 793 πλήττει
1223 759 1313 796 πληγῇ
1328 757 1372 786 καὶ
1387 758 1486 797 Ἄρειον
1495 781 1503 794 ,
1517 758 1533 786 ἃ
1545 758 1606 798 περὶ
1625 762 1671 787 τοῦ
1684 758 1791 796 Πατρός

1025 805 1093 841 ἐστι,
1107 807 1190 833 ταῦτα
1205 804 1322 844 ἁρμόσας
1339 805 1376 843 τῷ
1389 805 1456 843 Υἱῷ.
1477 804 1554 833 Μετὰ
1565 803 1593 832 δὲ
1603 803 1694 833 τούτου
1708 804 1754 833 καί
1765 816 1791 832 τι

1026 849 1089 878 ἄλλο
1105 849 1234 888 πάρεργον
1249 850 1371 888 ᾐνίξατο,
1391 850 1436 879 καὶ
1451 851 1537 888 μεῖζον
1552 850 1645 878 τούτου
1656 861 1662 867 ·
1678 849 1723 878 καὶ
1739 849 1791 889 γὰρ

1025 896 1072 930 τὴν
1095 896 1325 935 μετασιημάτισιν
1341 899 1385 925 τοῦ
1399 896 1498 934 κόσμου
1512 896 1684 936 παρεδήλωσε
1696 895 1790 934 λε’γων·

1025 942 1072 974 εΩς
1085 942 1190 980 ἱμάτιον
1211 942 1462 977 παλαιωθήσονται,
1483 942 1527 970 καὶ
1542 942 1605 971 ὡσεὶ
1623 942 1790 981 περιὸόλαιον

1025 988 1117 1021 ἑλίξεις
1130 988 1221 1020 αὐτοὺς
1232 1011 1239 1024 ,
1254 989 1298 1017 καὶ
1314 988 1516 1027 ἀλλαγήσονται.
1533 987 1570 1017 ΔΟ
1584 987 1629 1016 καὶ
1643 989 1669 1017 ἐν
1679 990 1712 1027 τῇ
1726 987 1791 1027 πρὸς

1024 1034 1173 1072 Ῥωμαίους
1191 1034 1284 1073 φησὶν,
1306 1034 1347 1063 ὅτι
1371 1034 1601 1072 μετασιηματίσει
1621 1034 1667 1063 τὸν
1681 1034 1791 1071 κόσμον.

1023 1080 1076 1109 Καὶ
1090 1080 1120 1109 τὸ
1135 1080 1241 1108 εὔκολον
1257 1080 1355 1115 δηλῶν,
1380 1079 1525 1117 ἐπήγαγεν,
1541 1079 1662 1112 εΕλίξεις.
1685 1079 1791 1117 ‘'Qu-‘159

1022 1126 1072 1165 γὰρ
1096 1126 1126 1155 ἂν
1150 1126 1173 1154 εἴ
1194 1138 1233 1158 τις
1253 1125 1422 1165 περιὸόλαιον
1445 1125 1533 1163 ἑλίξῃ,
1554 1125 1636 1158 οὕτως
1656 1125 1734 1158 αὐτὸς
1746 1124 1790 1154 τὸν

1022 1172 1120 1210 κόσμον
1135 1172 1180 1200 καὶ
1191 1172 1270 1205 ἑλίξει
1289 1171 1334 1199 καὶ
1348 1171 1465 1204 ἀλλάξει.
1480 1172 1513 1200 Εἰ
1529 1170 1554 1199 δὲ
1571 1172 1619 1206 τὴν
1635 1172 1678 1200 ἐπὶ
1692 1171 1722 1199 τὸ
1734 1170 1793 1210 βέλ-

1021 1229 1076 1246 τιον
1092 1217 1137 1245 καὶ
1151 1217 1180 1246 τὸ
1195 1222 1311 1256 κρεῖττον
1324 1218 1554 1256 μετασχημάτισιν
1565 1218 1610 1246 καὶ
1617 1216 1790 1256 δημιουργίαν

1023 1263 1104 1295 οὕτως
1118 1262 1229 1296 εὐκόλως
1240 1262 1386 1302 ἐργάζεται,
1398 1263 1442 1291 ἐπὶ
1455 1265 1503 1297 τῆς
1514 1263 1652 1295 ἐλάττονος
1664 1264 1791 1301 δημιουρ-

1022 1308 1080 1347 γίας
1103 1308 1191 1347 ἑτέρου
1216 1309 1316 1343 {aetem
1340 1308 1430 1348 Μέχρι
1455 1309 1523 1341 τίνος
1547 1310 1594 1337 οὐκ
1619 1307 1790 1347 αἷο-Αύνεσθῆ

1022 1354 1094 1392 Ἅμα
1109 1354 1136 1383 δὲ
1150 1354 1194 1382 καὶ
1210 1354 1366 1393 παραμυθία
1383 1354 1494 1393 μεγίστη
1509 1354 1586 1383 τοῦτό
1600 1355 1666 1391 ἐστι,
1678 1354 1709 1383 τὸ
1722 1356 1792 1393 γνῶ-

1022 1413 1064 1429 ναι
1079 1401 1118 1429 ὅτι
1133 1402 1179 1429 οὐκ
1191 1400 1266 1429 ἔσται.
1283 1399 1350 1428 οὕτω
1366 1400 1398 1428 τὰ
1409 1400 1568 1440 πράγματα,
1579 1400 1648 1429 ἀλλὰ
1657 1399 1691 1429 τὰ
1704 1400 1792 1430 πάντα

1023 1446 1173 1485 μετανῗολὴν
1187 1447 1310 1485 λήψεται,
1325 1446 1370 1475 καὶ
1384 1446 1472 1476 πάντα
1483 1446 1701 1485 ἐναλλαγήσεται,
1714 1446 1792 1479 αὐτὸς

1024 1494 1050 1522 δὲ
1067 1493 1139 1531 μένει
1154 1496 1165 1508 ³
1177 1493 1316 1525 διαπαντὸς
1329 1494 1378 1525 ζῶν
1391 1515 1398 1528 ,
1413 1492 1458 1520 καὶ
1473 1492 1586 1531 ἀπείρως
1602 1494 1651 1526 ζῶν
1661 1504 1666 1509 ·
1683 1491 1736 1521 Καὶ
1757 1491 1790 1520 τὰ

1022 1539 1068 1573 ἔτη
1083 1550 1140 1575 σου,
1152 1538 1240 1577 φησὶν,
1253 1539 1299 1566 οὐκ
1313 1537 1471 1576 ἐκλείψουσι.
1492 1537 1554 1566 Τίνι
1566 1537 1594 1566 δὲ
1608 1539 1660 1566 τῶν
1671 1537 1789 1576 ἀγγέλων

1023 1584 1113 1624 εἴρηκέ
1133 1596 1213 1619 ποτε,
1234 1583 1322 1612 Κάθου
1336 1585 1366 1612 ἐκ
1381 1582 1470 1616 δεξιῶν
1490 1595 1555 1621 μου,
1570 1583 1618 1616 ἕως
1635 1582 1666 1611 ἂν
1679 1585 1716 1611 θῶ
1731 1582 1790 1616 τοὺς

1023 1630 1130 1670 ἐχθρούς
1155 1641 1200 1658 σου
1222 1628 1364 1657 ὑποπόδιον
1379 1631 1431 1657 τῶν
1445 1630 1532 1658 ποδῶν
1547 1640 1611 1659 σου;
1627 1628 1695 1658 Ἰδοὺ
1709 1628 1790 1661 πάλιν

1024 1675 1116 1707 αὐτοὺς
1126 1673 1334 1713 παραθαῤῥύνει,
1353 1674 1377 1702 εἴ
1390 1686 1419 1713 γε
1435 1675 1553 1712 μέλλοιεν
1565 1676 1588 1703 οἷ
1603 1674 1691 1713 ἐχθροὶ
1706 1675 1791 1703 αὐτῶν

648 1823 826 1851 MUTIANO
848 1822 1104 1852 SCHOLASTICO
1126 1821 1379 1851 INTERPRETE.

229 1919 294 1959 quid
306 1919 370 1948 huic
390 1918 428 1947 rei
441 1916 609 1946 differentius
630 1915 691 1944 est?
707 1915 776 1944 Ecce
790 1914 887 1943 iterum
901 1914 973 1953 quod
987 1914 1069 1952 dixit,
1086 1915 1168 1951 Deus,
1182 1924 1244 1942 cum
1259 1914 1374 1943 articulo
1389 1913 1479 1953 posuit
1495 1926 1500 1941 :
1517 1913 1616 1943 deinde
1637 1913 1789 1953 subjungit,

229 1967 269 1996 Ec
289 1973 320 1995 tu
340 1968 372 1994 in
382 1965 535 2004 principio,
550 1963 686 1997 Domine,
702 1967 809 1989 terram
814 1961 966 2001 fundasti,
979 1968 1005 1990 et
1020 1971 1107 2000 opera
1123 1971 1263 1989 mannum
1277 1967 1395 1989 tuarum
1407 1967 1473 1989 sunt
1487 1960 1559 1989 caeli.
1583 1960 1625 1989 Ne
1638 1961 1706 1989 forte
1719 1961 1790 1991 enim

228 2014 350 2050 audiens,
368 2013 440 2042 Cum
454 2010 612 2039 introducit
628 2010 859 2048 Primogenitum
871 2010 903 2036 in
917 2010 1015 2037 orbem
1028 2015 1120 2045 terrae,
1134 2008 1205 2037 sicut
1218 2015 1311 2047 postea
1329 2007 1371 2036 illi
1385 2007 1516 2036 donatum
1529 2018 1629 2037 munus
1643 2008 1790 2042 existimes,

228 2062 279 2091 ista
294 2059 443 2100 subjunxit.
459 2059 529 2087 Nam
541 2057 605 2086 etin
620 2056 804 2095 superioribus
818 2056 869 2084 hoc
888 2057 1038 2092 annotavit,
1051 2062 1076 2085 ct
1092 2055 1191 2084 iterum
1204 2055 1239 2083 ad
1254 2055 1345 2094 ipsum
1359 2054 1485 2089 recurrit,
1501 2054 1594 2083 dicens
1609 2066 1616 2082 τ
1630 2056 1668 2083 In
1679 2057 1791 2093 princi-

227 2112 287 2147 pio,
303 2118 356 2137 non
370 2117 451 2143 nunc,
463 2105 510 2134 sed
521 2104 556 2133 ab
569 2104 657 2132 initio.
676 2103 746 2132 Ecce
760 2104 857 2132 iterum
868 2103 985 2132 Paulum
1000 2104 1205 2132 samosatenum
1218 2102 1302 2132 simul
1314 2108 1340 2130 et
1355 2102 1465 2129 Arrium
1481 2101 1683 2140 interemptorio
1696 2112 1791 2141 pereu—

228 2157 261 2186 tit
276 2156 388 2185 vulnere
401 2166 406 2182 :
421 2163 484 2182 nam
504 2162 563 2191 quae
578 2158 639 2180 sunt
654 2150 728 2179 Patri
741 2150 863 2190 propria,
880 2151 937 2180 haec
951 2151 1033 2179 etiam
1046 2149 1117 2178 Filio
1131 2155 1248 2188 coaptat.
1264 2148 1300 2177 Et
1322 2155 1383 2188 post
1402 2148 1458 2176 haec
1472 2147 1553 2176 etiam
1567 2147 1700 2186 quiddam
1713 2148 1791 2178 aliud

228 2203 324 2242 tetigit,
337 2201 409 2240 quod
422 2200 472 2229 isto
487 2199 574 2239 majus
584 2205 632 2227 cst.
649 2198 719 2226 Ecce
733 2197 804 2226 enim
819 2197 1079 2226 transformationem
1093 2195 1188 2225 mundi
1201 2194 1429 2234 subsignificavit‚
1443 2193 1536 2223 dicens
1549 2205 1555 2221 :
1568 2196 1631 2232 Ipsi
1643 2196 1789 2234 peribunt,

229 2257 260 2279 tu
273 2256 372 2279 antem
384 2248 578 2287 permanebis,
593 2252 620 2274 et
635 2255 734 2273 omnes
747 2250 777 2272 ut
793 2247 1001 2273 vestimentum
1015 2250 1210 2280 veterascent,
1225 2249 1252 2271 et
1276 2242 1361 2271 velut
1375 2244 1515 2270 amictum
1529 2242 1658 2270 mutabis
1679 2251 1738 2279 eos,
1762 2248 1791 2270 et

228 2298 426 2326 mutabantur.
444 2293 526 2329 Quod
539 2293 618 2321 etiarn
631 2291 658 2320 in
673 2291 793 2330 Epistola
805 2290 840 2319 ad
855 2292 988 2320 Romanos
1002 2291 1086 2328 dixit,
1101 2290 1164 2329 quia
1178 2289 1417 2319 transformaturus
1429 2295 1467 2316 est
1482 2287 1616 2316 mundum
1634 2299 1641 2315 :
1659 2294 1685 2316 et
1695 2287 1788 2316 facili-

227 2352 308 2375 tatem
320 2343 484 2383 signisicans,
500 2341 592 2370 intulit
607 2352 613 2368 :
631 2339 707 2369 Sicut
721 2338 835 2377 quilibet
851 2339 978 2368 amictum
993 2338 1108 2368 involvit
1122 2345 1201 2376 atque
1212 2343 1356 2376 permutat,
1370 2336 1408 2365 sic
1420 2343 1445 2364 et
1459 2336 1516 2375 ipse
1529 2334 1662 2364 mundum
1673 2341 1700 2363 et
1713 2345 1789 2363 com—

228 2391 375 2430 plicaturus
387 2395 412 2417 et
427 2393 579 2416 mutaturus
590 2392 637 2414 est.
654 2384 727 2424 Ergo
742 2395 803 2413 cum
819 2385 1081 2413 transformationem
1097 2391 1123 2413 et
1138 2383 1331 2420 conditionem,
1348 2392 1407 2420 quae
1421 2382 1453 2410 fit
1472 2382 1500 2410 in
1514 2381 1622 2418 melius,
1636 2387 1693 2409 tam
1712 2380 1790 2409 facile

228 2435 325 2474 poterit
337 2435 441 2474 operari
455 2447 461 2462 :
477 2434 537 2473 quis
552 2433 624 2462 dicat
636 2432 708 2471 quod
720 2432 747 2460 iu
761 2431 882 2460 inferiori
895 2442 974 2471 opere
986 2432 1097 2460 alterius
1109 2431 1212 2471 eguerit
1226 2430 1383 2470 adjutorio?
1399 2431 1545 2468 Usquequo
1559 2437 1612 2457 non
1625 2427 1786 2456 erubescunt

228 2482 317 2511 taliter
331 2482 446 2512 insanire
456 2482 469 2509 Ξ)
483 2481 571 2511 Simul
584 2480 664 2509 etiam
677 2479 821 2508 consolatio
835 2480 922 2518 major
937 2486 985 2515 est,
1000 2489 1155 2518 cognoscere
1169 2478 1242 2517 quod
1257 2488 1309 2506 non
1331 2478 1358 2506 in
1374 2477 1467 2506 eodem
1481 2483 1552 2505 statu
1566 2481 1660 2504 cuncta
1675 2485 1789 2514 perma-

230 2536 317 2565 neant,
331 2528 377 2557 sed
387 2528 436 2556 illa
449 2527 557 2566 quidem
575 2528 764 2565 mutabuntur,
779 2526 835 2566 ipsc
848 2533 936 2555 autem
952 2526 1023 2555 idem
1038 2527 1095 2565 ipse
1109 2533 1245 2566 permanet
1257 2526 1285 2554 in
1301 2532 1442 2554 aeternum.
1462 2525 1503 2553 Et
1516 2525 1590 2552 anni
1613 2524 1666 2559 tui,
1689 2521 1787 2561 inquit,

232 2587 290 2606 non
303 2575 448 2616 deficient.
465 2575 518 2603 Ad
531 2586 613 2614 'suem
631 2582 727 2605 autem
742 2574 914 2614 angelorum
930 2575 1004 2604 dixit
1019 2574 1180 2612 aliquando
1195 2586 1203 2601 .·
1219 2574 1292 2603 Sede
1309 2584 1327 2602 a
1342 2573 1452 2601 dextrIs
1466 2572 1545 2607 meix,
1563 2580 1713 2609 quousque
1732 2579 1785 2608 po-
