1886 2846
478 190 510 212 tx
540 189 646 212 EPtST.

97 253 204 291 γένηται
219 253 263 281 καὶ
276 252 367 284 πιστὸς
382 251 518 292 ἀρχιερεύς
529 263 533 268 ·
548 251 573 279 τί
586 252 655 285 ἐστι,
668 250 783 285 Πιστός;
795 249 870 283 Ἀλη-

97 298 161 334 υὴς,
186 298 344 336 δυνάμενος·
361 298 500 337 ἀρχιερεὺς
513 297 564 336 γάρ
579 299 635 326 ἐστι
654 298 731 334 μόνος
746 296 838 328 πιστὸς
857 298 871 324 ὁ

97 344 174 380 Υἱὸς,
186 344 329 382 δυνάμενος
343 344 449 376 τούτους
460 366 467 379 ,
481 338 517 371 ὧν
531 344 600 372 ε’στιν
616 342 769 382 ἀρχιερεὺς,
785 342 871 370 ἀπαλ-

95 389 173 423 λάξαι
186 392 238 418 τῶν
261 390 472 429 ἁμαρτημάτων.
485 387 497 404 ¹³
509 388 557 417 Ἵν“
574 383 618 417 οὖν
640 387 805 427 προσενέγκῃ
825 390 871 416 θυ-

96 435 155 465 σίαν
170 436 316 473 δυναμένην
333 437 403 472 ἧμδίς
426 434 587 473 καθαρίσαι,
612 433 654 462 διὰ
676 436 753 462 τοῦτο
766 434 870 471 γέγονεν

99 482 243 520 ἅνθρωπος.
256 481 394 520 Ἐπτζγαγε
414 483 474 520 γοῦν
484 503 490 515 ,
506 480 549 509 Τὰ
564 480 627 519 πρὸς
642 479 686 508 τὸν
703 479 771 509 Θεόν
785 491 790 496 ·
808 491 871 507 του-

98 527 187 563 τέστι,
199 529 251 556 τῶν
267 527 331 566 πρὸς
344 528 387 556 τὸν
404 527 472 556 Θεὸν
489 527 586 555 ἕνεκεν.
603 526 873 564 Ἰἰκπεπολεμωμένοι

98 569 176 612 ἦμεν,
191 573 270 612 φησὶ,
288 575 325 612 τῷ
346 575 423 612 Θεῷ,
441 572 674 610 κατεγνωσμένοι,
689 572 853 610 ἠτιμωμένοι
865 583 870 588 ·

98 620 180 652 οὐδεὶς
192 616 223 654 ἦν
238 622 251 648 ὁ
265 619 415 658 προσοίσων
429 619 495 657 ὑπὲρ
508 620 584 656 ἡμῶν
596 618 686 647 θυσίαν
700 629 706 635 ·
722 613 787 647 εἶδεν
802 620 873 655 ἡμᾶς

98 667 125 694 ἐν
139 665 240 698 τούτοις
265 666 341 698 ὄντας
365 666 410 694 καὶ
431 665 555 700 ἠλέησεν,
574 666 603 693 οὐ
619 665 792 699 καταστήσας
807 667 871 701 ἡμῖν

99 712 238 751 ἀρχιερέα,
258 713 316 740 ἀλλ’
346 711 421 743 αὐτὸς
445 711 583 749 γενόμενος
607 710 745 749 ἀρχιερεὺς
769 710 869 742 πιστός.

99 753 166 786 Εἶτα
187 757 287 790 ’δεικνὺς
301 759 356 789 πῶς
368 757 474 789 πιστὸς,
489 756 631 794 ἐπήγαγεν,
647 757 692 788 Εἰς
715 757 744 784 τὸ
767 756 873 785 ἱλάσκε-

99 805 160 832 σθαι
182 802 230 836 τὰς
251 803 383 841 ἁμαρτίας
408 805 452 831 τοῦ
474 803 548 831 λαοῦ.
561 803 608 830 Ἐν
624 796 646 840 ᾧ
667 801 718 841 γὰρ
741 801 872 837 πέπονθε,

98 849 188 888 φησιν,
203 849 279 882 αὐτὸς
303 848 454 889 πειρασθεὶς
464 870 471 883 ,
485 848 595 877 δύναται
609 852 662 880 τοῖς
676 848 873 886 πειραζομένοις

101 896 243 932 βοηθῆσαι.

141 941 217 970 Πάνυ
237 941 359 970 ταπεινὸν
378 943 454 970 τοῦτο
473 940 518 969 καὶ
534 939 637 972 εὐτελὲς
651 939 696 968 καὶ
710 938 814 971 ἀνάξιον
828 942 873 967 τοῦ

101 988 180 1016 Θεοῦ.
189 986 235 1016 Ἐν
248 983 270 1026 ᾧ
281 986 331 1025 γὰρ
344 986 458 1015 πέπονθε
466 1009 473 1022 ,
484 985 663 1025 φησὶν,αὐτο’ς.
677 985 744 1023 Περὶ
754 987 799 1013 τοῦ
811 996 873 1022 σαρ-

99 1033 226 1065 κωθέντος
240 1032 350 1061 ἐνταῦθα
365 1044 444 1071 φησι,
459 1032 529 1070 τάχα
545 1031 572 1059 δὲ
591 1031 636 1058 καὶ
649 1031 715 1068 πρὸς
739 1031 873 1068 πληροφο-

103 1078 160 1118 ρίαν
171 1080 223 1107 τῶν
239 1077 386 1106 ἀκουόντων
398 1079 515 1115 εἴρηται,
527 1075 571 1104 καὶ
583 1076 627 1104 διὰ
641 1075 688 1111 τὴν
702 1077 786 1104 αὐτῶν
799 1075 875 1104 ἀσθέ-

99 1135 181 1152 νειαν.
198 1123 235 1153 Ὃ
250 1123 277 1152 δὲ
289 1123 376 1162 λέγει,
392 1122 469 1152 τοῦτο’
483 1123 540 1152 ἐστι
550 1133 556 1139 ”
569 1122 603 1150 δι’
627 1122 709 1156 αὐτῆς
720 1123 767 1156 τῆς
781 1121 875 1160 πείρας

100 1164 136 1198 ὧν
155 1169 288 1208 ἐπάθομεν
310 1164 374 1204 ἦλθε
386 1180 392 1186 ·
418 1170 463 1196 νῦν
486 1169 534 1197 οὐκ
565 1168 653 1206 ἀγνοεῖ
681 1166 715 1196 τὰ
743 1167 815 1202 πάθη
841 1167 875 1196 τὰ

98 1214 217 1255 ἡμέτερα
229 1227 235 1233 ·
259 1216 288 1244 οὗ
316 1215 366 1254 γὰρ
391 1216 427 1247 ὣς
445 1214 513 1247 Θεὸς
535 1214 613 1252 μόνον
630 1208 708 1249 οἶδεν,
736 1213 805 1242 ἀλλὰ
829 1213 875 1241 καὶ

101 1263 137 1294 ὡς
159 1261 297 1300 ἄνθρωπος
319 1260 387 1299 ἔγνω
415 1260 458 1289 διὰ
481 1261 527 1294 τῆς
549 1259 643 1299 πείρας
662 1255 694 1295 ἧς
716 1259 875 1299 ἐπειράσθη·

103 1306 184 1336 ἔπαθε
197 1306 298 1343 πολλὰ,
313 1302 366 1336 οἶδε
390 1305 569 1345 συμπάσχειν.
584 1305 680 1335 Καίτοι
692 1318 723 1344 γε
743 1305 847 1340 ἀπαθὴς
862 1307 876 1334 ὁ

103 1352 171 1386 Θεός
190 1354 275 1381 ἐστιν·
290 1352 358 1382 ἀλλὰ
378 1352 411 1381 τὰ
423 1354 470 1387 τῆς
483 1351 641 1390 σαρκώσεως
653 1354 764 1381 ἐνταῦθα
781 1352 878 1389 διηγεῖ-

103 1410 162 1428 ται·
177 1401 213 1431 ὡς
226 1398 256 1427 ἂν
277 1399 299 1427 εἷ
312 1399 402 1437 ἔλεγε,
417 1398 463 1426 καὶ
479 1397 544 1432 αὐτὴ
559 1400 576 1433 ἡ
591 1397 656 1436 σὰρξ
669 1401 687 1434 ἡ
702 1401 747 1427 τοῦ
761 1397 877 1437 Χριστοῦ

103 1444 190 1474 πολλὰ
205 1443 277 1473 δεινὰ
293 1444 398 1473 ἔπαθεν.
411 1439 476 1473 Οἵδε
490 1443 516 1471 τί
532 1445 589 1472 ἐστι
601 1445 700 1483 θλῑψις,
715 1439 768 1473 οἶδε
781 1444 807 1472 τί
821 1447 877 1474 ἐστι

103 1491 251 1529 πειρασμὸς
261 1513 268 1526 ,
285 1490 331 1519 καὶ
345 1492 394 1529 οὐχ
406 1486 485 1525 ἧττον
499 1491 551 1518 τῶν
567 1489 705 1518 παθόντων
721 1492 797 1528 ἡμῶν
810 1502 816 1508 ·
832 1490 878 1519 καὶ

103 1537 155 1576 γὰρ
169 1537 214 1566 καὶ
229 1537 304 1570 αὐτὸς
326 1536 416 1565 ἔπαθε.
442 1536 478 1565 Τί
500 1531 544 1565 οὖν
560 1538 614 1565 ε’(πι
629 1536 674 1572 τὸ,
692 1535 809 1565 Δύναται
824 1541 877 1570 τοῖς

678 188 722 210 ΑΙ)
752 186 906 210 HEBRAEOS
914 202 920 208 .

950 186 1028 208 CAP-

927 247 1082 287 cor-§fieret
1092 247 1222 287 etfidelis
1232 246 1377 284 pontifex.
1387 245 1464 280 Quid
1479 251 1526 280 cst,
1540 245 1653 274 Fidelis
1664 250 1675 274 .³

930 294 1027 329 Verus,
1039 299 1133 332 potens
1148 304 1154 319 :
1172 292 1293 331 pontifex
1309 291 1381 319 enim
1395 290 1468 319 solus
1483 289 1571 318 fidelis
1583 298 1622 319 est
1634 292 1675 319 Fi-

929 337 998 373 lius,
1014 337 1061 376 qui
1083 343 1169 376 potest
1186 336 1302 364 liberare
1319 346 1333 363 a
1356 335 1471 374 peccatis
1487 345 1547 368 005,
1561 345 1675 373 quorum

927 391 965 413 est
980 383 1110 423 pontifex.
1131 383 1168 412 Ut
1183 393 1246 421 ergo
1261 382 1355 411 offerat
1375 381 1490 410 hostiam
1509 391 1569 419 qua:
1592 382 1677 420 possit

928 441 975 460 nos
986 430 1116 460 mundare
1124 437 1148 459 et
1159 430 1277 469 expiare,
1287 435 1425 469 propterea
1438 429 1523 456 sactus
1535 435 1572 456 est
1584 427 1674 457 homo.

927 478 1077 518 Subjunxit
1090 488 1163 516 σει-ἕο,
1175 477 1229 506 Ad
1241 477 1346 510 Deum,
1358 475 1414 504 sive
1424 486 1486 513 erga
1497 475 1594 503 Deum.
1608 474 1674 503 Era-

928 534 988 552 mus
999 547 1007 560 ‚
1022 523 1120 562 inquit,
1138 523 1187 552 Dei
1207 521 1327 557 inimici,
1344 520 1523 556 condemnati,
1536 520 1635 559 probro
1650 528 1676 548 et

928 569 1074 607 ignominia
1089 568 1178 597 affecti
1189 580 1196 596 ;
1208 578 1286 597 nemo
1300 574 1354 596 crat
1371 566 1419 605 qui
1439 577 1488 606 pro
1507 565 1585 594 nobis
1599 565 1675 594 obla-

927 623 1003 644 turus
1019 623 1086 645 esset
1099 615 1261 644 sacrificium
1279 626 1284 642 ε
1303 613 1372 642 vidit
1387 624 1435 642 nos
1447 613 1473 642 in
1488 613 1538 642 hoc
1553 623 1610 642 esse
1620 620 1676 641 sta-

927 669 956 690 tu
970 686 977 697 ‚
989 670 1016 691 et
1031 669 1068 691 est
1084 662 1206 690 misertus
1216 685 1223 695 ,
1235 672 1287 690 non
1298 660 1376 690 nobis
1386 660 1551 689 constituens
1565 660 1675 700 pontifi—

927 719 983 737 cem
995 731 1003 745 ‚
1028 707 1076 737 sed
1099 708 1156 747 ipse
1184 708 1268 736 l‘actns
1296 707 1418 746 pontifex
1442 706 1541 743 fidelis.
1571 705 1676 734 Deinde

926 755 1067 784 ostendens
1082 753 1218 793 quomodo
1232 753 1330 788 fidelis,
1343 753 1487 792 subjunxit
1502 764 1508 780 :
1529 753 1567 782 Ut
1579 763 1676 791 repro-

924 803 1043 839 pitiaret
1056 801 1166 829 delicta
1176 800 1289 839 populi.
1305 798 1352 828 18.
1368 801 1405 827 In
1418 809 1451 827 eo
1467 801 1560 834 enim,
1572 801 1603 826 in
1618 809 1676 838 quo

925 857 1029 885 passus
1045 853 1104 882 est,
1119 848 1179 884 [pse
1192 852 1338 880 tentatus,
1352 851 1455 884 potens
1470 851 1512 874 est
1525 851 1552 874 et
1566 846 1608 874 eis
1623 847 1676 883 qui

928 900 1081 922 tentantur
1094 893 1248 921 att-riliari.

967 942 997 968 Q,
1016 939 1073 968 Hoc
1085 946 1124 967 est
1147 938 1228 967 valde
1242 939 1345 967 humile
1367 946 1392 968 et
1410 939 1564 978 abjectum,
1582 945 1607 967 et
1620 939 1676 967 Deo

928 985 1082 1024 indignum.
1100 987 1136 1013 In
1148 995 1206 1023 quo
1221 987 1297 1013 enim
1307 996 1411 1024 passus
1421 992 1480 1019 est,
1495 985 1593 1023 inquit,
1607 987 1675 1024 ipse.

929 1031 979 1059 Hic
1001 1029 1068 1058 dicit
1092 1029 1126 1058 de
1152 1030 1298 1059 incarnato.
1316 1030 1351 1058 Et
1368 1031 1438 1059 sorte
1463 1030 1567 1059 dictum
1584 1038 1622 1059 est
1641 1031 1676 1059 ad

927 1077 1054 1105 certiores
1068 1076 1220 1105 reddendos
1244 1076 1382 1105 auditores
1393 1099 1401 1113 ,
1415 1084 1440 1106 et
1452 1084 1563 1116 propter
1583 1088 1676 1106 eorum

927 1122 1151 1151 imbecillitatem.
1178 1122 1238 1150 Hoc
1253 1128 1291 1150 cst
1304 1143 1312 1158 ‚
1330 1122 1392 1161 Ipse
1411 1129 1538 1161 expertus
1551 1130 1590 1151 est
1615 1133 1675 1161 quae

928 1168 998 1208 passi
1013 1178 1123 1196 sumus:
1137 1178 1209 1196 nunc
1223 1178 1275 1196 non
1289 1167 1394 1206 ignorat
1408 1175 1511 1196 nostras
1525 1169 1676 1208 perpessio-

929 1226 975 1245 nes
989 1227 995 1243 ε
1010 1225 1062 1244 non
1077 1214 1165 1243 solum
1185 1215 1234 1243 scit
1251 1221 1280 1243 ut
1302 1215 1377 1243 Deus
1388 1237 1396 1251 ,
1411 1214 1457 1243 sed
1479 1215 1560 1243 etiam
1573 1225 1676 1253 cogno-

928 1263 969 1291 vit
979 1269 1008 1290 ut
1019 1261 1099 1290 homo
1112 1272 1160 1300 per
1169 1271 1228 1290 eam
1239 1271 1292 1299 qua
1303 1271 1398 1300 passus
1409 1267 1448 1289 est
1463 1261 1655 1300 experientiam
1668 1273 1674 1288 ε

929 1307 1016 1337 multa
1030 1318 1124 1347 passus
1137 1314 1190 1342 est,
1202 1306 1253 1335 scit
1262 1306 1378 1346 compati
1387 1313 1413 1335 et
1426 1306 1558 1335 misereri.
1572 1306 1677 1342 Quam-

929 1365 1011 1393 quam
1036 1355 1110 1382 Deus
1125 1360 1164 1382 est
1179 1353 1339 1393 impatibilis
1353 1352 1418 1382 :sed
1436 1353 1482 1382 hic
1502 1360 1594 1382 narrat
1617 1363 1677 1391 quae

930 1407 993 1429 sunt
1017 1400 1224 1436 incarnationis;
1247 1399 1324 1438 quasi
1348 1399 1448 1428 diceret
1460 1411 1466 1427 :
1486 1400 1546 1439 Ipsa
1571 1410 1678 1438 quoque

933 1457 994 1476 raro
1009 1446 1110 1475 Christi
1126 1446 1212 1475 multa
1226 1456 1305 1486 passa
1328 1452 1367 1474 est
1388 1445 1493 1484 gravia.
1514 1446 1598 1475 Novit
1611 1445 1678 1484 qnid

931 1492 966 1521 sit
980 1491 1110 1528 afflictio,
1132 1491 1209 1520 novit
1231 1490 1298 1531 quid
1315 1491 1350 1519 sit
1372 1491 1482 1520 tentatio
1493 1513 1501 1528 ‚
1518 1501 1603 1530 neque
1620 1491 1674 1519 mi-

931 1548 982 1566 nus
996 1548 1077 1576 quam
1088 1548 1136 1566 nos
1147 1537 1193 1576 qui
1209 1537 1279 1577 passi
1295 1547 1406 1573 sumus;
1421 1548 1483 1565 nam
1498 1537 1554 1576 ipse
1569 1548 1676 1575 quoque

1061 186 1096 208 ιι.
1128 185 1246 207 nonu..
1278 185 1311 206 v.
1630 172 1674 220 75

102 1583 301 1622 πειραζομένοις
315 1585 461 1621 §amicam
475 1582 521 1615 Ὡς
532 1583 563 1611 ἄν
576 1594 616 1614 τις
631 1582 700 1612 εἴποι
711 1605 719 1618 ,
736 1583 803 1620 μετὰ
813 1585 877 1612 πολ·
895 1590 914 1613 C
931 1591 970 1613 est
988 1595 1090 1624 passus.
1106 1583 1180 1619 Quid
1201 1593 1265 1622 ergo
1279 1590 1334 1619 est,
1349 1584 1460 1612 Potens
1476 1590 1519 1612 est
1537 1591 1563 1612 et
1578 1585 1614 1612 iis
1625 1586 1676 1622 qui

104 1630 153 1663 λῆς
166 1629 313 1668 προθυμίας
326 1629 408 1668 ὀρέξει
422 1633 499 1668 χεῖρα
508 1651 515 1665 ,
532 1629 674 1666 συμπαθὴς
687 1629 769 1658 ἔσται.
783 1629 877 1658 Ἐπει-

139 1737 151 1754 ¹·
171 1737 216 1760 llic
227 1736 312 1768 ingens
323 1742 360 1760 est
373 1735 455 1760 hiatus
465 1737 490 1760 in
504 1734 653 1760 colbertino
667 1735 770 1761 Codice.

933 1636 1087 1659 tentantur
1110 1630 1280 1659 auxiliari?
1310 1629 1395 1665 Quasi
1422 1629 1525 1658 dixeris
1546 1642 1551 1656 :
1575 1631 1676 1668 Magna

526 1842 701 1872 MUTIANO
723 1842 976 1872 SCHOLASTICO
997 1843 1252 1873 INTERPRETE.

108 1951 200 1984 potens
211 1954 217 1971 ε
229 1942 373 1972 sacerdotis
385 1942 456 1971 enim
471 1941 560 1970 fidelis
575 1946 624 1979 est,
636 1952 714 1981 posse
727 1952 781 1978 εοε,
793 1953 909 1981 quorum
921 1949 960 1971 est
976 1942 1107 1978 sacerdos,
1119 1943 1234 1972 liberare
1244 1954 1259 1972 a
1275 1944 1397 1982 peccatis.
1407 1944 1445 1973 Ut
1455 1953 1518 1982 ergo
1529 1944 1622 1972 offerat
1633 1954 1674 1972 sa—

109 1990 253 2025 crificium,
263 1988 337 2028 quod
350 1988 434 2028 possit
444 1999 491 2017 nos
503 1988 643 2023 mundare,
653 1995 762 2028 propter
772 1989 822 2018 hoc
832 1990 918 2018 factus
928 1996 965 2018 est
976 1989 1066 2018 homo.
1078 1989 1113 2018 Et
1124 1990 1215 2018 intulit
1228 1992 1280 2018 :In
1291 1991 1337 2018 his
1348 2001 1412 2029 ‘1¹¹'oe
1422 1997 1489 2019 sunt
1502 1991 1543 2018 ad
1556 1991 1652 2019 Deum
1664 2003 1672 2018 :

107 2045 146 2067 est
158 2047 249 2066 carum
264 2047 354 2065 rerum
369 2035 466 2074 gratia,
481 2046 540 2073 quae
555 2035 689 2075 pertinent
703 2036 737 2064 ad
749 2037 848 2065 Deum.
863 2036 1020 2075 Expugnati
1032 2036 1103 2064 enim
1117 2046 1234 2070 eramus,
1250 2036 1347 2074 inquit,
1357 2038 1414 2065 Deo
1427 2036 1586 2075 culpabiles,
1597 2037 1673 2065 inho-

108 2084 194 2114 norati
205 2096 214 2122 5
227 2094 304 2113 nemo
313 2090 369 2112 erat
379 2083 425 2121 qui
437 2083 543 2111 offerret
555 2094 603 2122 pro
619 2083 695 2112 nobis
710 2084 891 2119 sacrificium;
905 2084 975 2113 vidit
987 2094 1035 2112 nos
1046 2083 1073 2112 in
1087 2083 1129 2112 his
1141 2083 1308 2119 constitutos,
1316 2090 1341 2112 et
1353 2083 1478 2111 misertus
1489 2090 1537 2118 est,
1548 2094 1599 2112 non
1611 2094 1675 2113 con-

106 2131 218 2160 stituens
232 2131 309 2159 nobis
323 2129 501 2165 sacerdotem,
518 2130 563 2159 sed
586 2130 643 2170 ipse
658 2131 742 2159 sactus
759 2138 797 2160 est
813 2130 947 2161 sacerdos.
961 2130 997 2159 Et
1010 2129 1145 2169 quomodo
1159 2130 1268 2159 fidelis?
1281 2138 1306 2159 et
1323 2129 1431 2162 intulit,
1442 2130 1496 2158 Ad
1506 2132 1674 2169 propitian-

106 2178 176 2206 dum
190 2179 317 2216 peccatis
333 2176 443 2216 populi.
458 2178 495 2205 In
510 2187 567 2216 quo
583 2180 660 2206 enim
675 2187 780 2216 passus
794 2185 853 2214 est,
871 2177 976 2216 inquit,
993 2180 1054 2216 ipse
1068 2183 1213 2215 expertus,
1231 2183 1324 2215 potest
1343 2183 1371 2205 et
1387 2186 1438 2205 nos
1453 2178 1504 2216 qui
1524 2183 1674 2205 tentamur

102 2226 215 2263 juvare.

145 2270 216 2299 Satis
226 2269 328 2299 humile
342 2278 380 2300 est
395 2271 445 2300 hoc
459 2271 604 2301 minimum
617 2278 641 2300 et
655 2271 798 2310 indignum
812 2273 866 2300 Deo
880 2283 885 2299 :
901 2273 937 2300 In
952 2282 1010 2310 quo
1027 2274 1105 2301 enim
1114 2282 1220 2311 passus
1231 2278 1273 2300 est
1286 2293 1292 2303 ‚
1309 2270 1405 2308 inquit.
1418 2270 1478 2309 Ipse
1486 2268 1520 2298 de
1531 2269 1673 2298 Incarnato

106 2316 156 2345 hoc
168 2315 234 2344 dicit
247 2338 254 2350 ,
269 2322 294 2344 ει
307 2315 342 2344 ad
353 2317 558 2346 satisfactionem
575 2317 742 2346 audientium
753 2317 857 2345 dictum
871 2323 924 2352 est,
937 2325 963 2346 et
973 2324 1083 2358 propter
1097 2329 1191 2347 eorum
1206 2317 1400 2346 infirmitatem.
1419 2315 1475 2344 Hoc
1488 2322 1546 2351 est,
1561 2315 1649 2353 inquit
1663 2338 1670 2351 ,

105 2373 153 2402 per
162 2362 376 2402 experimentum
392 2374 483 2392 eorum
499 2375 558 2402 quoe
571 2366 690 2404 patimur
704 2387 712 2399 ‚
736 2364 846 2393 veniens
860 2375 930 2393 nunc
946 2375 998 2393 non
1015 2365 1119 2404 ignorat
1146 2365 1282 2405 passiones
1308 2370 1411 2392 nostras
1426 2374 1432 2389 :
1448 2372 1500 2391 non
1515 2361 1585 2390 sicut
1600 2363 1673 2390 Dens

107 2410 192 2439 solum
207 2410 283 2438 novit
294 2433 301 2447 ‚
316 2410 361 2439 scd
375 2411 453 2439 etiam
469 2412 536 2440 sicut
551 2411 631 2440 hoino
643 2412 768 2451 cognovit
793 2422 840 2451 per
854 2412 1068 2451 experimentum
1079 2435 1086 2448 ‚
1100 2424 1148 2452 per
1159 2411 1231 2451 quod
1255 2418 1371 2440 tentatus
1385 2417 1423 2439 est
1437 2422 1442 2436 τ
1458 2419 1551 2449 passus
1565 2409 1649 2437 multa
1663 2432 1670 2443 ,

110 2457 183 2487 novit
196 2458 312 2497 compati
325 2470 330 2485 :
347 2464 371 2486 ct
386 2458 448 2487 licet
463 2459 637 2498 impassibilis
649 2460 683 2488 sit
700 2460 772 2488 Deus
783 2482 790 2495 ,
805 2459 850 2488 scd
865 2470 895 2488 ea
910 2470 970 2498 quae
993 2467 1054 2489 sunt
1071 2461 1157 2490 carnis
1180 2460 1223 2488 hic
1244 2465 1333 2487 narrat
1348 2470 1353 2486 :
1369 2457 1452 2487 veluti
1467 2457 1489 2486 si
1507 2457 1624 2493 diceret,
1639 2456 1674 2485 Et

110 2505 165 2545 ipsa
178 2515 240 2533 caro
256 2504 356 2534 Christi
373 2504 456 2533 multa
472 2516 541 2534 saeva
554 2516 632 2546 passa
653 2513 711 2536 est:
727 2506 801 2535 novit
813 2506 878 2545 quid
895 2514 934 2536 est
948 2507 1088 2536 tribulatio
1100 2531 1106 2542 ,
1129 2507 1204 2536 novit
1224 2505 1291 2545 quid
1306 2512 1344 2535 est
1359 2504 1470 2534 tentatio
1491 2503 1651 2543 patientium
1665 2526 1672 2537 ,

110 2563 160 2581 non
175 2553 263 2582 minus
277 2564 290 2582 a
304 2553 379 2582 nobis
387 2553 483 2582 etenim
494 2561 517 2582 ct
533 2553 589 2594 ipsc
599 2565 691 2593 passus
701 2554 824 2590 cst.Quid
833 2562 872 2583 cst
883 2566 945 2594 crgo
958 2555 1216 2594 quoddicit,Pve‹›sae
1229 2565 1276 2583 eos
1287 2556 1338 2593 qui
1353 2559 1505 2582 tentantur
1512 2552 1654 2590 adjuvare
1664 2554 1676 2578 .³

1512 2608 1540 2635 ti.
