1875 2856
515 130 665 154 AUCTORE
693 130 721 151 S.
749 126 881 150 JOANNF.
907 126 1166 149 cntn‘SOSTOMO.
1527 109 1618 156 1073

96 198 159 226 Haec
172 199 260 227 omnia
272 198 314 227 vel
323 198 402 226 etiam
415 198 455 226 liis
475 198 576 237 potiora
599 198 708 226 forsitan
732 196 759 223 in
783 201 892 234 promtu
908 193 1057 221 habuerunt
1072 204 1130 231 quae
1142 193 1271 221 dicerent.
1437 233 1443 238 Ι
1477 233 1482 238 ι
1600 232 1606 237 .

97 246 280 275 Proficiscitur
292 245 370 284 regiae
384 245 481 274 domus
494 246 643 284 praeseetns‚
658 244 805 280 urbemque
820 252 880 269 cnm
897 240 1049 269 advenisset
1061 263 1068 275 ‚
1085 250 1190 268 cansam
1202 237 1304 267 itineris
1318 235 1352 265 ab
1366 245 1396 264 eo
1407 239 1575 263 sciscitantur
1583 243 1620 261 ct—

57 303 103 321 ves
119 304 124 321 t
143 304 194 331 qna
210 293 315 331 cognita
327 292 519 321 admirabundi
535 300 558 321 et
573 291 713 331 stupefacti
730 291 798 318 intra
812 299 839 317 se
852 287 1001 326 cogitabant
1019 298 1026 315 t
1043 288 1166 321 Quonam
1183 293 1260 325 pacto
1272 284 1329 312 sieri
1345 289 1438 323 potest,
1452 280 1619 332 inquiebant,

54 347 83 367 ut
97 341 189 368 virum
203 347 305 378 quaerat
325 341 401 378 cnjus
416 350 473 368 ossa
493 339 645 377 quindecim
671 338 769 367 abhinc
794 335 870 364 annis
897 334 1038 373 putredine
1053 341 1192 362 consumta
1210 332 1295 361 sunt?
1313 330 1448 369 quomodo
1462 328 1559 367 quteris
1573 338 1618 355 in-

21 412 24 416 .
55 386 161 414 colume
190 396 287 424 corpus
299 409 306 419 ,
329 385 401 424 quod
424 386 450 414 iu
473 386 619 414 visceribus
643 385 789 413 draconum
814 388 983 410 consumtum
1009 387 1175 419 computruit
1197 386 1223 407 ct
1250 379 1274 406 in
1297 378 1434 416 pulverem
1460 383 1618 403 conversum

53 438 91 459 est
103 432 116 459 ἶ)
136 442 188 469 quo
210 438 286 470 pacto
302 432 329 460 iu
351 432 516 460 medicamen
531 438 655 470 quaerunt
677 440 773 470 corpus
796 429 822 457 in
840 435 937 456 terram
956 426 1094 455 redactum
1107 449 1115 462 ,
1131 425 1202 464 quod
1218 425 1269 453 sibi
1290 425 1342 463 ipsi
1367 423 1477 451 salutem
1495 427 1620 460 praestare

56 488 108 506 nou
124 479 211 516 potuit
224 478 237 506 ἶ)

97 524 170 558 Quid
186 524 261 563 plura
273 526 286 553 ,9
300 525 396 554 densos
410 549 417 561 ,
431 527 524 564 longos
539 526 698 563 validosque
720 525 796 552 funes
810 529 902 562 aptant
913 524 942 557 (1
960 524 969 557 )
985 528 1009 549 et
1022 521 1048 549 iu
1064 527 1175 560 puteum
1195 519 1351 547 demittunt.
1370 518 1444 545 Voce
1461 526 1555 553 magua
1567 525 1618 565 ex.-
1648 515 1774 567 Eiiwiiieo

55 571 151 599 elamat
167 572 262 600 domus
277 573 355 610 regite
371 574 503 612 profectus
518 585 524 602 t
540 576 549 609 (
563 584 579 602 2
594 578 602 609 )
620 572 764 611 Egi-cdere,
780 581 854 599 serve
870 569 930 604 Dei,
945 576 969 596 et
980 569 1063 596 libera
1077 578 1123 596 nos
1137 568 1171 595 de
1186 566 1309 594 amnibus
1333 565 1445 592 deorum
1464 574 1529 601 quos
1555 561 1619 590 colt—
1653 555 1778 599 umpffilffl.

56 628 116 646 mus
131 629 137 646 :
153 620 286 657 egredere,
299 621 346 648 lilii
362 620 430 649 lucis
443 643 450 655 ,
466 628 491 649 et
509 624 542 648 ab
561 621 663 648 umbris
677 619 845 648 tenebrarum
856 628 918 645 erue
934 626 981 643 nos
1000 627 1004 642 :
1022 626 1055 643 ex
1073 613 1216 653 profundis
1227 612 1332 651 abyssis
1346 611 1482 649 egredere,
1493 610 1544 644 sol,
1561 620 1620 637 ma-
1634 609 1762 637 Gregorius.

52 665 152 703 jusque
172 667 248 694 nob-'3
263 668 350 705 praebe
367 668 455 696 lumen
479 679 559 706 qnam
582 668 621 696 sol
642 668 686 705 qui
705 676 785 704 super
798 676 858 693 aera
881 663 1021 691 volvitur:
1040 662 1084 690 ille
1098 662 1169 689 enim
1194 659 1329 698 corporeis
1349 658 1434 687 oculis
1451 657 1537 685 lucem
1551 667 1622 696 prm-

56 710 101 738 bct
114 722 121 746 ;
139 717 168 738 tu
183 721 245 738 veru
257 712 406 739 animarum
423 719 574 740 nostrarum
590 713 680 740 oculos
704 712 763 739 luce
784 709 942 748 pe1·fuudiS‚
958 715 984 736 e:
997 707 1109 736 deducis
1121 706 1148 734 in
1163 714 1261 734 terram
1274 711 1374 733 rectam
1388 726 1395 739 ‚
1408 714 1466 741 quae
1482 710 1520 731 est
1533 703 1624 730 lumen

57 756 214 786 indeficiens
236 766 262 786 et
278 759 469 787 inaccessibile.
487 759 548 787 llaec
561 759 736 797 eloquebatur
747 765 863 796 satrapa.

99 806 133 832 At
148 804 228 832 simul
240 812 269 832 ut
282 813 356 833 motu
374 806 479 833 funium
497 807 605 834 funibus
623 806 749 834 insedisse
768 812 889 833 sanctum
905 803 1111 835 intellexerunt,
1127 801 1245 830 educunt
1265 810 1327 828 eum
1342 799 1424 827 foras.
1441 797 1521 825 Tunc
1542 796 1626 824 nubi-

54 851 106 879 bus
120 860 260 891 coopertus
276 853 313 880 sol
332 853 377 881 ille
392 854 526 892 apparuit,
540 853 760 892 qnandoquidem
776 862 876 891 corpus
891 852 949 889 ejus
964 873 970 885 ,
992 850 1064 878 velut
1079 856 1134 878 atra
1147 848 1244 886 fuligo,
1260 847 1366 886 nigrum
1381 852 1437 874 erat
1450 856 1458 880 ;
1474 843 1626 882 atqueintle

58 897 250 926 intellexeruut
264 899 332 927 illud
350 910 406 927 esse
420 910 515 938 corpus
527 922 534 935 ,
554 899 624 937 quud
642 906 771 927 tormenta
787 898 930 937 pertulerat
942 920 950 932 ‚
964 902 988 925 et
1002 906 1055 934 quo
1068 896 1140 924 velut
1154 895 1211 923 siue
1225 903 1345 932 corpore,
1359 891 1510 931 patiebatur
1525 897 1550 918 et
1574 889 1626 917 sul-

56 944 147 982 gebat.
158 945 287 974 Vestibus
307 945 403 973 deinde
419 946 468 984 ipsi
485 946 583 973 oblatis
596 946 672 973 illum
689 944 814 973 induunt.

99 990 171 1017 Tum
199 990 386 1029 obstupescens
405 991 591 1019 admirabatur
617 1002 677 1019 eum
700 990 816 1029 populus
829 1011 835 1023 ‚
849 999 928 1026 quem
945 987 1063 1027 oportuit
1079 994 1104 1015 et
1129 986 1220 1015 decuit
1236 996 1297 1014 cum
1321 985 1439 1024 sapiente
1454 983 1616 1011 acclamare:

65 1037 144 1064 Tunc
165 1038 253 1064 stabit
279 1039 375 1075 justus
397 1047 461 1065 cum
488 1039 580 1065 mulla
598 1038 710 1075 fiducia
725 1048 761 1065 ef
785 1038 907 1064 adverso
921 1045 1037 1069 eorum,
1057 1039 1148 1072 quise
1167 1034 1339 1074 afflixerant
1360 1039 1387 1061 et
1409 1033 1459 1070 qui
1485 1040 1625 1069 asperna-

61 1085 168 1111 bantur
180 1084 293 1112 labores
314 1084 403 1111 illius.
419 1084 561 1111 Videntes
574 1094 637 1111 eum
660 1085 865 1118 turbabuntur,
880 1089 907 1110 et
920 1093 1004 1121 super
1025 1082 1233 1110 admirandam
1244 1082 1305 1118 ejus
1325 1080 1450 1108 salutem
1464 1078 1555 1105 valde
1568 1084 1625 1104 eer-

59 1131 212 1158 rebantur.
228 1129 302 1166 Quid
328 1130 428 1168 profuit
451 1129 528 1157 nobis
541 1129 667 1168 superbia
683 1130 696 1157 ⁴?
707 1136 753 1157 aut
772 1129 838 1166 quid
849 1129 976 1167 jactantia
994 1128 1105 1156 contulit
1120 1128 1133 1155 ἶ)
1146 1128 1208 1156 Haec
1227 1121 1301 1155 erant
1316 1126 1350 1155 ad
1365 1135 1475 1153 manum
1497 1135 1556 1162 qure
1572 1123 1626 1151 dici

62 1183 196 1214 poterant.

100 1226 135 1251 At
159 1233 205 1251 nos
219 1224 332 1252 encomii
344 1224 416 1262 stylo
428 1234 457 1252 ea
468 1246 476 1258 ‚
493 1234 552 1261 qua:
563 1223 688 1261 deinceps
706 1229 863 1257 evenerunt,
882 1232 1084 1260 prosequamur.

84 1269 254 1308 ·Egredienti
269 1281 303 1298 ex
322 1278 402 1309 puteo
424 1280 472 1298 rex
486 1277 510 1298 et
523 1280 623 1305 omnes,
638 1270 685 1307 qui
700 1280 761 1298 cum
776 1280 806 1298 eo
820 1269 847 1297 in
861 1270 978 1296 furorem
996 1269 1048 1296 acti
1067 1276 1141 1296 erant
1152 1291 1160 1305 ,
1182 1268 1292 1297 obviam
1309 1268 1396 1296 ierunt
1416 1267 1481 1295 nudi
1499 1273 1523 1295 et
1536 1266 1628 1295 desor-
1663 1269 1756 1292 XVIII.

60 1328 127 1352 ines,
151 1324 177 1345 et
192 1317 286 1356 procul
302 1317 336 1345 ab
352 1317 418 1345 urbe
439 1324 536 1345 stantes
566 1317 765 1355 exspectabant.
788 1319 821 1344 At
843 1327 905 1344 cum
928 1315 1081 1344 venientem
1096 1326 1110 1343 a
1126 1315 1204 1353 longe
1219 1316 1417 1354 prospexissent
1434 1338 1441 1349 ⁷
1454 1325 1546 1343 carnes
1568 1325 1628 1343 suas
1655 1301 1783 1353 fsl'ffiffllffi]

58 1365 200 1393 furibundi
217 1364 356 1400 devorare,
372 1365 489 1393 clamare
506 1371 531 1392 et
544 1364 632 1392 dicere
645 1371 782 1403 coeperunt
800 1374 806 1391 :
821 1364 893 1393 Veni
906 1385 913 1399 ,
927 1363 1019 1402 angele
1036 1363 1063 1391 in
1088 1373 1200 1402 corpore
1219 1362 1336 1401 degens,
1350 1369 1374 1390 et
1390 1373 1439 1401 ope
1451 1362 1562 1390 luminis
1587 1363 1627 1390 tui
1695 1364 1782 1399 obyiarii

60 1413 160 1441 amicos
183 1413 353 1441 tenebrarum
379 1412 424 1451 qui
441 1423 487 1440 nos
505 1412 639 1444 infestant,
651 1412 755 1451 expelle
769 1424 774 1439 :
791 1410 867 1449 veni,
883 1411 1040 1450 profligator
1055 1421 1158 1445 eorum,
1174 1410 1221 1448 qui
1238 1411 1314 1438 nobis
1329 1410 1514 1445 dominantur,
1531 1409 1630 1448 quique
1641 1393 1786 1447 ν’,ζῖζῗζηιτζζ

59 1460 174 1498 superba
198 1459 384 1488 etacerhabant
397 1465 502 1497 pectora
518 1466 608 1487 nostra
621 1481 629 1495 ‚
646 1465 675 1486 ut
699 1469 760 1487 eum
773 1481 780 1494 ,
792 1458 838 1496 qui
864 1468 907 1486 eos
925 1458 1075 1495 torquebat,
1089 1464 1272 1495 torqueremus
1286 1470 1291 1484 :
1306 1458 1378 1494 veni,
1395 1457 1440 1494 qui
1454 1467 1565 1495 corpore
1584 1457 1629 1485 vi-
1658 1457 1784 1476 ‘'wien“’m

58 1505 147 1534 sibilis
159 1516 198 1541 es,
218 1512 248 1534 ut
259 1505 409 1544 invisibiles
432 1505 564 1533 mentium
584 1512 737 1533 nostrarum
751 1505 872 1533 tenebras
886 1504 1019 1543 propellas
1034 1516 1040 1531 ε
1053 1504 1115 1532 veni
1127 1527 1134 1539 ,
1145 1504 1192 1542 qui
1208 1510 1279 1532 veste
1304 1503 1416 1532 indutus
1430 1514 1457 1531 es
1471 1503 1589 1531 coriacea
1605 1511 1630 1532 et
1643 1494 1693 1545 Εέζῃ
1705 1487 1785 1546 ἰιςιέἕζ

59 1553 209 1587 materiali,
227 1560 257 1581 ut
273 1553 460 1581 immateriales
474 1560 498 1581 et
514 1553 682 1591 incorporeos
694 1552 783 1580 hostes
795 1559 897 1580 nostros
909 1574 916 1586 ‚
932 1551 979 1589 qui
999 1562 1046 1580 nos
1059 1552 1236 1589 insequuntur
1246 1574 1253 1588 ‚
1267 1550 1415 1589 insequaris
1432 1561 1438 1578 :
1458 1550 1527 1586 veni,
1543 1551 1594 1585 sol,
1604 1559 1628 1580 et
1643 1552 1696 1569 ⁰¹²²·

58 1599 164 1628 fervido
186 1606 232 1628 tuo
248 1600 334 1629 calore
344 1599 525 1628 exundantem
538 1600 682 1639 impietatis
697 1606 793 1628 nostrae
810 1605 954 1628 torrentem
974 1598 1089 1627 exsicca.
1107 1598 1214 1626 Divinae
1229 1599 1318 1636 ignem
1334 1597 1463 1626 doctrinae
1477 1604 1529 1626 tuoe
1552 1597 1630 1626 nobis

59 1647 223 1684 admoveas,
237 1647 283 1686 qui
304 1658 363 1684 nos,
378 1654 471 1685 stagno
485 1647 545 1686 gelu
567 1654 689 1676 concreto
714 1647 852 1675 immersos
863 1669 870 1683 ‚
885 1646 967 1674 calori
982 1646 1113 1674 restituat.
1130 1646 1201 1675 Veni
1216 1669 1223 1682 ,
1240 1646 1341 1675 flumen
1356 1645 1496 1682 divinum,
1509 1645 1628 1674 steriles-

61 1704 114 1731 que
133 1704 241 1733 campos
262 1700 366 1722 nostros
380 1694 474 1732 irriga,
491 1701 521 1722 nt
542 1694 631 1722 virens
647 1693 797 1722 reflorescat
810 1703 899 1722 semen
918 1693 1096 1728 exsiccatum,
1110 1692 1207 1731 quoda
1223 1698 1248 1720 te
1260 1692 1287 1720 in
1302 1703 1349 1721 nos
1368 1691 1477 1720 decidit.
1496 1692 1627 1730 Segestes,

61 1751 127 1778 quas
154 1740 246 1769 seceris
273 1747 302 1769 ut
320 1747 484 1779 turgescant,
507 1741 573 1769 falce
593 1741 687 1769 divina
703 1740 807 1769 demete
824 1751 831 1768 :
854 1740 954 1776 bobus,
967 1740 1014 1778 qui
1032 1746 1101 1770 sunt*
1113 1739 1165 1768 lilii
1188 1739 1245 1775 tui,
1261 1739 1305 1767 vel
1324 1739 1463 1778 flagellum
1475 1761 1482 1774 ,
1495 1738 1568 1777 quod
1587 1746 1624 1767 est

60 1787 152 1825 lingua
174 1794 230 1822 tua,
246 1787 362 1823 tritura;
380 1787 492 1825 illasque
502 1787 596 1816 eadem
618 1787 710 1825 lingua
728 1794 773 1816 tua
791 1786 891 1815 ventila
909 1798 915 1815 ε
930 1786 1041 1815 brachio
1053 1793 1099 1815 tuo
1117 1786 1211 1814 divino
1225 1786 1253 1814 in
1267 1796 1392 1815 acervum
1410 1796 1547 1825 compone,
1562 1796 1629 1824 quas

62 1834 145 1862 etiam
165 1834 191 1862 in
217 1834 313 1863 horrea
333 1833 426 1862 divina
445 1841 603 1874 comportes.
616 1834 685 1864 Veni
701 1857 709 1870 ‚
723 1834 769 1872 qni
786 1845 799 1863 e
812 1834 876 1863 caelo
894 1835 994 1863 effusus
1015 1845 1042 1862 es
1057 1857 1065 1870 ‚
1082 1833 1310 1872 candentibusque
1324 1834 1452 1862 doctrina?
1466 1840 1518 1861 tnae
1534 1833 1628 1872 prunis

49 1880 152 1918 *spinas
166 1880 327 1909 carduorum
338 1890 493 1917 concrema,
509 1891 568 1919 quae
583 1881 707 1909 laborum
730 1888 838 1910 tuorum
853 1891 941 1910 semen
957 1881 1165 1910 suffocaverunt.
1192 1880 1342 1919 Egredere,
1358 1879 1480 1908 minister
1498 1879 1548 1908 Dei
1561 1903 1568 1915 ,
1593 1891 1627 1909 ex

63 1933 142 1964 puteo
157 1925 292 1965 profundo
304 1947 312 1959 ‚
323 1925 369 1963 qui
389 1925 479 1954 lumen
494 1926 622 1955 doctrinae
641 1933 692 1955 tuae
709 1937 743 1955 ex
759 1926 864 1966 abyssis
885 1937 991 1955 sursum
1010 1926 1130 1965 sparsisti
1147 1936 1154 1954 ε
1171 1925 1298 1964 egredere
1311 1947 1318 1961 ‚
1335 1932 1360 1953 et
1380 1925 1407 1953 in
1423 1924 1539 1964 stygiam
1565 1925 1628 1963 gla-

63 1973 129 2001 ciem
147 1980 268 2001 austrum
282 1973 339 2001 lene
362 1972 506 2012 spirantem
519 1973 615 2002 excita.
627 1975 688 2003 Jam
704 1974 730 2002 in
748 1981 772 2002 te
786 1974 869 2003 situm
883 1981 922 2002 est
940 1973 1034 2002 divino
1055 1980 1152 2002 terram
1171 1983 1295 2002 exercere
1317 1979 1418 2007 aratro,
1433 1983 1514 2010 quam
1541 1972 1628 2000 colere

62 2027 137 2048 antea
153 2030 204 2048 non
216 2019 368 2048 sinebamus
377 2041 385 2055 ‚
401 2030 461 2048 cum
475 2020 623 2059 praesertim
644 2021 766 2050 lucidum
786 2021 869 2049 solem
888 2021 915 2049 in
930 2020 1062 2057 tenebras,
1079 2021 1152 2049 velut
1167 2020 1194 2049 in
1211 2030 1343 2049 carcerem
1358 2042 1365 2056 ,
1379 2018 1627 2047 immisericorditer

63 2065 263 2095 detruserimus.

106 2114 166 2141 Jam
185 2122 249 2140 vero
263 2111 333 2140 beati
352 2111 444 2140 laudes
459 2134 465 2147 ,
482 2123 529 2151 pro
548 2112 631 2152 ipsius
646 2113 748 2142 meritis
760 2137 767 2150 ,
782 2114 902 2142 encomio
918 2113 1043 2152 prosequi
1055 2122 1134 2152 penes
1149 2123 1191 2140 me
1206 2122 1258 2140 non
1269 2118 1324 2147 est,
1337 2111 1399 2140 licet
1410 2110 1439 2139 id
1455 2110 1523 2139 mihi
1536 2111 1626 2140 maxi-
1646 2112 1649 2116 ”
1675 2123 1744 2145 th.

62 2169 104 2187 me
118 2158 152 2186 sit
169 2158 194 2186 in
210 2157 289 2185 votis.
303 2157 398 2185 Dicam
409 2157 492 2196 igitur
506 2168 587 2195 quam
599 2158 758 2187 brevissime
773 2169 802 2187 ea
822 2170 880 2197 quae
896 2165 984 2198 postea
999 2159 1118 2198 profecto
1138 2164 1295 2186 consecutus
1316 2164 1364 2186 est.
1638 2193 1647 2205 ς
1697 2155 1780 2207 metii&

104 2204 222 2233 Fidelem
238 2214 344 2231 servum
356 2214 434 2232 suum
448 2204 486 2232 sic
505 2204 637 2233 allocutus
652 2211 690 2233 est
710 2206 819 2234 Creator
833 2216 839 2233 :
857 2205 946 2244 Euge,
963 2215 1039 2233 serve
1052 2205 1121 2233 bone
1135 2211 1160 2232 et
1180 2203 1267 2232 fidelis
1282 2226 1289 2239 ,
1303 2214 1336 2232 ne
1351 2202 1416 2241 quid
1436 2202 1568 2231 sollicitus
1589 2203 1625 2232 sis
1639 2191 1780 2238 ’Ἓῖζῇωῇ

61 2254 95 2281 de
109 2259 153 2280 tua
167 2250 274 2279 seminis
290 2250 317 2279 in
329 2257 409 2279 terras
422 2251 584 2290 projectione
597 2263 603 2280 :
621 2259 649 2280 tu
664 2252 790 2291 plantasti
807 2275 814 2288 ‚
826 2253 907 2282 Paule
919 2252 986 2281 alter
998 2263 1004 2281 :
1017 2262 1065 2291 ego
1080 2258 1169 2280 autem
1187 2251 1380 2279 incrementum
1398 2250 1442 2281 do,
1460 2250 1546 2287 Veni,
1557 2250 1625 2279 intra
1639 2249 1781 2301 “affirm‘’

63 2300 88 2327 in
102 2297 229 2337 gaudium
254 2296 363 2325 Domini
378 2297 428 2326 tui.
446 2298 485 2325 Ne
505 2298 598 2327 timeas
612 2321 619 2333 ‚
640 2299 729 2327 Moses
755 2299 823 2328 alter
837 2323 844 2335 ‚
868 2299 953 2338 quod..
967 2298 1017 2327 tibi
1041 2298 1146 2326 nonnisi
1172 2308 1262 2326 recens
1282 2296 1443 2326 crediderint
1458 2297 1552 2337 populi
1567 2308 1574 2325 ε
1596 2303 1625 2326 tu
1638 2309 1674 2328 m

62 2346 133 2374 enim
149 2354 191 2372 me
203 2343 288 2381 magis
302 2353 383 2381 quam
398 2354 494 2382 corpus
516 2351 591 2373 tuum
612 2344 832 2383 dilexisti.Veni,
849 2346 986 2384 requiesce
997 2356 1012 2374 a
1026 2344 1164 2374 laboribus
1187 2344 1252 2378 tuis,
1266 2354 1333 2373 nove
1345 2344 1459 2373 Daniel:
1479 2344 1628 2384 nuptialem

1637 1028 1720 1057 Sap.5.
1728 1034 1735 1048 1
1755 1033 1779 1050 ².

100 2448 108 2477 (
120 2448 126 2468 t
140 2448 148 2477 )
160 2445 206 2468 llic
219 2445 243 2468 iu
257 2449 325 2468 textu
335 2444 444 2468 Armeno
453 2445 573 2476 reperitur
582 2453 630 2469 vox
641 2446 741 2478 1'11qui17·
755 2451 782 2470 at
797 2445 880 2469 nescio
893 2445 925 2468 :ui
939 2453 1011 2478 quem
1025 2444 1112 2468 referri
1126 2442 1226 2468 debeat.

103 2487 147 2518 (2)
160 2484 291 2517 Egi-edere,
305 2492 374 2508 serve
383 2485 434 2511 Dei.
446 2486 465 2509 si
475 2485 558 2510 adhuc
570 2492 694 2518 superstes
705 2487 739 2511 vix
747 2488 775 2517 is,
787 2495 860 2518 quem
875 2493 958 2510 tamen
968 2492 1086 2517 sospitem
1101 2492 1151 2509 esse
1160 2493 1205 2517 pro
1215 2490 1285 2509 certo
1296 2489 1375 2508 tenco.
1388 2483 1514 2509 Potestate
1524 2486 1628 2510 Domini

75 2527 119 2551 Dei
131 2526 174 2557 tui,
189 2533 231 2557 per
245 2533 316 2557 quem
327 2524 384 2549 licet
397 2532 423 2550 ut
436 2525 504 2550 illinc
514 2525 656 2559 egrediaris,
667 2527 721 2552 veni
731 2527 806 2553 foras.
819 2527 952 2560 ligneam,
966 2532 1014 2550 etc.
