1886 2846
89 891 180 911 Pneficae
208 891 229 910 in

88 922 204 941 funeribus

88 958 192 972 dfss'cnlll'*
219 958 229 970 2

87 983 214 1011 Chnjsosto-

87 1021 132 1034 ruo.

89 1093 145 1113 Cul-
160 1090 185 1114 3.
204 1092 228 1114 5.

244 180 289 215 (33

243 261 334 284 autem
349 255 490 290 denuntio,
504 255 655 294 divitesque
666 264 691 285 et
706 266 833 295 pauperes
847 262 872 283 ct
887 255 982 282 mulie-

243 313 285 330 res
313 302 435 340 virosque
456 301 534 331 valde
558 302 682 331 obtestor.
708 303 851 340 Contingat
875 300 983 338 quidem

563 195 591 218 S.
619 195 757 219 sommis
783 194 962 218 cuanos‘r.
993 194 1146 217 ancufflt‘.
1175 193 1440 217 CONSTANTINOP-

1037 255 1122 294 ἄωρον
1136 255 1253 284 θάνατον.
1278 256 1380 284 Γένοιτο
1395 256 1441 293 μὲν
1454 250 1497 284 οἶν
1508 258 1596 290 τοῦτο,
1613 255 1658 283 καὶ
1670 257 1745 284 τοῦτο
1759 254 1799 282 εὕ-

1037 312 1133 339 χομαι,
1150 301 1194 329 καὶ
1209 300 1266 333 τοὺς
1283 301 1422 341 προέδρους
1441 302 1466 331 δὲ
1482 302 1526 330 καὶ
1540 302 1640 333 πάντας
1653 303 1720 338 ὑμᾶς
1734 301 1800 335 ὑπὲρ

242 346 320 376 vobis
342 348 468 376 omnibus
484 355 513 376 ut
529 348 630 386 absque
651 349 724 376 luctu
738 359 752 376 e
765 348 818 376 vita
837 345 982 381 excedatis,
1000 370 1022 389 [⁴8
1038 347 1157 381 ἀλλήλων
1177 349 1324 385 παρακαλῶ
1343 348 1465 383 δεηθῆναι
1489 350 1534 376 τοῦ
1555 350 1638 382 Θεοῦ,
1653 346 1699 375 καὶ
1713 345 1802 379 κοινὴν

241 401 267 422 et
283 405 311 422 ea
328 405 379 432 qua
400 405 449 433 par
463 402 501 423 cst
525 395 595 433 lege,
611 402 698 433 patres
723 394 768 431 qui
791 398 983 421 consenuerunt
1001 398 1019 418 Α
1037 393 1197 427 ποιήσασθαι
1216 393 1312 428 ταύτην
1335 394 1412 432 εὐχήν
1424 405 1430 411 ’
1446 396 1468 422 εἷ
1484 394 1526 429 δὲ,
1546 394 1611 433 ὅπερ
1633 391 1712 427 ἀπείη
1734 391 1800 430 μηδὲ

241 439 409 467 deducantur
423 451 436 467 a
453 440 528 476 filiis,
542 447 566 468 et
581 447 676 468 matres
692 451 705 467 a
721 439 827 467 filiabus
842 444 867 464 et
882 436 980 474 nepoti-

242 485 292 513 bus
309 492 333 513 et
348 486 538 524 pronepotibus
553 486 579 513 in
594 486 662 513 bona
677 492 701 512 ct
715 482 846 523 profunda
861 488 983 509 senectu-

242 537 278 565 te,
296 537 321 558 et
334 541 465 568 nusquam
482 531 514 558 sit
531 541 601 558 mors
617 531 765 557 innnatura.
779 528 834 555 Hoc
847 536 909 565 ergo
921 536 982 554 con-

241 577 343 615 tingat,
353 584 377 605 et
392 578 441 605 hoc
456 584 517 615 opto
532 584 556 604 ct
568 586 660 615 precor
674 587 678 601 z
693 573 870 612 praesidesque
890 579 915 600 et
933 582 982 600 vos

240 633 332 651 omnes
356 633 420 661 rogo
443 629 467 650 et
492 622 582 649 hortor
597 627 625 647 ut
641 621 729 647 Deum
743 619 809 646 alter
830 629 878 657 pro
900 618 981 646 altero

241 671 336 706 oretis⁷
350 677 373 698 et
386 680 524 698 commune
539 669 588 696 hoc
599 668 631 695 sit
644 673 761 694 vestrum
776 672 869 694 votum
881 677 886 692 :
900 665 920 693 si
938 675 982 693 au-

242 723 305 752 tem,
318 716 389 754 quod
407 715 474 743 absit
499 724 582 750 neque
601 712 722 748 accidat,
739 711 833 740 acerba
849 721 920 739 mors
935 710 983 738 ali-

243 773 294 800 qua
311 762 442 793 evenerit,
459 760 581 795 (acerba,
609 759 729 796 inquam,
750 768 801 786 non
823 764 917 786 natura
940 767 983 786 ne-

243 818 294 845 que
305 807 374 835 enini
387 813 423 834 est
431 806 464 833 de
480 812 572 833 caetcro
583 815 654 832 mors
662 804 755 832 acerba
766 815 773 839 ;
783 814 797 831 a
807 813 898 831 somno
910 803 984 831 enim

244 852 311 880 nihil
326 852 430 887 dissert3
444 850 491 879 sed
506 851 526 878 si
542 857 629 878 nostra
650 856 782 888 spectetur
796 849 919 885 affectio)
937 862 943 877 :
961 849 982 876 si

243 898 325 936 igitur
339 898 431 925 acerba
444 908 514 925 mors
529 896 654 930 evenerit,
663 903 688 924 et
702 895 799 933 aliquis
810 895 858 923 has
870 905 928 933 quae
940 895 983 923 la-

244 951 392 972 mententur
409 943 580 977 conduxerit,
596 942 663 971 mihi
680 941 779 970 credite
793 941 893 970 dicenti
911 953 917 968 :
932 951 984 970 non

242 991 318 1019 aliter
340 990 410 1019 enim
431 990 506 1027 dico,
528 1000 609 1028 quam
633 999 693 1017 sum
714 989 841 1025 affcctu53
856 987 902 1026 qui
919 988 985 1016 velit

242 1037 371 1065 irascatur
385 1047 461 1065 :eum
475 1036 555 1074 longo
568 1042 685 1074 tempore
694 1034 843 1062 arcebimus
855 1034 893 1061 ab
901 1034 983 1062 eccle-

242 1083 290 1118 sia,
303 1090 439 1120 tamquam
453 1081 631 1110 idololatram.
642 1081 710 1108 Nam
723 1080 744 1107 si
759 1079 858 1108 Paulus
872 1090 983 1107 avarum

241 1135 319 1157 vocat
334 1129 502 1157 idololatram
519 1139 524 1153 ε
540 1127 624 1155 multo
634 1126 718 1165 magis
729 1137 789 1154 eum
801 1126 847 1164 qui
859 1137 939 1165 super
951 1126 982 1154 fi-

240 1175 327 1203 delem
343 1185 372 1203 ea
385 1173 533 1203 introducit
545 1183 602 1211 qnae
614 1179 675 1200 sunt
683 1172 893 1200 idololatrarum.
905 1173 982 1207 Qua-

240 1232 302 1249 nam
311 1222 381 1249 enim
392 1220 426 1249 de
434 1230 512 1248 causa
521 1242 529 1255 ‚
546 1219 590 1247 dic
603 1229 704 1256 quaeso,
717 1229 797 1247 vocas
814 1218 983 1257 presbyteros

240 1273 265 1295 et
276 1277 320 1295 eos
331 1267 377 1304 qui
388 1265 527 1305 psallunt?
539 1275 590 1292 non
601 1271 630 1292 ut
642 1263 807 1292 consoleris?
821 1273 871 1291 non
882 1270 909 1291 ut
921 1274 982 1292 eum

240 1312 352 1340 honores
361 1312 406 1349 qui
418 1310 551 1339 excessit?
562 1310 617 1338 Cur
628 1320 690 1348 ergo
703 1319 762 1337 eum
773 1309 933 1337 contumelia
943 1310 984 1337 af-

240 1360 319 1388 ficis?
335 1371 382 1387 cur
397 1358 534 1387 traducis?
549 1368 595 1385 cur
607 1356 680 1384 ludis
694 1363 829 1393 tamquam
844 1356 870 1384 in
885 1356 984 1384 scena?

241 1406 295 1434 Nos
323 1406 445 1433 venimus
469 1403 502 1432 de
528 1402 719 1432 resurrectione
747 1401 967 1440 philosophantes
977 1424 985 1435 ,

241 1462 330 1480 omnes
351 1451 518 1483 erudientes,
541 1449 622 1477 etiam
646 1458 690 1476 eos
711 1448 757 1484 qui
781 1447 901 1475 nondum
923 1454 985 1475 sunt

241 1497 297 1531 icti,
320 1507 367 1535 per
389 1496 516 1524 honorem
544 1494 591 1532 qui
615 1493 655 1521 illi
684 1493 814 1528 habetur,
836 1499 866 1521 ut
881 1493 902 1520 si
919 1492 982 1530 quid

241 1541 372 1581 ejusmodi
386 1540 526 1579 contigerit
537 1563 543 1574 ⁷
555 1539 658 1567 sortiter
671 1538 754 1567 ferant
770 1551 776 1566 ε
795 1545 821 1566 tu
837 1545 924 1566 autem
940 1548 984 1566 cos

241 1587 368 1620 adducis,
383 1587 428 1625 qui
443 1610 449 1620 7
460 1585 532 1624 quod
552 1585 586 1614 ad
600 1585 672 1624 ipsos
694 1591 808 1624 spectat,
824 1590 914 1614 nostra
933 1584 982 1613 de-

242 1634 369 1663 struunt?

1038 439 1164 477 συμὲαίη,
1177 439 1269 478 πικρός
1281 451 1319 471 τις
1330 440 1437 478 γένηται
1450 439 1557 472 Θάνατος
1571 438 1674 478 (πικρὸς
1686 437 1712 466 δὲ
1724 437 1802 475 λέγω,

1036 485 1065 513 οὗ
1079 487 1110 523 τῇ
1128 484 1203 524 φύσει
1214 496 1220 502 ·
1237 484 1294 513 οὐδὲ
1308 484 1359 524 γάρ
1374 486 1430 513 ἐστι
1442 484 1533 513 λοιπὸν
1545 485 1637 524 πικρὸς
1650 487 1663 512 ὁ
1678 483 1802 515 θάνατος·

1036 530 1116 559 ὕπνου
1128 530 1179 570 γὰρ
1192 529 1263 559 οὐδὲν
1283 530 1428 569 διενήνοχεν
1437 541 1443 547 ·
1459 530 1525 558 ἀλλὰ
1539 530 1630 568 πικρὸς
1643 529 1726 567 λέγω,
1739 527 1804 566 πρὸς

1035 576 1082 611 τὴν
1097 576 1227 616 ἡμετέραν
1245 576 1385 611 &tameo-ud·
1408 577 1430 604 εἰ
1449 571 1494 604 οὖν
1512 572 1585 608 οἶτος
1598 574 1714 614 συμὸαίη
1729 597 1736 610 ,
1757 574 1802 603 καί

1035 634 1101 655 τινες
1113 622 1160 655 τὰς
1171 622 1314 662 θρηνούσας
1325 622 1422 654 ταύτας
1440 622 1616 660 μισθώσαιντο
1626 645 1633 658 ,
1643 620 1803 651 πιστεύσατέ

1037 679 1082 706 μοι
1095 667 1208 707 λέγοντι7
1225 669 1272 696 οὐκ
1283 668 1369 700 ἄλλως
1381 668 1431 706 γὰρ
1444 669 1503 706 ἐρῶ,
1516 669 1573 696 ἀλλ’
1586 669 1621 700 ὡς
1633 667 1701 707 ἔχω·
1713 669 1727 695 ὁ
1740 668 1802 704 βου-

1036 714 1144 751 λόμενος
1163 714 1304 752 ὀργιζέσθω
1316 725 1322 732 ·
1338 713 1418 742 πολὺν
1441 713 1517 742 αὐτὸν
1532 713 1624 754 χρόνον
1641 715 1688 747 τῆς
1706 713 1803 746 ἐκκλη-

1038 759 1096 791 σίας
1107 759 1219 798 ἀπείρξω
1230 762 1265 792 ὡς
1275 759 1318 788 τὸν
1331 759 1534 797 εἷδωλολοίτρην.
1560 760 1594 788 Ei
1606 758 1656 798 γὰρ
1667 759 1711 787 τὸν
1722 759 1803 786 πλεο-

1037 805 1131 839 νέκτην
1145 804 1335 843 εἷδωλολάτρην
1350 806 1424 832 καλεῖ
1438 807 1451 833 ὁ
1462 806 1566 837 Παῦλος
1578 827 1585 841 ‚
1597 806 1688 843 πολλῷ
1703 804 1802 842 μᾶλλον

1037 850 1080 879 τὸν
1097 850 1141 879 ἐπὶ
1161 854 1255 879 πιστοῦ
1272 850 1305 878 τὰ
1321 852 1372 878 τῶν
1392 851 1586 888 εἷδιι)λολατρῶν
1606 849 1802 888 ἑπεισφέροντα.

1038 896 1117 929 Τίνος
1128 897 1178 934 γὰρ
1196 895 1291 931 ἕνεκεν,
1304 895 1362 924 εἶπέ
1375 907 1428 933 μοι,
1442 895 1631 934 πρεσὸυτέρους
1643 897 1746 930 καλεῖς,
1758 895 1802 923 καὶ

1037 941 1094 974 τοὺς
1104 942 1267 981 ψάλλοντας;
1279 943 1328 980 οὐχ
1337 940 1406 970 ὥστε
1416 941 1665 979 παραμυθήσασθαι,
1678 942 1726 979 οὐχ
1734 940 1802 969 ὥστε

1037 989 1148 1026 τιμῆσαι
1165 988 1207 1016 τὸν
1220 988 1382 1022 ἀπελθόντα;
1397 987 1433 1016 Τί
1447 986 1532 1015 τοίνυν
1547 986 1623 1015 αὐτὸν
1637 986 1763 1025 ὑὸρίζεις;
1777 985 1803 1014 τί

1038 1034 1065 1063 δὲ
1077 1034 1338 1072 παραδειγματίζεις;
1351 1033 1377 1060 τί
1393 1033 1418 1061 δὲ
1431 1033 1541 1067 παίζεις,
1553 1032 1643 1072 ὥσπερ
1659 1034 1684 1061 ἐν
1699 1034 1783 1070 σκηνῇ
1794 1043 1801 1068 3

1037 1079 1130 1118 Ἡμεῖς
1149 1079 1280 1118 ἐρχόμεθα
1294 1079 1327 1108 τὰ
1342 1078 1401 1117 περὶ
1415 1079 1581 1110 ἀναστάσεως
1595 1079 1803 1117 φιλοσοφοῦντες,

1036 1125 1136 1158 πάντας
1155 1125 1320 1156 παιδεύοντες
1329 1147 1336 1159 ‚
1362 1125 1407 1152 καὶ
1433 1123 1491 1156 τοὺς
1514 1124 1625 1162 μηδέπω
1648 1123 1803 1161 πεπληγμέ-

1036 1184 1093 1204 νους
1103 1195 1110 1207 ,
1134 1171 1176 1200 διὰ
1194 1174 1241 1206 τῆς
1256 1173 1291 1204 εἷς
1305 1173 1401 1199 ἐκεῖνον
1416 1173 1510 1207 τιμῆς,
1531 1169 1556 1198 εἴ
1569 1181 1631 1198 ποτε
1645 1169 1761 1206 συμὸαίη
1776 1181 1801 1198 τι

1036 1222 1162 1252 τοιοῦτον,
1177 1217 1262 1256 φέρειν
1275 1217 1397 1255 γενναίως
1406 1228 1413 1234 ’
1429 1216 1459 1245 σὺ
1472 1216 1499 1245 δὲ
1512 1216 1583 1254 ἄγεις
1594 1215 1651 1249 τοὺς
1662 1215 1695 1244 τὰ
1707 1215 1803 1254 ἡμὲτξ-

1040 1275 1070 1303 ρα
1085 1265 1287 1302 καθαιροῦντας,
1301 1262 1330 1290 τό
1344 1274 1373 1300 γε
1387 1263 1470 1291 αὐτῶν
1487 1261 1578 1301 μέροςς

660 1735 833 1765 MUTIANO
856 1734 1108 1764 SCHOLASTICO
1129 1734 1380 1764 INTERPRETE.

242 1839 318 1867 terim
330 1838 380 1867 hoc
396 1837 523 1877 przecipio
537 1842 562 1864 et
579 1835 705 1863 testificor
718 1842 743 1863 et
753 1834 850 1863 divites
862 1841 887 1862 et
904 1843 1043 1872 paupereS‚
1055 1840 1081 1861 et
1094 1833 1218 1861 mulieres
1229 1840 1255 1862 et
1270 1833 1352 1862 viros.
1363 1833 1505 1872 Contingat
1519 1833 1630 1871 quidem
1647 1843 1693 1861 uos
1708 1843 1799 1862 omnes

241 1885 297 1914 sinc
311 1885 386 1913 luctu
403 1895 437 1912 ex
456 1883 507 1911 hac
524 1882 579 1911 vita
595 1881 722 1920 migrare,
738 1888 763 1909 et
783 1880 928 1909 secundum
946 1880 1030 1919 legem
1048 1886 1226 1919 competenter
1243 1886 1330 1918 patres
1346 1891 1360 1908 a
1378 1879 1441 1907 filiis
1455 1889 1528 1907 senes
1542 1878 1650 1914 deduci,
1663 1885 1688 1907 et
1702 1886 1799 1908 matres

241 1942 256 1959 a
271 1930 378 1958 filiabus
391 1935 416 1957 ct
431 1928 572 1967 nepotibus
590 1934 615 1955 et
629 1927 820 1966 pronepotibus
836 1927 861 1954 in
875 1927 968 1965 pingui
982 1933 1124 1963 senectute,
1141 1933 1165 1954 et
1182 1936 1312 1964 nusquam
1329 1925 1480 1963 contingere
1492 1925 1662 1953 immaturam
1676 1932 1797 1954 mortem.

241 1977 384 2015 Contingat
403 1975 512 2014 quidem
532 1975 592 2010 hoc,
605 1981 629 2002 et
647 1974 698 2002 hoe
715 1984 762 2002 oro
775 1981 799 2002 et
814 1973 985 2012 praesidentes
1010 1979 1035 2001 et
1054 1983 1145 2001 omnes
1165 1983 1214 2001 vos
1231 1982 1307 2011 rogo,
1322 1979 1347 2000 et
1369 1972 1483 2000 invicem
1504 1973 1591 2000 Deum
1610 1971 1758 2011 deprecari,
1774 1980 1799 2001 et

242 2034 410 2053 communem
420 2023 489 2050 hanc
506 2022 650 2050 orationem
667 2021 770 2050 efficere
786 2033 791 2048 :
808 2021 830 2049 si
844 2028 944 2055 autem,
959 2020 1031 2059 quod
1046 2020 1115 2049 absit
1131 2027 1156 2048 et
1170 2019 1242 2058 quod
1257 2030 1308 2048 non
1322 2019 1469 2057 contingat,
1484 2030 1572 2047 amara
1585 2018 1708 2057 quaedam
1727 2029 1799 2047 mors

242 2070 344 2099 accidat
365 2072 503 2105 (amaram
517 2075 604 2096 autem
621 2067 692 2102 dico,
718 2078 769 2095 non
790 2074 884 2096 natura
898 2079 905 2101 ;
926 2078 1010 2105 neque
1031 2067 1102 2095 enim
1115 2067 1171 2105 jam
1191 2077 1281 2094 amara
1296 2072 1334 2094 est
1348 2076 1430 2099 mors,
1444 2076 1457 2093 a
1475 2075 1568 2093 somno
1579 2066 1650 2093 enim
1664 2065 1734 2093 nihil
1754 2065 1799 2093 di-

244 2124 314 2145 stans
326 2128 333 2153 ;
343 2115 389 2144 sed
404 2124 522 2143 amaram
534 2114 594 2142 dico
607 2113 737 2148 accidere,
752 2113 786 2141 ad
803 2120 918 2142 vestram
932 2113 1099 2142 affectionem
1110 2111 1266 2151 respiciens)
1280 2134 1288 2147 ‚
1303 2118 1328 2140 et
1343 2111 1428 2149 aliqui
1440 2110 1635 2139 lamentatrices
1649 2111 1712 2139 istas
1730 2121 1798 2139 con-

243 2162 370 2191 duxerint
384 2174 391 2189 2
405 2160 504 2189 credite
526 2159 594 2188 mihi
611 2159 726 2195 dicenti,
740 2170 792 2187 non
811 2160 888 2188 aliter
906 2160 976 2196 dico,
993 2160 1038 2188 sed
1052 2158 1186 2198 quomodo
1202 2158 1305 2195 hahe03
1322 2157 1368 2195 qui
1384 2157 1444 2185 vult
1458 2157 1587 2185 irascatur
1602 2169 1608 2184 :
1625 2167 1672 2195 per
1684 2157 1799 2186 multum

244 2217 348 2248 tempus
358 2219 418 2237 eum
433 2208 467 2236 ab
478 2207 585 2236 ecclesia
597 2206 702 2240 vetabo,
713 2206 780 2234 sicut
794 2206 974 2236 idololatram.
990 2207 1019 2236 Si
1034 2207 1106 2235 enim
1115 2216 1229 2234 avarum
1238 2205 1408 2233 idololatram
1423 2211 1500 2233 vocat
1515 2204 1624 2238 Paulus,
1641 2204 1726 2232 multo
1739 2214 1799 2232 ma-

245 2256 286 2294 gis
302 2266 373 2292 eum,
385 2255 428 2293 qui
441 2265 520 2294 super
531 2253 638 2282 fidelem
650 2260 786 2281 mortuum
800 2264 828 2281 ea
846 2264 903 2291 quae
920 2261 982 2282 sunt
997 2253 1199 2282 idololatrarum
1214 2251 1325 2280 inducit.
1341 2251 1393 2279 Pro
1408 2261 1460 2288 qua
1474 2261 1514 2286 re,
1529 2250 1574 2278 dic
1589 2250 1670 2283 mihi,
1685 2249 1798 2289 presby-

247 2309 315 2330 teros
335 2312 414 2330 vocas
431 2308 456 2329 et
477 2299 641 2340 psallentes?
657 2310 743 2328 nonne
760 2306 790 2327 ut
813 2300 1017 2328 consolationem
1030 2300 1142 2339 recipias
1156 2299 1170 2327 ’τ’
1190 2308 1276 2326 nonne
1295 2304 1325 2326 ut
1344 2297 1457 2325 honores
1480 2296 1683 2325 discedentem?
1708 2296 1798 2331 Quare

246 2349 329 2386 igitur
344 2348 422 2376 illum
440 2347 572 2386 injurias?
583 2357 664 2385 quare
683 2357 744 2374 eum
757 2346 914 2385 exemplas?
927 2357 1008 2384 quare
1028 2346 1100 2374 ludis
1114 2345 1183 2374 sicut
1203 2345 1229 2373 in
1250 2354 1326 2372 scena
1337 2344 1350 2372 Ξ)
1361 2344 1414 2372 Nos
1426 2343 1497 2371 enim
1515 2343 1638 2371 venimus
1651 2342 1685 2370 de
1702 2352 1796 2370 resur-

246 2395 360 2422 rectione
378 2394 604 2433 philosophantes,
619 2393 707 2421 omnia
722 2393 854 2428 docentes,
867 2400 892 2421 et
906 2404 950 2421 eos
965 2393 1010 2431 qui
1022 2394 1134 2422 necdum
1149 2392 1266 2432 percussi
1286 2398 1358 2428 sunt,
1375 2401 1421 2430 per
1435 2391 1563 2419 honorem
1577 2390 1623 2427 qui
1643 2389 1683 2417 illi
1699 2388 1796 2417 tribui-

247 2446 300 2474 tur,
311 2439 331 2467 si
348 2440 454 2477 quando
466 2439 569 2477 aliquid
581 2439 632 2468 tale
642 2439 790 2477 contigerit,
800 2439 868 2467 ferre
877 2438 981 2467 sortiter
995 2451 1000 2467 :
1019 2446 1046 2467 tu
1059 2446 1147 2468 autem
1164 2437 1275 2466 adducis
1287 2448 1341 2475 eos,
1353 2437 1398 2475 qui
1411 2442 1499 2465 nostra
1513 2434 1699 2473 condemnant,
1711 2445 1796 2473 quan*

248 2493 304 2514 tum
321 2486 425 2515 interim
438 2486 472 2515 ad
486 2487 557 2525 ipsos
571 2486 709 2526 pertinet?
