1906 2846
0 1969 9 2244 ‘mv—QV*
0 1931 2 1949 —

414 177 446 198 {N
475 176 581 200 131¹!5T.
616 177 655 199 AD
684 177 852 199 HEBRFOS.

1580 171 1595 179 ,-

883 177 960 199 CM).
991 177 1037 199 Xl.
1069 178 1186 200 nonu„
1218 179 1301 201 XXV.
1579 182 1645 216 3¹27

81 237 132 265 Καὶ
149 237 194 266 θέα
215 249 258 275 μοι
280 237 327 272 τὴν
343 238 552 277 φιλανθρωπίαν,
568 240 615 275 ὅση
631 235 677 274 ἦν·
695 239 786 275 ἐπειδὴ
799 239 850 278 γὰρ
870 241 886 264 Ιὶ
904 245 930 267 et
943 241 972 266 1'11
987 240 1163 278 parabolam
1176 242 1305 280 accepit,
1323 240 1374 269 hot·-
1389 248 1441 279 est,
1457 242 1484 270 in
1501 244 1626 282 exemplo
1640 256 1645 271 :

79 283 181 321 μεγάλη
201 295 240 316 τις
260 283 354 321 ἔμελλε
375 283 491 312 δίδοσθαι
517 285 593 324 χάρις
615 290 668 318 τοῖς
691 285 850 324 ἀνθρώποις,

78 328 235 367 βουλόμενος
251 329 287 366 μὴ
303 329 394 368 χάριτι
409 330 471 358 αὐτὸ
484 333 611 365 ποιῆσαι,
629 332 686 360 ἀλλ’
697 333 733 364 ὡς
747 331 848 369 ὀφειλέ-

77 386 139 409 της,
162 375 356 414 παρασκευάζει
383 377 487 414 πρῶτον
512 377 648 415 ἅνθριιητον
668 377 711 405 τὸν
735 377 789 405 υἱὸν
805 376 848 405 τὸν

77 423 170 450 ἑαυτοῦ
187 422 319 450 ἐπιδοῦναι
339 421 406 461 ὑπὲρ
422 425 466 450 τοῦ
481 424 684 462 προστάγματος
698 426 742 452 τοῦ
757 424 825 452 Θεοῦ
839 444 846 457 ,

76 468 118 497 ἵνα
141 468 222 506 μηδὲν
246 467 306 506 δόξῃ
332 468 400 505 μέγα
428 474 522 504 ποιεῖν,
539 469 582 498 τὸν
604 471 697 498 ἑαυτοῦ
717 469 847 501 ἐπιδιδοὺς

76 514 148 549 Tibia,
164 514 187 542 εἴ
199 525 227 552 γε
244 513 380 552 ἄνθρωπος
399 514 451 553 πρὸ
466 516 543 543 αὐτοῦ
556 518 632 544 τοῦτο
653 515 785 550 ἐποίησεν,
806 513 847 542 ἵνα

77 560 114 597 μὴ
133 560 225 599 χάριτι
248 559 326 597 μόνον
351 563 462 598 νομισθῇ
487 563 564 589 τοῦτο
587 564 682 596 ποιεῖν,
708 559 776 589 ἀλλὰ
802 560 847 588 καὶ

75 608 176 645 ὀφειλῇ.
193 605 247 638 Οὒς
260 605 312 645 γὰρ
330 605 360 633 ἂν
378 607 505 644 φιλῶμεν,
518 607 563 635 καὶ
575 609 650 635 τοῦτο
664 607 750 638 αὐτοῖς
764 605 845 644 χαρί-

75 654 163 685 ζεσθαι
179 652 341 690 βουλόμεθα,
356 653 386 680 τὸ
407 653 491 681 δοκεῖν
503 654 565 691 παρ’
581 653 664 681 αὐτῶν
680 664 705 680 τι
719 652 845 691 πρότερον

74 698 202 732 λαθόντας
224 698 328 736 μικρὸν,
348 699 429 731 οὕτως
444 700 533 730 αὐτοῖς
552 699 582 727 τὸ
602 703 654 728 πᾶν
672 698 784 726 διδόναι·
802 698 846 726 καὶ

904 284 930 312 in
942 285 1039 322 ariete,
1053 285 1149 323 inquit.
1166 286 1334 322 Quomodo?
1351 287 1440 316 Ariete
1450 288 1532 323 enim,
1548 288 1646 327 inquit,

903 339 1034 367 mactato,
1061 333 1105 362 hic
1131 334 1181 362 fuit
1205 335 1305 363 salvus.
1331 336 1516 370 Quamobrem
1541 339 1644 377 accepit

902 390 961 407 cum
978 390 1024 418 per
1039 380 1147 408 arietem
1159 403 1167 417 ,
1185 387 1213 409 ut
1229 380 1275 419 qui
1295 381 1367 410 hunc
1386 393 1435 421 pro
1450 383 1497 411 illo
1512 390 1644 413 mactave-

903 425 947 453 rit.
966 425 1030 454 lloec
1043 433 1131 454 autem
1145 434 1223 455 erant
1242 427 1352 465 quidam
1366 428 1444 467 typi:
1461 429 1505 457 hic
1517 429 1590 458 enim
1605 437 1644 458 cst

903 470 988 499 Filius
1003 472 1051 500 Dei
1064 479 1206 501 mactatus.
1224 473 1292 501 Mihi
1308 480 1397 502 autem
1409 474 1548 503 considera
1563 486 1644 513 quan-

902 525 927 546 ta
944 518 977 547 sit
990 519 1149 557 benignitas.
1164 520 1232 548 Nam
1253 521 1378 558 quoniam
1391 521 1547 551 homiuibus
1570 534 1643 560 qua*—

900 564 962 593 dam
979 575 1075 603 magna
1090 572 1145 594 erat
1161 565 1250 593 danda
1265 566 1367 604 gratia,
1381 567 1474 595 volens
1489 567 1517 595 id
1537 578 1588 596 non
1604 569 1643 596 sa·

901 621 959 639 cere
978 621 1010 640 ex
1023 611 1124 649 gratia,
1137 611 1183 640 sed
1199 618 1334 650 tamquam
1348 612 1467 647 debitor,
1489 613 1571 642 efficit
1586 614 1641 652 pri-

902 666 976 684 mum
989 663 1017 684 ut
1028 656 1108 685 homo
1119 656 1164 685 det
1177 667 1255 685 suum
1269 657 1355 686 tilium
1367 668 1416 697 pro
1426 658 1524 697 placito
1534 659 1583 687 Dei
1592 681 1600 694 7
1612 667 1639 687 ut

901 702 969 731 nihil
980 703 1117 732 videretur
1130 714 1258 742 magnum
1270 704 1355 733 facere
1363 704 1430 733 dans
1441 704 1542 733 Filium
1553 716 1641 738 suum.

73 743 234 783 καυχώμεθα
248 744 291 773 ἐπὶ
307 746 339 782 τῇ
354 744 433 783 λήψει
447 745 546 782 μᾶλλον
562 744 578 779 ἢ
592 744 635 773 ἐπὶ
652 745 683 781 τῇ
703 743 786 778 δόσει,
802 743 846 771 καὶ
865 751 882 773 C
901 749 1033 788 siquidem
1055 757 1115 779 ante
1124 761 1184 779 cum
1196 750 1277 779 homo
1288 750 1338 779 lioc
1347 751 1419 788 fecit,
1432 762 1464 780 nc
1474 751 1641 780 existimare·

73 791 101 818 οὐ
115 791 237 828 λέγομεν,
254 790 313 818 τόδε
334 789 469 827 ἐδώκαμεν
482 791 552 828 αὐτῷ
562 811 569 823 ,
584 789 662 824 ἀλλὰ,
676 789 734 818 τόδε
749 790 844 818 ἐλαίο-

73 848 121 874 μεν
132 839 196 875 παρ’
209 838 295 865 αὐτοῦ.
308 835 390 865 ιὈθεν
405 836 494 871 αὐτὸν,
509 836 588 875 φησὶ,
604 836 649 864 καί
663 838 689 865 ἐν
704 835 844 874 παραίολῇ

73 882 231 920 ἐκομίσατο,
248 882 392 918 τουτέστιν,
412 884 447 915 ὡς
467 884 492 910 ἐν
511 882 663 920 αἰνίγματι·
682 881 772 920 ὥσπερ
793 880 844 920 γὰρ

72 929 212 967 παραδολὴ
225 924 256 963 ἦν
268 930 281 956 ὂ
296 929 366 967 κριὸς
381 931 426 957 τοῦ
447 928 554 957 Ἰσαάκ·
571 928 588 963 ἢ
602 930 637 961 ὡς
653 930 678 956 ἐν
698 929 735 966 τῷ
756 927 841 965 τύπῳ.

72 974 182 1010 Ἐπειδὴ
193 975 244 1014 γὰρ
258 974 404 1013 ἀπήρτιστο
415 977 431 1009 ἡ
447 974 522 1003 θυσία
537 974 582 1002 καὶ
593 974 708 1011 ἔσφακτο
724 975 737 1000 ὁ
750 972 843 1001 Ἰσαὰκ

71 1022 102 1059 τῇ
124 1020 290 1059 προαιρέσει,
312 1020 355 1048 διὰ
379 1023 455 1048 τοῦτο
476 1020 552 1048 αὐτὸν
573 1019 711 1058 χαρίζεται
734 1020 771 1056 τῷ
787 1030 840 1046 πα-

70 1067 193 1105 τριᾶρχῃ.

106 1349 189 1388 (Ορᾷς
207 1348 247 1378 ὅτι
264 1348 277 1377 ὂ
300 1348 340 1377 ἀεὶ
356 1348 440 1386 λέγω,
455 1351 530 1377 τοῦτο
553 1348 598 1376 καὶ
622 1351 665 1376 νῦν
686 1348 835 1386 δείκνυται,

65 1395 150 1424 “Ὀταν
165 1395 216 1433 γὰρ
230 1393 446 1433 παραστήσωμεν
459 1396 536 1432 ἡμῶν
551 1393 598 1428 τὴν
614 1393 731 1422 διάνοιαν
749 1396 834 1433 ἀπηρ-

67 1441 202 1479 τισμένην,
218 1440 262 1468 καὶ
278 1439 403 1478 δείξωμεν
420 1440 460 1468 ὅτι
481 1441 651 1479 ὑπερορῶμεν
665 1442 717 1468 τῶν
739 1440 836 1478 γηΐνων

65 1487 242 1525 πραγμάτιον,
255 1487 314 1516 τότε
326 1489 390 1524 ἡμῖν
407 1486 451 1514 καὶ
466 1485 499 1514 τὰ
514 1486 591 1524 γήϊνα
602 1486 756 1525 χαρίζεται,
769 1487 835 1525 πρό-

66 1545 140 1571 τερον
156 1533 181 1561 δὲ
197 1532 239 1568 οὒ,
253 1532 295 1560 ἵνα
312 1532 348 1570 μὴ
369 1532 398 1560 τὸ
412 1532 502 1560 >affixa
521 1532 747 1570 προσ-δεδεμένους
766 1535 837 1570 ἡμᾶς

66 1580 151 1611 αὐτοῖς
171 1578 209 1606 ἔτι
229 1578 377 1617 προσδήσῃ.
396 1579 498 1613 Λῦσον,
519 1578 599 1616 φησὶ,
621 1577 716 1607 σαυτὸν
732 1581 835 1617 πρῶτον

64 1627 110 1659 τῆς
123 1625 256 1659 δουλείας,
273 1625 317 1653 καὶ
338 1624 397 1653 τότε
413 1624 494 1659 hirris,
508 1624 551 1652 ἵνα
576 1625 671 1662 μηκέτι
691 1637 726 1657 ως
748 1625 836 1657 δοῦλος

63 1671 160 1709 λάὸῃς,
184 1672 241 1699 ἀλλ’
267 1672 301 1702 ὡς
323 1670 464 1704 δεσπότης·
481 1670 680 1709 καταφρόνησον
704 1670 833 1705 πλούτου,

902 802 945 823 tur
957 796 1007 824 hoc
1014 797 1100 825 facere
1108 807 1141 825 cx
1150 797 1233 835 gratia
1246 797 1342 834 solum,
1353 797 1400 826 scd
1410 798 1490 826 ctiam
1499 809 1532 826 ex
1540 797 1640 826 debito.

901 841 968 869 Nam
984 852 1049 879 quos
1057 841 1208 879 diligimus,
1223 841 1273 870 hoc
1284 853 1389 881 quoque
1403 843 1529 872 volumus
1542 843 1579 872 eis
1593 844 1641 873 do-

900 894 981 922 nare,
1003 892 1031 913 ut
1044 885 1183 914 videamur
1198 887 1232 914 ab
1247 887 1279 915 iis
1291 887 1365 926 prius
1380 888 1513 917 consecuti
1536 888 1641 927 aliquid

898 930 1041 968 exiguum,
1066 932 1104 960 sic
1119 933 1156 960 eis
1181 939 1267 961 totum
1286 933 1366 971 dare;
1389 941 1413 962 et
1429 934 1515 973 magis
1536 935 1639 973 glorie-

897 986 958 1004 mur
982 977 1053 1014 quod
1073 978 1264 1016 acceperimus,
1285 990 1365 1017 quam
1385 979 1456 1018 quod
1470 980 1637 1012 dederimus:

897 1027 921 1049 et
937 1031 988 1050 non
1003 1021 1137 1058 dicimus,
1154 1022 1210 1051 Hoc
1231 1023 1253 1051 ei
1272 1023 1409 1061 dedimus,
1433 1025 1495 1060 sed,
1520 1026 1576 1054 Hoc
1606 1025 1640 1054 ab

896 1067 954 1106 ipso
968 1069 1130 1107 accepimus.
1157 1070 1239 1097 Unde
1251 1076 1276 1098 et
1298 1081 1379 1108 eum,
1401 1071 1488 1109 inquit
1504 1095 1511 1109 ‚
1528 1074 1638 1111 accepit

895 1115 926 1141 in
938 1115 1085 1152 parabola
1096 1137 1103 1149 ‚
1125 1114 1176 1143 hoc
1192 1122 1248 1152 est,
1269 1122 1407 1154 tamquam
1422 1117 1448 1145 in
1470 1118 1611 1156 :enigmate
1630 1130 1635 1145 :

894 1166 950 1188 erat
975 1159 1046 1188 enim
1070 1160 1138 1188 aries
1163 1160 1249 1189 veluti
1269 1161 1397 1200 parabola
1421 1169 1467 1190 aut
1489 1163 1638 1192 similitudo

894 1204 967 1232 Isaac
981 1215 987 1231 :
1003 1211 1049 1233 aut
1061 1205 1146 1234 veluti
1158 1205 1185 1233 in
1200 1212 1266 1244 typo
1275 1216 1306 1233 ac
1319 1205 1418 1245 figura.
1433 1207 1502 1235 Nam
1511 1208 1637 1245 quoniam

894 1250 1032 1279 voluntate
1053 1250 1136 1279 animi
1161 1251 1308 1290 perfectum
1331 1252 1418 1280 fuerat
1434 1252 1598 1282 sacrificium
1614 1261 1638 1282 ct

893 1297 996 1326 occisus
1005 1297 1094 1333 Isaac,
1107 1304 1246 1337 propterea
1258 1308 1320 1326 eum
1332 1297 1414 1326 donat
1426 1298 1596 1337 patriarchae.

933 1346 961 1372 9.
973 1343 1059 1373 Vides
1071 1343 1122 1372 hoc.
1139 1354 1210 1372 nunc
1226 1355 1333 1382 quoque
1350 1343 1465 1380 ostendi,
1481 1344 1556 1383 quod
1569 1355 1639 1374 sem-

856 1403 873 1425 Ι)
891 1400 940 1428 per
949 1389 1010 1417 dico
1023 1389 1036 1417 ἔ)
1049 1389 1116 1418 Cum
1133 1389 1206 1418 enim
1221 1397 1338 1418 mentem
1349 1397 1469 1419 nostram
1481 1391 1637 1420 exhibueri-

891 1448 951 1466 mus
966 1437 1122 1476 perfectam,
1135 1445 1160 1466 et
1177 1438 1372 1467 ostenderimus
1386 1449 1434 1467 nos
1455 1449 1496 1468 res
1518 1447 1635 1468 terrenas

890 1483 1042 1523 despicere,
1060 1491 1124 1512 tunc
1139 1495 1246 1523 quoque
1259 1485 1338 1514 nohis
1354 1485 1435 1514 donat
1449 1497 1489 1514 res
1504 1493 1633 1524 terrenas,

890 1536 915 1558 et
927 1540 979 1558 non
995 1537 1056 1558 ante
1073 1543 1078 1558 :
1094 1540 1126 1559 ne
1140 1538 1279 1570 acceptum
1291 1531 1393 1560 donum
1410 1542 1457 1561 nos
1472 1533 1584 1562 terrenis
1595 1534 1635 1562 al-

890 1577 986 1616 ligatos
1009 1577 1095 1617 magis
1119 1578 1209 1607 adhuc
1231 1579 1333 1618 alliget.
1359 1580 1440 1609 Solve
1462 1587 1504 1619 te,
1525 1581 1632 1619 inquit,

889 1624 1007 1662 primum
1021 1634 1036 1652 a
1050 1625 1178 1653 servitute
1189 1647 1196 1661 ‚
1211 1632 1237 1653 et
1251 1632 1315 1654 tunc
1329 1626 1436 1666 accipe,
1450 1633 1479 1655 ut
1501 1637 1553 1656 non
1572 1638 1634 1656 am-

890 1671 961 1710 plius
984 1671 1099 1711 accipias
1123 1679 1260 1710 tamquam
1280 1683 1375 1703 servus
1393 1696 1402 1711 7
1425 1674 1470 1703 sed
1494 1681 1631 1713 tamquam

484 1783 659 1813 MUTIANO
682 1783 937 1813 SCllOLASTICO
960 1784 1213 1814 INTERPRETE.

61 1875 172 1915 recepit,
188 1875 239 1903 hoc
256 1882 294 1903 est
305 1897 312 1908 ,
329 1874 356 1902 in
372 1874 495 1913 exemplo
511 1886 517 1902 :
535 1874 561 1903 in
576 1874 659 1903 ariete
670 1898 677 1911 ‚
691 1875 789 1913 inquit.
806 1875 951 1911 Quomodo
966 1875 1038 1903 hoc?
1054 1875 1142 1904 Ariete
1157 1876 1256 1915 quippe
1269 1877 1369 1914 occiso,
1383 1878 1432 1907 iste
1445 1879 1562 1909 salvatus
1577 1889 1626 1910 est.

62 1922 178 1952 Proinde
195 1933 243 1962 per
261 1922 370 1950 arietem
389 1932 450 1949 eum
466 1922 578 1961 accepit,
600 1922 677 1950 illum
693 1933 740 1961 pro
755 1922 805 1950 isto
822 1922 952 1951 occidens.
966 1922 1028 1951 Haec
1042 1929 1133 1951 autem
1147 1923 1239 1951 formae
1254 1924 1376 1962 quoedam
1390 1933 1463 1954 erant
1480 1939 1487 1955 ι
1501 1927 1545 1955 hic
1556 1928 1626 1957 enim

62 1970 148 1999 Filius
160 1969 209 1998 Dei
221 1976 257 1997 cst
270 1968 315 2007 qui
328 1968 471 1998 occiditur.
484 1968 517 1996 Et
529 1969 710 2008 contemplare
722 1969 788 1997 mihi
800 1969 967 1998 clementiam
981 1969 1029 1997 Dei
1042 1976 1140 2007 quanta
1154 1976 1202 1998 est.
1218 1970 1353 2004 Quoniam
1365 1972 1435 2000 enim
1445 1983 1541 2011 magna
1553 1985 1627 2012 quae-

60 2018 124 2047 dam
137 2017 225 2046 danda
237 2023 294 2045 erat
309 2016 464 2045 hominibus
477 2016 562 2054 gratia
578 2029 584 2044 ι
601 2017 692 2045 volens
705 2016 756 2045 hoc
771 2027 822 2045 non
839 2017 930 2055 gratim
942 2016 1098 2052 attribuere,
1115 2016 1161 2044 sed
1173 2016 1255 2045 veluti
1270 2017 1392 2047 debitum
1404 2020 1496 2056 facere,
1513 2031 1627 2060 persua-

59 2065 94 2094 sit
108 2065 195 2105 primo
212 2063 330 2101 homini,
345 2071 375 2092 ut
394 2063 483 2091 silium
500 2074 578 2092 suum
598 2063 712 2092 traderet
732 2075 780 2103 pro
796 2071 929 2104 prmccpto
944 2064 1004 2100 Dei,
1017 2071 1045 2092 ut
1061 2064 1128 2092 nihil
1143 2075 1270 2103 magnum
1287 2065 1412 2095 videatur
1426 2067 1511 2097 facere
1527 2069 1626 2098 Filium

59 2123 138 2142 suum
150 2111 289 2147 tradendo,
301 2111 322 2140 si
336 2111 446 2149 quidem
464 2111 545 2140 homo
560 2119 621 2140 ante
638 2111 729 2151 ipsum
747 2112 797 2140 hoc
812 2112 902 2140 fecerit
919 2124 924 2140 :
940 2118 968 2140 ut
984 2112 1034 2140 hoc
1048 2122 1099 2140 non
1117 2123 1130 2140 a
1141 2113 1224 2149 gratia
1238 2113 1345 2150 faceret,
1362 2114 1408 2142 sed
1421 2114 1512 2144 debito
1522 2127 1625 2145 recom-

60 2166 189 2199 pensaret.
201 2159 275 2194 Quos
285 2158 355 2186 enim
367 2157 519 2197 diligimus,
534 2164 559 2186 et
575 2158 626 2187 hoc
639 2159 675 2187 eis
686 2158 785 2187 donare
801 2159 937 2194 volumus,
956 2165 984 2187 ut
1000 2166 1109 2198 putetur
1120 2159 1192 2197 quod
1207 2159 1242 2188 ab
1254 2160 1290 2188 eis
1306 2160 1423 2199 primum
1439 2161 1542 2200 aliquid
1553 2174 1625 2192 accc-

59 2207 188 2246 pcrimus,
201 2213 227 2234 et
241 2206 280 2234 sic
290 2205 344 2234 illis
358 2216 406 2234 nos
421 2213 516 2234 cuncta
527 2205 719 2235 donaverimus
736 2219 741 2234 ε
757 2214 781 2235 et
797 2207 945 2245 gloriamur
959 2217 992 2235 ex
1008 2207 1054 2235 illo
1070 2207 1155 2245 inagis
1168 2207 1241 2245 quod
1253 2207 1421 2247 accepimus,
1436 2220 1516 2247 quam
1533 2221 1566 2239 ex
1578 2211 1625 2239 illo

59 2251 131 2290 quod
144 2251 291 2288 donamus;
307 2258 332 2280 ct
345 2261 396 2280 non
407 2251 535 2289 dicimus,
550 2252 621 2289 Quia
634 2253 685 2282 lioc
697 2253 720 2281 ei
735 2253 906 2289 donavimus,
919 2252 974 2288 sed,
991 2253 1047 2282 Hoc
1061 2254 1095 2282 ab
1108 2263 1138 2282 eo
1151 2254 1311 2292 acecpimus.
1329 2256 1412 2283 Unde
1424 2267 1487 2284 eum
1501 2259 1531 2285 in
1538 2268 1625 2296 para-

58 2299 138 2335 bola,
153 2297 251 2336 inquit,
266 2301 387 2337 recepit:
401 2297 452 2326 hoc
469 2305 517 2335 est,
531 2298 613 2327 veluti
629 2299 655 2327 in
673 2299 861 2327 similitudine.
876 2299 968 2328 Veluti
984 2299 1055 2328 enim
1069 2299 1096 2327 in
1113 2299 1239 2337 parabola
1251 2307 1305 2328 erat
1320 2300 1388 2329 aries
1405 2301 1478 2330 Isaac
1493 2309 1517 2330 et
1533 2310 1621 2342 typus.

57 2345 129 2381 Quia
141 2345 286 2385 perfectum
301 2352 340 2374 est
351 2345 514 2374 sacrificium
528 2353 553 2374 et
566 2346 669 2375 occisus
683 2353 722 2375 est
732 2347 816 2384 Isaac,
831 2354 960 2385 quantum
972 2346 1005 2375 ad
1016 2347 1058 2377 vol
1065 2353 1181 2375 untatem
1196 2347 1271 2375 illius
1280 2347 1384 2384 attinet,
1395 2356 1533 2388 propterea
1545 2350 1623 2379 illum

57 2392 196 2422 redonavit
205 2392 373 2432 patriarchae.

97 2439 212 2469 Intueris
228 2438 292 2477 quia
307 2438 379 2477 quod
397 2449 503 2478 semper
514 2439 591 2477 dico,
606 2440 657 2469 hoc
677 2440 757 2469 ctiam
771 2451 842 2470 nunc
854 2440 1028 2470 ostenditur?
1042 2441 1111 2469 Cum
1125 2440 1196 2469 enim
1211 2440 1428 2469 constituerimus
1442 2448 1556 2471 mentem
1577 2454 1622 2473 no-

57 2493 138 2516 stram
151 2487 308 2527 perfectam,
323 2493 348 2516 et
362 2486 557 2516 ostenderimus
573 2488 699 2526 quoniam
714 2489 909 2518 contemnimus
925 2500 966 2518 res
979 2496 1107 2525 terrenas,
1130 2495 1192 2517 tunc
1213 2487 1290 2516 nobis
1300 2487 1379 2516 ctiam
1395 2495 1497 2518 terrena
1518 2489 1624 2520 donan-

58 2539 119 2570 tur3
132 2540 192 2562 ante
201 2540 290 2563 autem
301 2544 470 2572 nequaquam
479 2556 486 2570 ‚
503 2544 535 2562 ne
544 2534 701 2574 accipiendo
714 2536 759 2574 qui
780 2536 834 2576 jam
854 2536 973 2576 colligati
985 2547 1091 2565 eramus
1101 2558 1108 2572 ,
1120 2535 1232 2564 terrenis
1251 2534 1332 2563 rebus
1347 2535 1463 2575 amplius
1475 2535 1624 2576 illigemnr.

59 2579 140 2610 Solve
150 2580 282 2621 teipsum,
295 2581 396 2620 inquit,
409 2581 498 2621 primo
513 2582 660 2621 servitute,
676 2590 701 2612 et
723 2590 787 2613 tunc
807 2584 897 2624 accipe
914 2596 919 2613 ε
937 2595 969 2613 ne
984 2584 1053 2613 sicut
1070 2593 1164 2613 servus
1179 2582 1314 2622 accipias,
1326 2582 1372 2613 scd
1386 2583 1455 2613 sicut
1476 2583 1602 2614 dominus
1617 2599 1622 2614 :
