1906 2846
1531 148 1547 157 r-

363 159 395 181 ΙΝ
425 159 532 182 El‘lS'l'.
564 160 608 181 AD
636 158 804 181 tttznttrssos.
834 158 912 180 Cn‘.
942 158 991 180 Xt.
1023 159 1139 182 UOMH„
1171 158 1267 181 xxm.
1531 159 1591 180 :nt

37 227 89 254 τοῖς
102 223 241 260 λεχθεῖσιν.
263 220 303 248 Οὐ
320 219 370 258 γάρ
385 221 470 256 ἐστιν,
491 222 537 249 οὐκ
559 220 614 249 ἔστι
629 220 693 259 πρὸς
709 219 804 258 ἀρετὴν
857 229 945 247 remus
957 219 1006 248 hoc
1016 221 1110 250 facere.
1120 222 1189 259 Quis
1201 224 1280 250 enim
1291 228 1319 251 te
1328 221 1488 249 discernit?
1501 219 1600 258 inquit;
1619 238 1638 254 ι,
1649 231 1689 251 [Μ
1699 229 1718 259 A,
1734 240 1756 260 7,

36 267 172 306 προτροπή
185 279 224 298 τις
240 265 358 301 τοιαύτη,
373 261 424 294 οἷον
436 266 635 305 ἁμαρτημάτων
651 267 805 304 ἀνάμνησις.
822 273 840 296 Β
858 265 930 303 quid
942 264 1033 294 habes
1051 267 1130 305 quod
1148 277 1206 295 non
1220 268 1382 307 accepisti?
1399 268 1424 295 si
1440 272 1536 294 autem
1551 276 1601 294 ac-

37 311 101 341 Ἐὰν
115 314 198 340 ταῦτα
213 311 245 339 τὰ
261 310 304 339 δύο
319 310 473 349 στρέφωμεν
486 314 549 350 παρ’
565 314 681 348 ἑαυτοῖς,
697 311 803 347 δυνησό-

37 360 104 395 μεθα
118 361 206 396 τυχεῖν
221 359 272 385 τῶν
288 357 491 395 ἐπηγγελμένων
507 359 626 396 ἀγαθῶν,
643 357 807 395 δυνησόμεθα

35 402 170 442 καθαίρειν
189 401 295 434 ἑαυτοὺς
313 402 358 430 καὶ
380 402 564 441 ἀποσμήχειψ
589 403 667 440 μόνον
683 403 806 441 λάὲωμεν

35 448 135 477 ἔννοιάν
151 459 225 483 ποτε,
246 447 452 485 μεριμνῆσωμεν
472 448 502 476 τὸ
517 452 639 486 πρᾶγμα,
657 447 806 486 ἀγαπητοί·

36 493 194 531 ἀλγήσωμεν
213 495 324 522 ἐνταῦθα
340 495 377 532 τῷ
393 494 523 533 λογισμῷ,
538 494 580 522 ἵνα
598 494 634 531 μὴ
649 493 808 532 ἀλγήσωμεν

37 541 90 569 ἐκεῖ
105 542 137 578 τῇ
154 539 271 574 κολάσει,
293 540 351 568 ἀλλ’
367 539 409 567 ἵνα
426 539 619 577 ἀπολαύσωμεν
632 542 684 568 τῶν
697 539 807 568 αἰωνίων

37 585 141 624 ἀγαθῶν
154 607 161 621 ,
175 584 235 613 ἔνθα
252 585 356 624 ἀπέδρα
371 585 449 619 ὀδύνη
462 607 468 619 ,
483 585 568 621 λύπη,
585 586 630 613 καὶ
648 584 806 624 στεναγμός”

37 630 80 659 ἵνα
92 630 215 670 τύχωμεν
232 631 283 658 τῶν
299 630 509 669 ὑπερῧαινόντων
522 631 565 660 τὸν
577 630 738 670 ἀνθρ(ι’)πινον
751 634 808 659 νοῦν

39 676 150 705 αἰωνίων
173 678 287 715 ἀγαθῶν,
307 677 333 705 ἐν
356 677 464 715 Χριστῷ
485 676 583 712 'lm-0⁴5*
603 678 674 716 αὐτῷ
695 676 755 710 δόξα
773 678 809 709 εἷς

420 722 427 729 ,

38 721 96 755 τοὺς
109 723 204 754 αἰῶνας
220 723 270 749 τῶν
287 721 397 750 αἰώνων.
431 722 511 760 Χμῆν,

857 311 975 348 cepisti,
997 312 1069 350 qnid
1089 313 1227 351 gloriaris
1247 315 1333 352 quasi
1353 322 1411 340 non
1431 314 1602 350 acceperis?

859 355 903 383 Τιι
917 363 1006 384 autem
1025 356 1092 394 quid
1107 357 1214 395 judicas
1233 358 1343 387 fratrem
1362 364 1453 392 tuum,
1468 367 1529 385 cum
1548 357 1603 395 ipsc·

858 401 894 430 sis
910 401 1004 441 plenus
1019 403 1098 431 malis
1109 403 1351 432 innumerabilibus
1365 403 1378 431 :³
1391 402 1508 437 Quando
1525 402 1603 431 dixe—

860 447 906 485 ris,
921 448 970 476 lile
984 455 1023 476 est
1039 448 1125 477 malus
1139 455 1164 477 et
1179 449 1344 488 perniciosus
1357 455 1381 477 et
1396 448 1554 484 sceleratus,
1571 448 1605 476 de

862 500 886 522 te
897 494 994 532 cogita,
1005 501 1030 523 et
1045 501 1088 522 tua
1105 494 1248 533 diligenter
1261 495 1368 533 inquire
1381 501 1406 523 et
1421 494 1547 523 examina
1557 517 1564 529 ,
1579 501 1604 522 et

862 545 886 567 te
907 540 1045 578 poenitebit
1069 550 1162 568 eorum
1183 551 1242 578 quae
1262 539 1437 568 dixisti.Non
1459 546 1497 567 cst
1520 539 1602 574 enirn,

861 595 912 613 non
932 593 970 615 est
988 586 1045 614 ulla
1064 586 1124 614 talis
1146 586 1308 624 adhortatio,
1321 585 1408 624 qualis
1427 592 1465 614 est
1486 591 1604 624 peccato—

861 641 922 659 rum
942 631 1100 661 recordatio.
1113 632 1142 661 Si
1156 631 1214 660 haec
1233 631 1288 661 duo
1302 631 1375 671 apud
1393 641 1440 660 nos
1458 641 1603 663 versemus,

860 677 1006 715 poterimus
1022 677 1144 716 consequi
1158 678 1228 706 bona
1242 677 1382 717 promissa,
1397 676 1543 716 poterimus
1558 686 1604 704 nos

860 722 1005 751 emundare
1024 730 1048 751 ct
1070 723 1220 761 abstergere
1242 736 1248 752 :
1266 723 1352 752 solum
1372 722 1400 751 id
1423 722 1499 751 nobis
1517 722 1604 750 veniat

860 768 886 796 in
902 775 1028 806 mentem,
1042 775 1067 796 ct
1084 768 1117 797 de
1136 768 1186 797 hac
1198 779 1226 797 re
1244 769 1327 797 simus
1338 768 1456 805 solliciti,
1473 780 1488 797 o
1502 767 1603 796 dilecti*

861 814 911 842 Hic
922 813 1060 843 doleamus
1073 815 1173 851 animo,
1188 825 1219 843 ne
1234 814 1290 843 illic
1301 814 1441 843 doleamus
1452 813 1586 854 supplicio
1599 836 1605 847 ,

860 860 907 889 sed
918 860 997 888 bonis
1008 861 1131 888 fruamur
1142 861 1256 897 aeternis,
1273 861 1318 889 ubi
1333 861 1401 899 sugit
1415 860 1504 896 dolor,
1516 860 1604 888 luctus

859 913 885 934 et
914 906 1047 944 gemitus,
1071 913 1099 934 ut
1121 906 1190 935 bona
1209 917 1402 945 consequamur
1425 913 1522 935 aeterua
1548 916 1606 943 qua:

863 959 979 981 mentem
1004 960 1166 992 exsuperant
1185 954 1349 991 humanam,
1364 954 1391 982 in
1416 953 1523 982 Christo
1542 954 1605 982 Jesu

860 998 978 1026 Domino
993 1005 1084 1026 nostro
1102 1010 1107 1025 :
1126 999 1177 1037 ipsi
1193 999 1227 1027 sit
1242 1000 1326 1037 gloria
1339 1000 1365 1028 in
1380 1000 1475 1028 saecula
1492 999 1605 1028 saeculo-

860 1053 929 1071 rum.
948 1045 1044 1072 Amen.

456 1147 633 1176 MUTIANO
656 1145 912 1175 SCHOLASTICO
932 1146 1183 1176 INTERPRETE.

36 1240 144 1279 inquit;
161 1240 234 1279 quid
255 1241 333 1268 enim
356 1239 463 1275 habes,
478 1239 557 1277 quod
578 1249 637 1266 non
658 1240 823 1277 accepisti?
846 1240 870 1266 si
888 1244 987 1267 αιιιεηι
1011 1239 1167 1277 accepisti,
1183 1239 1254 1277 qnid
1270 1239 1424 1278 gloriaris,
1445 1243 1530 1278 qnasi
1550 1252 1609 1270 non

39 1288 184 1325 acceperis
197 1289 209 1313 Ρ
226 1285 271 1313 Tu
291 1292 382 1314 autem
410 1285 476 1323 quid
497 1285 604 1324 judicas
627 1285 737 1314 fratrem
759 1292 846 1320 tuum,
859 1285 938 1313 malis
957 1284 1050 1313 decem
1069 1285 1192 1314 millibus
1214 1286 1474 1316 cumulatus?Cum
1495 1287 1609 1321 dixeris,

38 1333 88 1362 llle
105 1333 238 1371 malignus
253 1339 291 1361 est
306 1339 330 1361 et
346 1332 477 1372 prodigus
494 1339 519 1361 et
535 1332 682 1371 pessimus,
695 1332 815 1371 intellige
833 1332 949 1371 teipsum
967 1339 992 1361 et
1009 1333 1133 1362 examina
1154 1343 1216 1362 cum
1237 1333 1379 1372 diligentia
1395 1345 1455 1372 quae
1474 1341 1520 1363 tua
1535 1342 1606 1369 sunt,

38 1386 65 1408 et
77 1380 204 1419 poeniteat
217 1386 243 1408 te
259 1379 293 1408 de
312 1379 393 1407 dictis
407 1379 470 1407 tuis.
485 1380 545 1408 Non
566 1379 637 1408 enim
657 1386 695 1408 est
714 1380 840 1415 omnino,
855 1389 909 1408 non
923 1386 962 1408 est
983 1379 1018 1408 ad
1037 1379 1167 1409 virtutem
1187 1380 1243 1409 ulla
1261 1381 1322 1409 talis
1341 1381 1508 1419 exhortatio,
1524 1382 1610 1420 qualis

41 1434 211 1466 peccatorum
227 1426 383 1455 recordatio,
393 1426 422 1455 Si
443 1426 501 1454 haec
514 1425 569 1455 duo
584 1427 611 1454 in
631 1433 718 1455 mente
737 1433 827 1455 nostra
848 1437 999 1462 versemus,
1016 1427 1165 1466 poterimus
1182 1428 1297 1467 adipisci
1313 1428 1383 1457 bona
1400 1439 1458 1467 qum
1479 1429 1609 1468 promissa

41 1479 112 1510 sunt,
123 1473 271 1512 poterimus
292 1472 419 1501 mundari
439 1480 465 1502 et
484 1473 554 1502 dilui
574 1484 579 1500 :
597 1479 700 1501 tantum
714 1473 907 1502 constituamus
919 1473 947 1502 in
961 1481 1086 1511 mentem,
1101 1474 1280 1510 dilectissimi,
1299 1475 1509 1504 sollicitudinem
1525 1476 1608 1515 hujus

41 1521 79 1549 rei
100 1519 249 1549 habendam
266 1531 321 1550 esse
338 1532 344 1548 z
366 1520 504 1549 doleamus
523 1521 568 1549 hic
588 1521 694 1557 animo,
710 1531 743 1549 ne
766 1520 903 1549 doleamus
928 1521 985 1550 illic
1009 1522 1154 1562 supplicio,
1172 1522 1219 1551 sed
1242 1522 1332 1562 potius
1356 1529 1385 1552 ut
1400 1523 1524 1551 fruamur
1543 1533 1610 1551 sem-

39 1567 151 1606 piternis
168 1568 255 1604 bonis,
270 1568 317 1597 ubi
333 1568 424 1597 nullus
442 1568 493 1597 erit
513 1568 601 1602 dolor,
616 1568 691 1596 nulla
706 1567 823 1603 tristitia,
836 1568 927 1597 nullus
942 1569 1066 1608 gemitus,
1082 1577 1111 1598 ut
1127 1569 1307 1609 percipiamus
1321 1570 1368 1598 illa
1385 1570 1456 1599 bona
1468 1593 1475 1606 ,
1492 1580 1550 1608 quae
1564 1580 1610 1598 ex-

40 1614 139 1643 cedunt
154 1615 300 1644 humanam
315 1623 445 1652 mentem,
462 1615 489 1644 in
504 1615 612 1645 Christo
635 1616 698 1645 Jesu
715 1615 832 1644 Domino
852 1623 952 1652 nostro,
969 1617 1096 1655 quoniam
1116 1617 1167 1656 ipsi
1187 1617 1271 1657 gloria
1287 1617 1314 1647 in
1329 1617 1425 1646 saecula
1440 1617 1607 1646 saeculorum.

43 1663 134 1690 Amen.
