1906 2846
96 652 127 671 Ιίκ
142 650 222 669 ΙΙωιιηῐ.

88 689 99 701 ¹)
117 686 174 701 ιίιιιῐ.
185 681 224 701 rin?

86 713 149 731 «lma,

97 1575 128 1595 Ε(
142 1572 228 1592 Canum.

90 1611 111 1622 in
130 1603 199 1629 Epist.
222 1610 226 1622 ι

89 1634 115 1653 aul
127 1634 228 1654 Curioni..

89 1666 140 1685 λεν,
153 1664 186 1685 15.
195 1672 227 1692 ¹9·

117 2226 149 2245 Fu(
161 2226 231 2245 Serm.

97 2262 103 2276 1
120 2258 140 2276 iu
154 2256 216 2276 Disi-

94 2292 136 2307 (eni
148 2292 166 2307 (Ἰ
183 2287 232 2308 Lau.

238 165 307 207 (342³.
578 174 605 194 s.
635 172 772 194 Josixnis
799 172 978 194 CltanoST.

239 236 340 263 minum
352 257 358 268 ‚
380 233 482 262 easdem
497 233 567 270 leges
579 239 744 271 acceperunt.
772 234 810 260 Nc
830 233 912 269 igitur
928 233 975 260 isla

238 281 402 314 dixerimus,
423 279 466 306 sed
487 289 566 316 quain
581 289 627 316 pai·
640 285 693 312 cst,
714 289 762 316 pro
787 278 914 306 fratribus
932 289 977 306 no-

238 328 298 355 ‚ui-is
319 324 526 353 sollicitinlineui
539 323 718 352 ostendamus.
743 323 888 358 Quomodo
905 323 976 351 enini

238 384 288 401 non
307 370 454 399 absurdum
472 377 528 405 est,
547 380 593 397 nos
606 369 724 406 quidem,
741 369 762 396 si
775 379 892 407 pugnam
912 370 978 397 sorte

239 419 263 446 in
277 418 360 457 platea
373 424 457 444 ortam
477 415 632 451 videamus,
647 415 771 443 accedere
785 421 809 442 et
828 422 977 453 pugnantes

240 466 305 492 inter
317 474 344 491 se
357 462 526 490 reconciliare
541 473 545 488 :
560 460 664 498 etquid
674 460 735 488 dico
748 460 886 499 pugnam?
900 461 921 488 si
935 462 976 489 vel

237 511 340 537 asinum
357 509 461 547 lapsum
476 507 671 546 conspiciamus
681 529 688 542 ,
706 506 794 534 cuncti
808 516 901 534 manus
916 517 977 545 por-

238 555 349 593 rigimus
375 564 488 591 cumque
513 553 617 581 elevare
638 551 840 587 contendimus;
864 552 975 580 fratrum

238 612 300 628 xero
323 600 490 639 pereuntium
511 599 612 626 nullam
633 600 762 626 rationem
780 598 887 632 habere,
911 609 985 636 quo<

239 646 317 674 inodo
334 645 363 674 id
374 656 425 673 non
444 644 572 673 nefarium
587 645 644 672 est?
660 644 720 672 Noli
735 644 819 681 igitur
839 643 976 678 desistere,

238 694 354 726 fratrem,
368 702 447 730 quem
457 691 491 719 ad
505 691 617 719 exitium
631 701 707 718 ruere
721 690 974 725 ceriii5‚eohoi·ta1·i:

237 738 340 766 etiarnsi
355 737 477 766 convicia
498 737 523 765 in
544 744 567 765 te
577 737 667 775 jaciat,
688 736 791 764 etiamsi
809 736 978 764 contumeliis

239 791 263 811 te
278 785 386 818 afliciat,
404 783 507 812 etiamsi
526 783 666 823 inimicum
681 793 707 810 se
723 783 778 810 fore
794 782 844 810 tibi
865 783 978 811 commi-

238 837 329 866 netur,
365 830 467 858 etiamsi
491 829 600 866 quidvis
625 828 702 857 aliud
725 829 852 865 intentet;
887 828 977 856 onmia

239 875 368 904 constanti
384 876 474 904 animo
492 876 623 914 pei-seras,
638 885 692 913 quo
710 874 821 902 salutem
840 874 925 912 ipsius
937 874 977 902 lu-

238 922 369 949 crifacias.
388 922 416 949 Si
434 921 479 949 liic
501 921 547 949 tibi
562 921 687 949 inimicus
704 921 749 949 siat
762 943 770 955 ,
791 922 864 949 Deus
876 921 979 949 amicus

239 975 300 996 tuus
311 968 376 1000 erit„
391 975 416 996 et
428 967 525 1006 amplis
542 968 568 994 in
583 967 629 995 illa
645 967 688 995 die
699 967 776 995 bonis
793 974 817 995 te
828 977 980 995 remunera-

239 1014 320 1041 bitur.
336 1015 466 1051 Magnum
489 1013 598 1051 quidem
616 1013 716 1041 honum
729 1019 784 1048 est,
803 1013 892 1052 inopia
908 1023 980 1051 pres-

239 1070 329 1087 sorum
344 1059 476 1095 misereri,
499 1059 545 1087 sed
566 1059 636 1087 nihil
655 1059 706 1087 tale
725 1066 827 1094 tamen,
853 1058 932 1096 quale
943 1066 981 1086 est

238 1106 272 1133 ab
290 1116 378 1134 errore
394 1105 461 1133 alios
478 1116 607 1134 avocare:
626 1105 693 1133 nihil
717 1105 787 1133 enim
810 1115 870 1132 cum
891 1104 979 1132 anima

239 1151 442 1186 conserendum,
477 1162 509 1179 ne
538 1150 654 1179 mundus
683 1150 793 1188 quidem
826 1150 978 1178 universus.

240 1198 372 1232 Quamvis
393 1197 476 1236 igitur
495 1197 653 1225 immensam
672 1196 791 1235 pecuniae
807 1196 861 1223 vim
878 1206 978 1234 paupe-

240 1244 315 1272 ribus
327 1244 476 1281 elargiaris,
493 1243 560 1271 nihil
574 1249 658 1271 tamen
674 1243 724 1271 tale
736 1241 890 1281 praestabis,
902 1241 980 1279 quale

241 1290 261 1317 si
277 1290 320 1317 vel
343 1299 424 1317 unam
441 1289 557 1317 animam
576 1295 723 1316 convertas.
750 1288 806 1323 Qui
823 1287 895 1315 enim
908 1287 979 1315 istud

240 1335 320 1370 facit,
342 1334 457 1363 Paulum
478 1335 599 1363 imitatur
621 1341 646 1362 et
660 1335 778 1368 Petrum,
793 1344 844 1361 non
862 1332 980 1372 pericula

239 1380 360 1418 quidem,
372 1381 440 1408 sicut
449 1380 655 1415 illi,snbeundo,
664 1380 759 1407 famem
772 1379 834 1407 item
844 1386 867 1406 et
880 1385 980 1418 pestem

240 1433 320 1463 atque
333 1425 385 1453 alia
405 1425 573 1454 incommoda
591 1425 762 1464 perferendo3
787 1432 892 1464 tempus
911 1424 980 1452 enim

238 1471 294 1509 jam
317 1472 391 1510 pacis
411 1479 464 1507 est;
490 1471 534 1499 sed
557 1471 652 1499 alacris
675 1471 708 1498 ad
728 1471 817 1499 omnia
836 1478 861 1498 et
882 1470 980 1509 promti

242 1518 323 1545 animi
335 1518 410 1555 signa
427 1517 595 1546 ostendendo.
619 1517 653 1545 Et
670 1517 733 1554 quid
751 1516 812 1544 dico
831 1517 939 1544 Petrum
957 1522 982 1543 et

245 1563 378 1591 Paulum?
392 1574 420 1592 os
432 1563 532 1592 Christi
544 1562 593 1590 erit
606 1574 611 1589 ε
628 1564 683 1600 Qui
697 1564 774 1590 enim
788 1568 905 1600 separat
916 1572 983 1600 pre-

244 1611 348 1637 tiosum
363 1620 381 1637 a
394 1609 466 1644 vili,
484 1608 585 1646 inquit,
603 1614 751 1648 tamquam
765 1618 795 1635 os
809 1618 902 1635 meum
918 1609 981 1636 erit.

246 1654 317 1682 Licet
330 1654 412 1693 igitur
421 1654 499 1682 etiam
510 1654 581 1682 domi
591 1653 746 1682 sedentibus
757 1653 839 1682 istum
851 1653 981 1692 piscatum

242 1711 363 1728 exercere
377 1712 383 1726 z
398 1700 419 1728 si
434 1700 495 1738 quis
506 1700 622 1727 amicum
636 1707 682 1727 aut
693 1706 835 1737 cognatum
845 1706 890 1727 aut
903 1699 982 1727 sami-

243 1745 334 1773 liarem
351 1745 446 1773 habeat
457 1768 463 1779 ,
481 1746 537 1773 luet:
550 1746 639 1780 faciat,
654 1753 678 1773 et
692 1745 788 1774 similis
800 1746 850 1774 erit
863 1747 942 1774 Petro
957 1752 982 1773 et

243 1791 334 1819 Panlo.
359 1791 395 1819 Et
411 1791 534 1828 quamvis
558 1790 636 1819 hodie
654 1801 706 1819 non
727 1791 907 1830 persuaseris,
926 1801 984 1819 cras

242 1836 427 1874 persuadebis3
445 1843 470 1864 et
479 1836 500 1864 si
512 1847 659 1874 numquam
670 1836 840 1875 persuadeas,
856 1843 884 1865 tu
898 1844 984 1865 tamen

243 1882 383 1920 perfectam
400 1881 548 1910 mercedem
561 1882 729 1920 consequeris
739 1894 744 1910 ι
754 1889 779 1911 et
797 1883 819 1910 si
834 1893 885 1910 non
899 1884 985 1912 omni-

243 1929 303 1963 bus,
321 1939 334 1956 e
347 1929 439 1957 multis
453 1935 541 1956 tamen
552 1929 686 1967 aliquibus
704 1929 863 1968 persuadere
874 1930 983 1969 poteris,

243 1974 376 2009 Quoniam
389 1982 413 2003 et
424 1975 474 2014 ipsi
484 1975 607 2013 apostoli,
620 1976 667 2003 etsi
679 1985 731 2003 non
740 1975 866 2003 omnibus
876 1986 987 2014 persua-

244 2021 334 2055 serint,
344 2021 406 2058 quia
417 2027 504 2048 tamen
515 2020 549 2048 ad
561 2031 652 2049 omncs
664 2031 812 2049 sermonem
826 2021 987 2058 hahuerunt,

244 2066 392 2095 mercedem
410 2077 518 2104 quoque
537 2077 586 2105 pro
603 2067 728 2095 omnibus
742 2074 906 2105 receperunt.
926 2067 987 2096 Noti

244 2113 400 2150 igitur-‚cum
411 2112 509 2140 multos
516 2112 610 2140 docere
619 2123 669 2140 non
681 2119 763 2151 potes,
772 2113 851 2141 etiam
860 2114 988 2152 pauculos

245 2166 411 2187 contemnere
423 2170 428 2186 z
441 2159 494 2187 noli
507 2159 608 2196 majora
618 2158 798 2187 desiderando
809 2170 823 2187 a
837 2158 988 2187 minoribus

246 2205 360 2243 teipsum
384 2205 550 2233 abstrahere.
572 2205 601 2233 Si
623 2211 730 2233 centum
753 2211 905 2233 convertere
935 2215 987 2234 non

247 2251 347 2288 possis,
366 2250 458 2279 decem
482 2261 593 2287 conare;
615 2257 640 2279 et
657 2251 680 2279 si
701 2250 791 2280 decem
809 2261 934 2289 nequeas,
957 2261 989 2279 ne

246 2296 364 2334 quinque
387 2297 575 2331 contemseri53
597 2307 627 2325 ac
645 2297 667 2325 si
687 2307 734 2326 nec
753 2297 817 2326 istos
835 2304 989 2327 convertere

247 2341 334 2369 valeas
349 2364 357 2377 ,
379 2353 465 2370 unum
485 2343 618 2381 negligere
634 2353 667 2371 ne
687 2343 764 2372 velis.
785 2344 844 2372 Non
865 2344 935 2372 enim
955 2343 989 2372 ab

246 2387 447 2416 emendatorum
479 2399 589 2417 numero
603 2411 611 2425 ,
643 2389 688 2417 sed
718 2390 752 2417 ab
790 2389 988 2418 emendantium

249 2439 335 2460 mente
349 2434 419 2461 Deus
430 2444 539 2462 coronas
552 2434 665 2463 definire
679 2435 824 2464 consuevit.
842 2435 988 2465 Enimvero

253 2488 304 2505 non
331 2478 389 2506 ideo
406 2479 553 2518 culpabiles
569 2491 678 2517 sumus,
703 2480 725 2509 si
740 2480 909 2510 auditoribus
930 2492 988 2520 quae

287 2570 299 2585 ¹·
317 2569 325 2599 l
339 2572 412 2602 alpem
422 2575 501 2599 πείσῃς
513 2580 524 2593 e
537 2572 593 2595 Sav.
611 2572 800 2604 supplevimus]

1011 173 1166 196 „tumulum

995 553 1013 574 D

992 1516 1026 1535 47³

1196 175 1320 198 CONSTA
1329 177 1464 200 NT‘NOP.

1032 234 1090 273 οὐχὶ
1101 235 1254 263 κινδυνεύων
1268 237 1387 275 καθάπερ
1402 239 1505 273 ἐκεῖνοι,
1514 239 1558 267 καὶ
1577 240 1670 277 λιμοὺς
1684 239 1728 268 καὶ
1740 242 1798 269 λοι-

1032 280 1094 316 μοὺς
1106 280 1151 308 καὶ
1165 281 1198 309 τὰ
1209 281 1277 309 ἄλλα
1294 281 1429 321 ὑποφέρων
1447 284 1516 311 κακά
1527 284 1642 323 ἐἰρήνης
1654 286 1705 324 γὰρ
1719 288 1732 314 ὁ
1745 298 1798 314 πα-

1034 325 1084 363 ρὼν
1095 326 1192 364 καιρός·
1204 327 1271 355 ἀλλὰ
1284 327 1317 355 τὰ
1331 327 1382 356 ἀπὸ
1397 331 1444 363 τῆς
1455 330 1602 368 προθυμίας
1617 331 1799 368 ἐπιδεικνύμε-

1031 371 1140 403 νος.Καὶ
1149 372 1174 400 τί
1186 373 1254 410 λέγω
1268 373 1368 411 Πέτρον
1383 375 1426 403 καὶ
1439 375 1544 404 Παῦλον
1554 387 1560 411 ;
1572 376 1657 413 στόμα
1670 376 1743 405 ἔσται
1754 380 1799 404 τοῦ

1032 417 1147 454 Χριστοῦ
1158 429 1163 435 ·
1180 417 1213 447 ‘O
1224 419 1273 457 γὰρ
1289 419 1386 458 ἐξάγων
1398 421 1482 458 τίμιον
1496 421 1520 454 ἐξ
1533 421 1651 457 ἀναξίου,
1666 423 1700 455 ὡς
1715 424 1800 460 στόμα

1032 474 1080 498 μου
1094 462 1177 498 ἔσται,
1190 464 1389 502 φησίν.Ἔξεστι
1404 467 1488 494 τοίνυν
1499 467 1542 494 καὶ
1553 466 1617 495 οἴκοι
1633 467 1802 504 καθημένοις,

1032 508 1130 543 ταύτην
1146 509 1192 543 τὴν
1213 510 1302 538 ἁλείαν
1319 511 1471 550 ἐργάζεσθαι
1483 522 1489 527 ·
1506 513 1582 545 εἴτις
1595 512 1648 551 ἔχει
1665 513 1738 551 φίλον
1756 513 1801 542 καὶ

1034 558 1146 592 συγγενῆ
1165 555 1209 583 καὶ
1224 558 1329 592 οἰκεῖον,
1352 561 1433 586 ταῦτα
1449 558 1566 593 ποιείτω,
1579 559 1623 586 καὶ
1638 558 1710 586 ἔσται
1732 558 1801 587 κατὰ

1035 599 1134 638 Πέτρον
1147 601 1191 628 καὶ
1208 602 1322 630 Παῦλον.
1332 602 1387 630 Κᾶν
1401 603 1437 640 μὴ
1453 604 1567 641 σήμερον
1583 603 1801 642 πείσῃς,“αὔριον

1034 651 1146 684 πείσεις·
1169 652 1216 680 κᾶν
1233 653 1364 689 μηδέποτε
1377 655 1485 693 πείσῃς,
1504 655 1534 683 σὺ
1551 655 1593 684 τὸν
1623 656 1713 693 μισθὸν
1737 655 1802 689 ἔξεις

1034 705 1242 742 ἀπηρτισμένον·
1263 706 1311 734 κᾶν
1328 707 1364 744 μὴ
1383 707 1481 740 πάντας
1501 708 1608 747 πείσῃς,
1628 708 1729 744 ὀλίγους
1750 709 1802 738 ἀπὸ

1033 758 1084 784 τῶν
1098 758 1201 785 πολλῶν
1216 758 1324 798 δυνήσῃ.
1336 760 1387 788 Καὶ
1401 759 1452 799 γὰρ
1465 761 1509 789 καὶ
1523 763 1545 790 οἳ
1561 761 1710 795 ἀπόστολοι,
1720 762 1741 789 εἷ
1757 761 1801 790 καὶ

1034 807 1070 845 μὴ
1086 808 1184 841 πάντας
1206 811 1322 846 ἔπεισαν,
1338 812 1394 840 ἐπεὶ
1408 817 1473 841 πᾶσι
1489 812 1670 852 διελέχθησαν,
1693 812 1736 841 τὸν
1758 813 1802 841 ἐπὶ

1033 864 1098 888 πᾶσι
1115 862 1206 898 μισθὸν
1232 863 1429 902 ἐκαρπώσαντο.
1452 863 1497 898 Μὴ
1517 865 1612 900 τοίνυν,
1631 864 1721 899 ἐπειδὴ
1737 866 1801 893 πολ-

1034 912 1093 945 λοὺς
1107 914 1135 941 οὐ
1150 913 1258 943 δύνασαι
1276 915 1393 951 διδάξαι,
1415 917 1460 945 καὶ
1475 919 1526 945 τῶν
1549 916 1642 955 ὀλίγων
1667 916 1804 956 καταφρό-

1035 977 1086 999 νει,
1101 965 1169 1003 μηδὲ
1180 968 1214 1004 τῇ
1228 970 1280 996 τῶν
1294 968 1415 1007 μεγάλων
1428 969 1565 1007 ἐπιθυμίᾳ,
1581 969 1626 997 καὶ
1638 971 1689 997 τῶν
1702 971 1805 1008 μικρῶν

1037 1018 1145 1046 σεαυτὸν
1169 1019 1324 1058 ἂφελκύσῃς.
1347 1020 1402 1049 Κᾶν
1430 1021 1522 1049 ἑκατὸν
1549 1021 1585 1058 μὴ
1611 1022 1738 1059 δυνηθῇς,
1753 1023 1804 1050 τῶν

1037 1070 1098 1098 δέκα
1115 1071 1304 1108 ἐπιμελήθητι·
1320 1072 1368 1100 κᾶν
1384 1072 1447 1100 δέκα
1461 1072 1496 1109 μὴ
1518 1074 1645 1111 δυνηθῇς,
1666 1073 1733 1111 μηδὲ
1753 1074 1805 1101 τῶν

1036 1121 1113 1150 πέντε
1128 1124 1340 1162 καταφρονήσῃςι
1355 1124 1402 1153 κᾶν
1418 1125 1494 1153 πέντε
1504 1124 1540 1162 μὴ
1555 1126 1681 1163 δυνηθῇς,
1693 1127 1738 1153 τοῦ
1752 1125 1806 1157 ἑνὸς

1037 1174 1073 1211 μὴ
1084 1175 1217 1214 §nepte-fig.
1237 1176 1276 1204 Οὐ
1288 1176 1338 1214 γὰρ
1350 1176 1414 1215 πρὸς
1426 1177 1455 1204 τὸ
1477 1177 1549 1209 τέλος
1566 1179 1618 1205 τῶν
1631 1177 1805 1216 κατορθουμέ-

1036 1238 1095 1261 νων,
1106 1227 1173 1255 ἀλλὰ
1189 1227 1252 1266 πρὸς
1266 1228 1314 1262 τὴν
1329 1227 1435 1266 γνώμην
1446 1230 1497 1256 τῶν
1513 1229 1707 1267 κατορθούντων
1717 1231 1730 1257 ὁ
1740 1229 1807 1262 Θεὸς

1036 1277 1094 1311 τοὺς
1111 1279 1252 1317 στεφάνους
1263 1279 1356 1318 ὁρίζειν
1371 1280 1455 1308 εἴωθε.
1471 1280 1523 1308 Καὶ
1542 1279 1592 1319 γὰρ
1607 1283 1652 1309 τοῦ
1665 1280 1701 1318 μὴ
1717 1284 1806 1309 πεῖσαι

1035 1330 1095 1362 τοὺς
1114 1331 1253 1363 ἀκούοντας
1271 1333 1317 1360 οὐκ
1332 1331 1411 1369 ἐσμὲν
1427 1331 1564 1360 ὑπεύθυνοι
1581 1333 1604 1361 οἱ
1621 1333 1804 1368 διδάσκοντες,

1037 1383 1104 1411 ἀλλὰ
1118 1386 1162 1410 τοῦ
1174 1383 1210 1420 μὴ
1225 1383 1419 1420 συμῧουλεῧσαι
1432 1384 1509 1421 μόνον
1522 1396 1528 1402 ·
1542 1384 1572 1413 τὸ
1584 1384 1631 1422 μὲν
1640 1384 1692 1424 γὰρ
1704 1396 1806 1424 παραι-

1037 1434 1110 1462 νέσαι
1133 1435 1210 1472 μόνον
1222 1435 1358 1474 ἡμέτερον,
1371 1436 1400 1464 τὸ
1423 1435 1450 1464 δὲ
1471 1438 1610 1471 πεισθῆναι
1625 1436 1739 1465 ἐκείνων.
1754 1436 1806 1465 Καὶ

1038 1486 1156 1526 καθάπερ
1174 1489 1250 1525 ἡμῶν
1263 1487 1299 1525 μὴ
1312 1488 1538 1527 παραινεσάντων,
1552 1488 1600 1516 κᾶν
1618 1487 1697 1527 μυρία
1707 1500 1807 1528 κατορ-

1038 1539 1156 1568 θώσωσιν
1171 1541 1278 1576 ἐκεῖνοι,
1293 1540 1380 1577 μόνοις
1402 1543 1487 1573 αὐτοῖς
1503 1541 1570 1574 ἅπας
1585 1543 1598 1570 ὁ
1616 1542 1707 1580 μισθὸς
1721 1541 1807 1570 κείσε-

1038 1604 1097 1626 ται,
1112 1595 1176 1630 ἡμῖν
1201 1592 1227 1620 δὲ
1242 1593 1314 1621 οὐδὲν
1335 1593 1409 1622 ἔσται
1431 1593 1534 1632 κέρδος·
1554 1594 1635 1627 οὕτως
1650 1594 1709 1630 ἐὰν,
1729 1595 1806 1633 ἡμῶν

1038 1645 1262 1684 παραινεσάντων,
1275 1647 1368 1674 ἐκεῖνοι
1394 1646 1430 1684 μὴ
1455 1646 1630 1686 προσέχωσιν,
1647 1646 1738 1676 ἅπασα
1760 1649 1807 1676 αὗ-

1037 1697 1096 1729 rob<
1115 1700 1130 1732 ἡ
1147 1697 1262 1736 τιμωρία
1277 1698 1472 1737 καταλήψεται,
1496 1701 1557 1736 ἡμῖν
1583 1698 1609 1728 δὲ
1637 1699 1710 1728 οὐδὲν
1734 1698 1809 1728 ἔσται

1039 1749 1160 1787 ἔγκλημα
1175 1772 1182 1785 ,
1211 1750 1278 1778 ἀλλὰ
1305 1750 1350 1778 καὶ
1373 1750 1452 1783 πολὺς
1477 1753 1491 1779 ὁ
1516 1752 1607 1789 μισθὸς
1628 1751 1808 1786 ἀπαντήσεται

1040 1801 1112 1840 παρὰ
1138 1804 1182 1830 τοῦ
1211 1803 1280 1831 Θεοῦ
1291 1812 1297 1818 ·
1326 1803 1356 1830 τὸ
1379 1802 1430 1841 γὰρ
1457 1804 1533 1840 ἡμῶν
1557 1803 1628 1831 ἅπαν
1653 1804 1808 1842 ἐπληρώσα-

1042 1865 1097 1889 μεν.
1113 1852 1147 1881 ‘O
1163 1853 1208 1890 μὲν
1229 1852 1280 1892 γὰρ
1301 1857 1352 1884 τοῖς
1374 1853 1534 1892 προσέχουσι
1556 1852 1651 1891 λέγων,
1669 1853 1725 1892 ἔχει
1751 1866 1807 1883 πα-

1043 1905 1172 1943 ραμυθίαν
1198 1908 1242 1934 τοῦ
1267 1896 1353 1943 λέγειν
1371 1904 1418 1939 τὴν
1441 1905 1522 1934 πειθὼ
1536 1907 1588 1934 τῶν
1619 1906 1808 1944 ἀκροωμένων·

1042 1960 1054 1985 ὁ
1065 1957 1092 1985 δὲ
1105 1959 1219 1995 συνεχῶς
1230 1956 1324 1995 λέγων,
1335 1957 1379 1986 καὶ
1391 1957 1426 1995 μὴ
1441 1957 1608 1996 ἀκουόμενος,
1621 1953 1676 1987 εἶτα
1689 1959 1717 1987 οὐ
1728 1958 1810 1987 παυό-

1043 2021 1118 2046 μενος
1130 2012 1174 2037 τοῧ
1188 2009 1284 2047 λέγειν,
1300 2008 1417 2042 πλείονος
1430 2009 1459 2037 ἂν
1475 2009 1514 2044 εἴη
1528 2011 1607 2048 τιμῆς
1622 2009 1706 2048 ἄξιος,
1723 2010 1766 2039 διὰ
1779 2010 1810 2039 τὸ

1042 2063 1079 2100 τῷ
1097 2062 1159 2100 Θεῷ
1185 2062 1275 2089 δοκοῦν
1291 2061 1335 2089 καὶ
1357 2061 1465 2098 μηδενὸς
1487 2061 1672 2101 προσέχοντος,
1687 2063 1717 2091 τὸ
1732 2063 1811 2092 αὐτοῦ

1042 2115 1150 2152 πληρῶν
1172 2118 1234 2144 πᾶν,
1251 2114 1326 2141 Ἀλλ’
1342 2114 1364 2142 εἷ
1386 2113 1430 2142 καὶ
1452 2116 1515 2151 ἡμῖν
1531 2115 1544 2141 ὁ
1564 2114 1655 2151 μισθὸς
1671 2114 1765 2152 μείζων
1781 2114 1812 2144 ἐκ

1043 2167 1089 2200 τῆς
1114 2166 1241 2206 ὑμετέρας
1265 2168 1417 2206 παρακοῆς,
1439 2166 1511 2204 ὅμως
1530 2168 1705 2205 ἐπιθυμοῦμεν
1720 2170 1811 2197 τοῦτον

1044 2220 1222 2253 ἐλαττωθῆναι
1251 2219 1359 2256 μᾶλλον,
1384 2218 1428 2247 καὶ
1453 2217 1500 2254 τὴν
1516 2218 1644 2258 ὓμετέραν
1670 2219 1811 2255 αὐξηθῆναι

1044 2271 1186 2311 σωτηρίαν,
1211 2271 1302 2309 μισθὸν
1319 2270 1400 2308 μέγαν
1417 2270 1465 2306 τὴν
1492 2271 1619 2310 ὑμετέραν
1644 2271 1811 2310 εὐδοκίμησιν

1044 2319 1110 2351 εἶναι
1121 2322 1277 2361 νομίζοντες.
1291 2321 1338 2351 Ἂν
1351 2322 1436 2351 τοίνυν
1451 2323 1508 2361 ἴδῃς
1521 2322 1581 2352 τινὰ
1595 2321 1715 2361 δεόμενον
1727 2325 1813 2363 ψυχι-

1044 2377 1091 2410 κῆς
1114 2375 1131 2410 ἢ
1154 2377 1308 2414 σωματικῆς
1323 2374 1476 2414 θεραπείας,
1493 2374 1530 2413 μὴ
1558 2374 1618 2413 λε’γε
1632 2375 1696 2414 πρὸς
1712 2376 1812 2413 ἑαυτὸν,

1044 2428 1111 2461 τίνος
1125 2428 1210 2456 ἕνεκεν
1224 2429 1237 2455 ὃ
1250 2428 1321 2455 δεῖνα
1335 2426 1381 2455 καὶ
1395 2428 1408 2455 ὁ
1432 2427 1502 2454 δεῖνα
1518 2425 1593 2455 αὐτὸν
1608 2427 1655 2455 οὔκ
1675 2427 1813 2466 ἐθεράπευ-

1045 2493 1101 2516 σεν;
1113 2480 1129 2515 ἢ
1143 2502 1150 2516 ,
1166 2479 1206 2508 ὅτι
1217 2478 1269 2517 ἐγὼ
1281 2478 1407 2517 κοσμικός
1420 2479 1488 2515 εἶμι,
1503 2483 1614 2517 γυναῖκα
1628 2478 1682 2517 ἔχω
1694 2479 1739 2507 καὶ
1749 2490 1812 2508 παι-
