1886 2846
469 145 500 166 ΙΝ
531 145 637 169 ΙίΙἾὸΤ.
667 146 713 169 ΑΙ)
739 147 905 172 HEBRAEOS.

102 203 179 230 τοῦτο
203 198 276 238 εἷπε,
300 204 454 242 Πνεύματος
474 206 548 244 ἁγίου
574 213 711 247 μερισμοῖς
733 209 802 239 κατὰ
823 209 871 245 τὴν
888 210 911 228 ³³

101 248 180 277 αὐτοῦ
192 248 307 284 θέλησιν.

139 531 269 561 Ἐνταῦθα
284 534 330 562 καί
343 545 369 562 τι
384 535 448 563 ἄλλο
464 535 622 565 αἰνίττεσθαί
641 547 684 574 μοι
700 537 784 566 δοκεῖ·
800 538 867 571 εἰκὸς

98 577 148 616 γὰρ
158 577 196 615 μὴ
208 574 274 607 εἶναι
287 579 397 612 πολλοὺς
413 582 466 609 ἐκεῖ
485 581 641 621 χαρίσματα
656 582 776 621 ἔχοντας,
792 583 867 612 ἐκλε-

97 622 218 652 λοιπέναι
228 624 255 653 δὲ
266 628 349 653 ταῦτα
358 648 365 660 ,
376 626 421 654 ἅτε
438 627 604 666 νωθροτέρων
618 629 701 656 αὐτῶν
712 629 866 667 γενομένων.

95 667 146 696 Ἵν’
169 664 213 697 οὖν
229 670 320 703 αὐτοὺς
339 671 384 699 καὶ
406 673 433 699 ἐν
448 672 532 711 τούτῳ
554 674 799 711 παραμυθήσηται,
823 675 866 704 καὶ

98 713 134 750 μὴ
150 716 203 753 ἀφῇ
219 721 388 751 καταπεσεῖν,
399 718 429 746 τὸ
442 722 495 745 πᾶν
506 718 616 754 ἀνέθηκε
625 722 658 758 τῇ
670 723 714 749 τοῦ
727 721 796 750 Θεοῦ
807 722 868 759 βου-

96 761 130 798 λῇ
141 772 147 777 ·
159 761 236 794 αὐτὸς
249 757 302 790 οἶδε
317 762 368 791 τίνι
382 763 408 791 τί
422 765 548 803 συμφέρει
561 788 567 799 ,
584 765 663 804 φησὶ,
679 767 723 795 καὶ
739 767 807 796 οὕτω
821 780 870 796 κα-

96 806 288 845 θαμερίζειτὴν
302 809 381 848 χάριν
393 822 399 827 ·
417 810 482 849 ὅπερ
493 811 538 840 καὶ
553 812 579 840 ἐν
593 814 626 850 τῇ
640 813 705 852 πρὸς
719 814 870 852 Κορινθίους

96 857 166 881 ποιεῖ
178 853 263 892 λέγων
273 866 279 872 ·
292 855 326 884 Ὁ
340 856 407 889 Θεὸς
422 856 494 886 ἔθετο
506 858 550 886 ἕνα
565 858 674 888 ἕκαστον
685 861 770 897 ἡμῶν,
783 859 869 892 καθὼς

95 897 224 934 ἠθέλησε·
251 901 296 929 καὶ
314 902 408 938 πάλιν,
431 902 554 943 ‘Ennio-tq)
576 904 602 933 δὲ
617 907 633 940 ἡ
656 905 800 943 φανέρωσις
823 909 869 934 τοῦ
887 914 903 935 Β

97 945 251 984 Πνεύματος
263 946 361 976 δίδοται
375 948 440 988 πρὸς
455 949 486 978 τὸ
496 950 638 989 συμφέρον,
653 950 721 978 κατὰ
730 951 779 985 τὴν
792 953 869 980 αὐτοῦ

96 991 212 1026 τέλησιν.
236 993 374 1023 Δείκνυσιν
397 995 437 1023 ὅτι
461 994 491 1022 τὸ
513 995 634 1035 χάρισμα
654 996 741 1025 fluat&
758 995 805 1031 τὴν
823 999 869 1024 τοῦ

96 1037 202 1076 Πατρός
217 1040 274 1068 ἐστι
291 1039 406 1074 θέλησιν.
429 1041 564 1073 Πολλάκις
583 1041 609 1070 δὲ
630 1041 675 1068 καὶ
690 1042 724 1069 δι’
751 1041 869 1081 ἀκάθαρ-

95 1094 138 1111 τον
154 1083 212 1122 βίον
225 1084 271 1113 καὶ
285 1087 355 1120 νωθῆ
368 1088 415 1115 οὐκ
423 1085 518 1116 ἔλαὲον
530 1086 623 1116 πολλοὶ
633 1087 755 1125 χάρισμα
766 1098 772 1104 ·
786 1087 868 1115 ἐνίοτε

94 1129 122 1158 δὲ
136 1130 181 1158 καὶ
205 1131 285 1160 καλὸν
302 1131 357 1170 βίον
373 1131 477 1171 ἔχοντες
491 1133 536 1161 καὶ
557 1133 672 1171 καθαρὸν
692 1134 739 1161 οὐκ
757 1132 868 1161 ἔλαὸον·

93 1174 119 1202 τί
139 1175 256 1213 δήποτες
284 1176 366 1206 Ὥστε
392 1178 428 1216 μὴ
459 1179 701 1218 ἐκτραχηλισθῆναι
712 1201 719 1213 ,
737 1178 806 1207 ὥστε
831 1178 868 1216 μὴ

91 1224 269 1260 φυσιωθῆναι,
284 1222 352 1252 ὥστε
376 1223 413 1262 μὴ
439 1224 630 1263 ῥᾳθυμοτέρως
643 1225 778 1262 γενέσθαι,
800 1223 867 1253 ὥστε

93 1266 130 1304 μὴ
144 1267 223 1297 πλέον
238 1270 393 1308 ἐπαρθῆναι.
410 1271 444 1299 Εἰ
461 1269 514 1310 γὰρ
527 1270 572 1299 καὶ
596 1271 678 1309 χωρὶς
701 1270 866 1310 χαρίσματος

91 1313 158 1349 αὐτὴ
175 1317 221 1343 τοῦ
235 1317 350 1354 καθαροῦ
373 1315 430 1354 βίου
444 1319 461 1351 ἡ
482 1316 629 1351 συνείδησις
649 1316 728 1351 ἱκανὴ
753 1317 862 1355 ἐπᾶραι,

89 1360 181 1399 πολλῷ
192 1361 303 1398 μᾶλλον,
318 1362 381 1390 ὅταν
397 1362 442 1391 καὶ
458 1365 475 1398 ἡ
495 1363 573 1403 χάρις
590 1365 686 1401 προσῇ.
698 1362 786 1392 “sse-:s
811 1367 864 1396 τοῖς
883 1369 901 1392 C

88 1411 222 1439 ταπεινοῖς
241 1407 285 1435 καὶ
302 1412 355 1440 τοῖς
374 1408 481 1447 ἀφελέσι
496 1411 594 1446 μᾶλλον
611 1408 728 1438 ἐδίδοτο·
750 1409 795 1438 καὶ
816 1409 864 1446 μά-

87 1451 166 1481 λίστα
181 1457 235 1486 τοῖς
250 1453 372 1493 ἀφελέσιν
384 1465 390 1472 ·
405 1454 452 1484 Ἐν
473 1455 616 1494 ἀφελότητι
630 1455 698 1495 γὰρ,
716 1455 794 1494 φησὶ,
817 1455 862 1484 καὶ

88 1497 114 1526 ἔν
122 1498 283 1537 ἀγαλλιάσει
296 1499 414 1539 καρδίας.
426 1500 479 1529 Καὶ
489 1500 540 1540 γὰρ
552 1501 597 1530 καὶ
608 1501 691 1540 ταύτῃ
701 1501 860 1541 προέτρεψεν

121 1611 131 1622 ι
149 1601 310 1627 colbertinus
321 1603 357 1635 [et
369 1603 504 1638 CommeL]
523 1609 582 1630 aare}
595 1610 634 1634 τὴν
651 1610 689 1630 τεῦ
707 1609 804 1637 πατρὸς,
823 1610 847 1628 et

88 1643 123 1666 sic
137 1642 195 1675 legit
207 1643 336 1674 interpres
346 1643 459 1667 Latinus.
473 1643 550 1668 Saxil.
569 1649 629 1670 κατὰ
642 1650 683 1673 τὴν
694 1648 733 1670 τοῦ
744 1646 847 1676 πνεύμα-

933 150 1011 173 (ιΛι).
1040 151 1076 174 ιι.
1106 151 1224 175 noant„
1254 153 1302 176 ιιι.
1627 146 1671 192 47

889 238 907 260 A
926 211 1038 248 faciunt,
1055 219 1080 240 et
1094 213 1183 243 Judaei
1197 224 1258 242 enm
1274 214 1300 242 in
1314 214 1461 244 Beelzebub
1479 215 1604 245 dicebant
1618 219 1667 257 eji-
1683 229 1809 253 pm,;;-.‚..

925 267 984 286 cere
1004 257 1156 288 daemonia?
1171 260 1224 290 Sed
1240 270 1292 289 non
1306 261 1408 290 faciunt
1425 262 1556 301 ejusmodi
1571 263 1647 302 sigua
1660 277 1665 292 :
1681 265 1737 281 ¹⁰³0
1750 271 1808 289 “z-⁰⁴

1680 291 1774 312 sumunt.

925 310 1064 343 propterea
1079 304 1161 342 dixit,
1174 307 1271 334 Variis
1281 308 1449 337 virtutibus.
1462 308 1512 337 Illa
1527 308 1598 337 enim
1613 320 1664 339 non
1678 322 1733 344 Lus.
1746 330 1750 343 ,
1762 323 1821 343 .,.;,,

924 356 985 378 sunt
997 350 1083 379 virtus
1095 358 1120 380 ct
1133 351 1262 390 potentia,
1274 352 1319 380 scd
1335 353 1506 383 imbecillitas
1515 377 1523 389 ‚
1533 354 1579 383 sed
1597 355 1666 384 visio

923 405 954 423 ac
969 395 1107 435 phantasia
1121 404 1146 425 et
1161 408 1201 426 res
1214 398 1315 426 inanes.
1327 399 1468 438 Propterea
1485 399 1564 438 dixit,
1576 402 1666 441 Spiri-

923 449 969 470 tus
991 444 1088 471 sancti
1110 443 1364 473 distributionibus
1392 447 1551 475 secundum
1581 458 1665 476 suam

924 488 1116 518 voluntatem.

963 537 990 565 5.
1002 534 1053 563 Hic
1063 535 1131 564 milii
1141 535 1249 565 videtur
1260 536 1343 569 ¹etiam
1359 537 1465 576 aliquid
1479 538 1554 568 aliud
1568 539 1664 568 subin-

923 579 1014 609 dicare
1028 592 1034 608 :
1054 587 1093 610 est
1105 581 1175 610 enim
1186 582 1335 612 verisimile
1354 593 1407 612 uon
1428 594 1484 614 esse
1495 584 1552 614 illic
1565 585 1664 615 multos

923 626 968 664 qni
984 626 1098 656 habeant
1113 627 1293 665 cliarismata5
1311 639 1340 658 ea
1360 636 1450 659 antem
1462 629 1590 660 defecisse
1599 654 1607 668 ,
1623 639 1664 660 ut-

923 679 984 710 pote
1004 672 1077 711 quod
1104 673 1166 703 sacti
1189 681 1275 704 essent
1290 674 1341 714 ipsi
1363 675 1524 706 hebetiores.
1547 679 1585 707 L‘t
1601 688 1665 717 ergo

923 728 966 746 eos
979 726 1002 747 et
1018 719 1044 747 in
1060 719 1110 748 hoc
1126 720 1295 756 consoletur,
1314 728 1340 750 et
1353 731 1405 751 non
1419 722 1489 752 sinat
1503 722 1585 762 dejici
1606 725 1664 753 aui-

923 775 984 799 ιιιο,
1001 772 1086 793 totum
1100 765 1195 794 tribuit
1209 766 1259 796 Dei
1277 766 1403 796 consilio:
1416 768 1476 806 Ipse
1489 767 1560 797 enim
1576 769 1663 807 novit,

923 810 1028 848 iuquit,
1045 811 1111 849 qnid
1130 812 1226 849 cuique
1241 812 1374 849 conferat,
1390 819 1415 841 et
1429 813 1466 846 ita
1482 814 1597 852 grat-iam
1610 815 1666 844 dis-

924 855 1030 884 tribuit.
1051 856 1132 892 Quod
1146 857 1256 894 quidem
1275 857 1337 886 facit
1352 857 1433 886 etiam
1448 857 1475 887 in
1496 858 1618 899 Epistola
1630 859 1665 896 ad

923 901 1077 930 Corinthios
1091 901 1182 931 dicens
1197 913 1202 929 :
1220 904 1300 932 Deus
1316 906 1413 942 posuit
1429 915 1665 946 unumquemque

924 953 1056 975 nostrum
1081 949 1154 976 sicut
1177 948 1272 976 voluit
1284 960 1295 981 ;
1316 956 1343 976 et
1367 960 1460 978 rursus
1470 972 1478 987 ‚
1503 951 1666 991 Unicuique

923 999 1021 1021 autem
1037 995 1240 1032 manifestatio
1253 995 1376 1033 Spiritus
1388 996 1480 1025 datur
1491 997 1533 1025 ad
1547 999 1667 1028 utilita-

923 1047 992 1076 tem,
1005 1041 1164 1068 secundum
1175 1042 1237 1079 ejus
1252 1042 1446 1072 voluntalem.
1461 1044 1586 1075 Ostendit
1595 1047 1668 1085 qnod

923 1085 1057 1114 charisma
1083 1093 1121 1114 est
1145 1097 1180 1115 ex
1196 1086 1336 1116 voluntate
1360 1089 1456 1119 Patris.
1480 1089 1558 1131 Saepe
1578 1100 1670 1123 autem

923 1133 1004 1161 etiam
1018 1140 1128 1172 propter
1150 1134 1235 1163 vitam
1251 1134 1420 1164 immundam
1435 1144 1459 1165 et
1485 1140 1622 1169 socordem
1636 1151 1668 1169 ac

923 1178 1048 1217 ignavam
1073 1178 1153 1207 multi
1180 1189 1233 1208 non
1259 1187 1417 1219 acceperunt
1430 1182 1582 1213 charisma:
1600 1196 1667 1215 non-

923 1235 1071 1263 numquam
1083 1231 1108 1253 et
1120 1225 1167 1263 qni
1181 1225 1279 1254 honam
1295 1225 1394 1255 habent
1410 1227 1494 1257 vitam
1510 1236 1535 1258 et
1546 1240 1644 1269 puram
1657 1254 1665 1266 ,

922 1281 974 1299 non
990 1278 1161 1310 acceperunt.
1177 1272 1270 1308 Quare
1282 1271 1296 1300 Ξ)
1309 1272 1350 1300 Ne
1361 1273 1516 1312 superbiant
1529 1298 1538 1312 ,
1552 1286 1583 1305 ne
1596 1277 1668 1305 intu-

921 1323 1041 1345 mescant
1052 1339 1060 1353 ‚
1075 1327 1108 1345 ne
1122 1317 1189 1346 fiant.
1204 1317 1347 1356 sQniores,
1363 1328 1395 1346 ne
1404 1319 1466 1358 plns
1477 1331 1560 1358 qnam
1573 1332 1622 1362 par
1632 1322 1668 1351 sit

921 1363 1094 1392 extollantur.
1107 1363 1176 1392 Nam
1190 1363 1213 1392 si
1225 1364 1306 1392 etiam
1321 1363 1423 1403 absque
1438 1365 1600 1398 charismate
1609 1369 1667 1408 ipsa

919 1419 994 1448 pur-‘e
1009 1409 1072 1437 vitae
1094 1409 1254 1438 conscientia
1269 1410 1371 1439 sufficit
1395 1411 1430 1440 ad
1453 1413 1638 1444 extollendum
1654 1427 1660 1442 :

919 1455 1007 1483 multo
1021 1455 1125 1494 magis,
1138 1455 1247 1493 quando
1260 1456 1344 1485 etiam
1361 1456 1436 1486 adest
1451 1459 1546 1497 gratia.
1562 1461 1666 1497 Quam-

918 1500 1011 1530 obrem
1024 1500 1110 1540 magis
1135 1500 1272 1531 dabantur
1286 1501 1447 1533 charismata
1471 1504 1623 1536 humilibus
1639 1515 1665 1536 et

897 1615 942 1632 τος.
966 1604 1107 1634 Μιιιίιιηιιε,
1121 1605 1257 1628 secundum
1275 1605 1432 1630 voluntatem
1447 1607 1542 1632 Putris.
1564 1609 1607 1644 [A.
1628 1611 1656 1642 B,

898 1644 1022 1668 omittunt
1034 1649 1114 1667 totam
1127 1644 1301 1675 sententiam]

505 1755 683 1784 MUTIANO
705 1755 958 1784 SCHOLASTICO
979 1754 1235 1783 INTERPRETE.

85 1845 174 1877 Judaei
192 1847 219 1875 in
240 1845 391 1875 Beelzebub
403 1845 540 1874 Christum
555 1845 689 1874 daemones
698 1845 858 1875 exclussisse
865 1845 1001 1880 dicebant,
1021 1855 1085 1874 num
1101 1852 1240 1885 propterea
1254 1847 1418 1877 credendum
1433 1856 1471 1880 est
1486 1851 1592 1890 magis?
1603 1853 1656 1882 Sed

84 1894 125 1923 illi
140 1904 194 1923 non
209 1894 273 1923 talia
287 1894 364 1932 signa
381 1893 482 1922 faciunt
505 1905 511 1920 ε
534 1899 674 1932 propterea
689 1893 831 1932 subjunxit
847 1893 997 1932 apostolus,
1010 1891 1102 1921 djcens
1114 1904 1120 1919 ε
1133 1893 1232 1922 Variis
1252 1896 1424 1925 virtutibus.
1448 1897 1496 1926 Illa
1517 1898 1588 1928 enim
1603 1911 1654 1930 non

84 1941 196 1976 virtuti,
210 1940 258 1970 sed
273 1941 424 1969 infirmitati
440 1940 529 1980 potins
539 1939 680 1969 tribuenda
697 1947 760 1969 sunt
769 1963 777 1977 ‚
794 1941 895 1979 qnippe
905 1950 964 1978 qnae
979 1939 1146 1979 phantastica
1161 1946 1188 1968 et
1203 1940 1293 1969 inania
1303 1941 1523 1973 demonstrantur
1534 1957 1540 1973 :
1551 1946 1654 1977 ideirco

83 1997 146 2026 ergo
157 1987 261 2024 intulit,
273 1986 382 2016 dicens:
399 1988 439 2016 Et
451 1987 573 2026 Spiritus
587 1988 685 2016 sancti
698 1986 952 2015 distributionibus
965 1986 1125 2014 secundum
1138 1995 1222 2014 suam
1237 1987 1431 2017 voluntatem.

123 2034 153 2062 In
165 2033 216 2062 hoc
230 2033 290 2063 loco
305 2033 380 2063 aliud
394 2034 474 2063 etiam
489 2033 620 2073 quiddam
633 2045 694 2063 eum
706 2033 858 2074 significare
873 2039 937 2072 puto
951 2044 957 2059 :
972 2031 1089 2060 arbitror
1101 2031 1172 2060 enim
1185 2032 1260 2070 qnod
1270 2033 1340 2062 intra
1353 2044 1398 2063 eos
1409 2045 1462 2064 non
1471 2044 1546 2066 erant
1560 2039 1652 2078 plures

81 2079 174 2110 divina
183 2080 343 2110 charismata
356 2081 537 2122 possidentes,
554 2081 602 2111 sed
618 2088 787 2111 cessaverunt
797 2080 873 2121 apud
885 2090 947 2115 00⁵,
967 2079 1041 2108 velut
1055 2079 1101 2117 qui
1117 2089 1210 2118 segnes
1223 2080 1285 2108 sacti
1298 2088 1373 2110 erant
1384 2088 1409 2110 et
1423 2083 1596 2123 negligentes.
1611 2088 1650 2117 Ut

80 2138 144 2167 crgo
157 2139 201 2158 eos
209 2129 376 2164 consoletur,
390 2140 424 2158 ne
436 2130 527 2169 aliqua
535 2129 720 2170 desperatione
729 2129 892 2164 deciderent,
901 2127 1002 2156 divinae
1016 2126 1149 2156 volunlfili
1161 2134 1255 2156 cunt-'¹³
1267 2128 1415 2158 contribuit
1424 2129 1571 2171 divinoque
1582 2145 1648 2164 con-

80 2175 150 2204 silio.
161 2176 254 2206 Veluti
267 2177 289 2205 si
299 2176 415 2213 diceret,
431 2177 489 2217 ipse
500 2178 574 2207 novit
592 2177 657 2216 qnid
670 2178 768 2217 cuique
789 2177 890 2217 prosit,
904 2175 947 2204 vel
962 2174 1006 2204 cni
1021 2174 1089 2213 quid
1111 2175 1145 2204 sit
1164 2174 1386 2214 adcommodum,
1401 2184 1427 2206 et
1445 2178 1503 2218 ipse
1514 2181 1646 2221 gratiam,

81 2232 141 2260 quae
155 2222 301 2260 conducat,
318 2224 464 2263 unicuique
475 2225 625 2255 distribuit.
637 2225 718 2261 Quod
733 2225 813 2254 etiam
826 2224 862 2253 ad
876 2222 1031 2253 Corinthios
1044 2222 1119 2261 facit,
1135 2222 1226 2252 dicens
1238 2235 1244 2251 :
1257 2226 1336 2252 Deus
1345 2227 1441 2263 posuit
1452 2236 1647 2268 unumquem-

81 2280 138 2308 que
148 2271 223 2298 sicut
235 2271 331 2299 voluit
340 2283 350 2303 ;
366 2278 391 2300 ct
406 2272 502 2302 iterum
516 2295 525 2310 ,
545 2274 710 2312 Unicuique
721 2274 811 2302 datur
821 2272 1028 2312 manifestatio
1039 2270 1164 2310 Spiritus
1177 2271 1218 2299 ad
1231 2271 1406 2307 utilitatem,
1419 2276 1578 2304 secundum
1593 2288 1646 2306 vo-

81 2317 226 2346 luntatem
243 2319 314 2357 ejus.
331 2318 458 2348 Ostendit
471 2330 536 2359 ergo
557 2320 688 2359 qnoniam
709 2321 766 2350 liaec
785 2319 941 2360 praedicatio
964 2317 1112 2348 secundum
1134 2317 1301 2347 voluntatem
1318 2319 1368 2347 Dei
1390 2320 1476 2350 Patris
1489 2330 1581 2352 exorta
1597 2331 1646 2353 est.

81 2363 215 2392 Fortassis
231 2370 319 2393 autem
335 2365 376 2393 vel
389 2373 497 2405 propter
509 2367 678 2396 immundam
691 2367 789 2403 vitam,
809 2367 852 2397 vel
868 2365 992 2396 stolidam
1001 2388 1010 2403 ,
1021 2375 1073 2394 non
1090 2365 1182 2405 plures
1202 2365 1275 2404 apud
1288 2375 1331 2394 cos
1344 2366 1437 2405 gratim
1458 2378 1556 2398 munus
1569 2380 1648 2400 acce-

80 2416 193 2450 perunt:
206 2409 353 2448 aliquando
364 2419 452 2440 autem
468 2412 588 2452 plerique
596 2420 622 2442 et
634 2413 719 2442 vitam
733 2413 860 2443 habentes
870 2411 998 2442 mundam
1008 2435 1016 2450 ,
1032 2422 1083 2440 non
1094 2410 1231 2450 accipiunt
1242 2411 1366 2450 gratiam.
1383 2412 1492 2448 Quare?
1506 2415 1546 2444 Ne
1556 2415 1583 2444 in
1598 2427 1646 2445 su—

80 2456 201 2496 perbiam
212 2457 404 2496 subleventur,
416 2470 448 2488 ne
471 2460 598 2489 inflentur
609 2461 766 2490 ventositate
777 2461 912 2502 jactantia!
923 2483 931 2499 ,
948 2471 981 2489 ne
995 2459 1112 2489 altitudo
1128 2458 1246 2487 muneris
1261 2458 1465 2498 negligentiores
1486 2461 1594 2492 officiati
1615 2463 1644 2493 Si

79 2504 150 2532 enim
166 2509 190 2532 et
203 2503 260 2533 sine
275 2505 434 2535 charismate
445 2506 501 2546 ipsa
512 2517 559 2547 per
571 2517 598 2536 se
613 2508 719 2537 mundte
729 2508 790 2538 vitae
804 2507 964 2538 conscicntia
980 2506 1074 2536 idonea
1085 2512 1133 2543 est,
1145 2512 1174 2534 ut
1188 2505 1268 2534 saciat
1278 2513 1447 2546 arrogantem
1461 2520 1468 2536 :
1485 2508 1570 2538 multo
1583 2520 1645 2538 :nn-

80 2543 170 2588 Plius}
187 2551 295 2588 qnando
308 2563 386 2592 snper
402 2560 500 2583 rectam
516 2554 598 2583 vitain
615 2555 781 2585 rharismatis
793 2567 890 2584 munus
907 2555 1022 2583 affuerit.
1036 2552 1153 2582 Proinde
1168 2552 1318 2582 humilibus
1326 2554 1411 2592 magis
1422 2562 1501 2593 atque
1511 2555 1647 2595 simplici-
