1906 2846
466 145 497 167 ΚΝ
526 144 634 167 ΕΡΙΞΤ.

123 207 236 245 ευρίσκω
251 206 331 235 καθελ
334 219 426 239 κοντας
440 207 482 235 τὸν
498 206 553 240 ζυ
529 218 584 244 (ον,
599 219 643 235 και
664 207 835 245 τιμιωτέρους
851 208 896 235 ὅν-

122 263 178 284 τας.
196 251 248 281 Διὰ
262 254 340 280 τοῦτο
362 264 406 280 και
421 251 502 285 οὕτως
517 255 604 281 εἶπεν·
621 252 669 280 Ων
685 254 731 281 οὐκ
750 265 781 287 ην
798 252 867 286 ἄξιος
884 255 897 281 ὂ

122 297 229 336 κόσμος.
241 298 277 326 Τί
291 298 376 326 τοίνυν
390 298 499 336 εμελλον
513 299 626 327 ε’νταυΟα
640 298 848 336 ἀπολαμοοίνειν,
862 301 897 326 ὧν

121 344 194 374 οὐδὲν
217 347 268 374 τῶν
289 347 316 374 ἐν
333 358 371 374 τω
391 345 484 385 κόσμιι
502 349 533 381 ἦν
556 345 588 379 οἷξ
592 358 645 381 ιον;
658 345 721 374 Fvss
724 349 791 374 αυΟα
812 357 860 374 αυτ
862 348 897 374 &a

121 390 271 426 διανίστησι
284 391 332 426 τὴν
348 391 475 426 διάνοιαν,
495 391 627 420 παιδεύων
643 392 679 430 μὴ
701 393 898 431 προσηλοῧσῦαι

120 439 175 469 τοῖς
193 441 336 476 παροῦσιν,
352 437 420 466 ἀλλὰ
441 437 548 466 πάντων
570 437 651 476 μείζω
673 443 774 477 φρονεῖν
799 439 849 466 τῶν
872 439 897 465 ἐν

122 484 159 522 τῷ
173 483 285 523 παρόντι
301 483 367 523 βίῳ,
383 484 450 523 εἴγε
465 487 478 513 ὁ
492 489 544 518 πᾶς
560 484 660 523 κόσμος
682 486 729 512 οὒκ
754 484 824 512 ἔστιν
848 485 896 512 αὖ-

122 531 173 558 τῶν
197 529 275 563 ἄξιος.
292 530 328 559 Τί
348 530 434 559 τοίνυν
458 531 547 569 βούλει
572 533 684 560 ἐνταῦθα
703 531 808 566 lacem
824 530 897 568 &epm

123 575 174 614 γάρ
191 577 271 612 ἔστιν,
287 575 332 605 εὰν
348 579 459 606 ἐνταῦθα
472 577 556 616 ὶαοῃς
571 589 614 606 τον
631 577 732 615 μισθόν.
749 577 795 612 Μὴ
811 577 895 605 τοίνυν

122 621 239 659 κοσμικὰ
262 624 409 679 φρονῶμεν,
425 623 492 660 μηδὲ
513 625 623 652 ἐνταῦθα
642 625 761 661 ζητυμεν
783 623 830 657 τὶν
846 624 895 651 ἀν-

123 667 273 703 ταπόδοσιν,
291 669 358 707 μηδὲ
379 681 460 702 ουτως
481 671 552 707 ὠμεν
573 682 606 698 πε
600 669 696 704 l*insse
713 671 735 698 εἷ
750 669 799 708 γὰρ
815 672 828 698 ὁ
845 674 896 701 πᾶς

122 712 220 751 κόσμος
234 716 282 743 οὐκ
296 715 326 742 ol:
315 727 366 748 ιος
382 717 485 752 αὐτων,
500 716 527 744 τί
542 716 571 744 τὸ
588 716 666 754 μέρος
680 717 773 751 ἐπιζητ
775 720 828 751 εῖς;
844 717 895 744 Καὶ

121 759 244 793 εἰκότως·
258 760 328 799 (ρι’)οι
341 761 392 800 γάρ
406 763 456 791 εἰσι
468 773 512 790 του
528 764 606 792 Θεου.
621 762 757 798 Κόσμον
744 761 769 790 οὲ
785 774 827 790 εν·
830 764 895 790 αυῡα

121 805 190 846 ῧᾶρα
201 806 232 835 τὸ
246 807 345 843 πλῆθός
357 820 448 848 φησιν,
462 808 478 843 ἢ
489 808 537 843 τὴν
549 808 633 837 κτίσιν
646 808 726 843 αὐτήν
735 820 740 825 ·
758 808 894 847 ἀμφότερα

121 851 173 891 γὰρ
194 848 246 882 οἶδε
266 853 351 892 λέγειν
373 857 389 889 ἡ
412 855 515 893 Γραφή.
536 856 569 883 Εἰ
591 859 664 883 πᾶσα
682 857 698 890 ἡ
721 854 804 886 κτίσις
827 854 894 892 μετὰ

120 899 172 925 τῶν
195 898 350 937 ἀνθρώπιον,
363 901 440 939 φησὶ,
456 903 505 939 στῇ
520 903 571 930 τῶν
589 902 683 937 αὐτῆς,
695 900 797 929 οὐδέπω
814 900 892 929 ἀντοί-

712 945 818 985 Ἵὶσπερ
842 945 893 984 γὰρ

120 989 209 1028 μυρίοι
232 991 345 1028 σταθμοὶ
369 991 467 1030 ἀχύρου
488 992 532 1019 καὶ
553 992 650 1030 χόρτου
672 991 735 1020 δέκα
756 1002 892 1029 μαργαρι-

122 942 170 975 ξιοι
195 947 338 983 φανοῦνται
365 946 478 975 τούτων’
500 946 545 974 καὶ
572 946 687 978 εἰκότως.

118 1038 171 1064 τῶν
183 1036 229 1064 οὐκ
245 1036 275 1064 ἂν
291 1032 341 1065 εἷεν
357 1037 487 1070 ἀντάξιον
502 1037 584 1069 οὕτως
599 1037 657 1065 οὐδὲ
672 1038 766 1065 ἐκεῖνοι
778 1047 784 1053 ·
796 1036 892 1075 Κρείο-

118 1092 172 1110 σων
190 1081 241 1121 γὰρ
260 1078 296 1115 εἷς
313 1085 395 1111 ποιῶν
416 1083 519 1120 θέλημα
537 1081 679 1121 Κυρίου,ἢ
701 1081 790 1120 μυρίοι
803 1082 891 1121 παρά-

118 1138 210 1165 νομοι·
232 1128 341 1167 μυρίους
368 1129 426 1168 οὐχὶ
453 1141 512 1162 τους
536 1128 648 1162 πολλους
667 1129 697 1158 λέ
698 1140 754 1167 (ει,
769 1128 838 1157 σῦλα
863 1129 893 1157 τὸ

119 1174 217 1208 πληθος
238 1175 268 1203 τὸ
289 1175 406 1215 ἄπειρον.
418 1175 559 1211 Ἐννόησον
580 1175 640 1203 οσον
663 1175 733 1204 ἐστιν
752 1178 765 1204 ὃ
783 1174 892 1207 οίκαιος.

119 1214 201 1248 Εἶπεν
216 1221 319 1256 Ἰησους
333 1224 346 1250 ὁ
361 1225 406 1251 τοῦ
420 1223 497 1257 Ναυῆ
506 1245 513 1258 ,
529 1233 618 1257 στττω
633 1224 646 1250 ὃ
660 1221 734 1256 ηλιος
748 1221 818 1250 κατὰ
840 1222 893 1249 Γα-

120 1265 192 1294 Εαων
202 1287 209 1300 ,
223 1278 269 1295 και
281 1269 297 1302 ἡ
311 1268 408 1303 σελίνη
428 1268 497 1297 κατὰ
515 1267 639 1307 φάραγγα
651 1268 761 1305 Ἐλὼμζ
773 1267 818 1296 καὶ
832 1267 875 1306 ἐγέ
878 1285 891 1288 -

118 1324 185 1341 νετο.
196 1312 302 1342 Ἥκέτω
311 1313 398 1343 τοίνυν
409 1319 484 1344 πᾶσα
495 1317 511 1350 ἡ
525 1315 678 1353 οἰκουμένη,
690 1315 789 1352 μᾶλλον
802 1315 828 1342 δὲ
839 1314 892 1349 δύο,

116 1359 162 1388 καὶ
172 1363 250 1396 τρεῖς,
260 1360 306 1388 καὶ
314 1359 448 1399 τέσσαρες,
463 1361 509 1390 καὶ
523 1361 596 1398 δέκα,
605 1362 650 1390 καὶ
662 1361 759 1390 εἴκοσιν
772 1361 892 1399 οἰκουμέ-

116 1417 177 1440 ναι,
189 1406 235 1435 καὶ
251 1407 415 1445 λεγέτωσαν,
436 1407 480 1436 καὶ
495 1407 654 1437 ποιείτωσαν
670 1411 746 1437 τοῦτο
758 1419 764 1425 ·
778 1408 847 1436 ἀλλὰ
863 1407 891 1436 οὐ

117 1452 282 1488 δυνησονται
295 1453 329 1482 Ο
342 1453 369 1483 δὲ
384 1455 429 1483 τοῦ
444 1455 514 1483 Θεοῦ
533 1454 605 1493 φίλος
619 1459 673 1488 τοῖς
686 1456 732 1483 τοῦ
747 1454 792 1493 φῖ)
794 1465 822 1483 ου
836 1455 893 1483 κτί-

117 1511 214 1537 σμασιν
237 1499 379 1534 ἐπέταττε,
395 1501 495 1538 μᾶλλον
517 1500 544 1529 οὲ
564 1513 609 1529 τον
632 1501 707 1540 <poma
729 1501 863 1541 παρεκάλε
854 1514 892 1537 -,ι

116 1557 160 1574 και
175 1548 228 1574 εἷκε
241 1544 275 1574 τὰ
290 1546 380 1584 δοῦλα,
396 1558 441 1575 και
456 1548 469 1575 ὁ
484 1547 556 1576 κάτω
569 1551 622 1579 τοῖς
638 1547 692 1576 ἄνω
706 1547 891 1586 προσέταττεν.

116 1591 199 1631 Ορας
224 1591 264 1620 ὅτι
288 1593 325 1625 εἷς
349 1593 467 1622 οουλείαν
493 1605 575 1622 ταυτα
601 1593 705 1632 γέγονε.
728 1605 772 1622 τοι
795 1593 891 1632 δρόμον

149 1693 160 1704 ¹
171 1684 259 1718 [Savil.
274 1687 300 1710 A.
318 1687 345 1710 B.
359 1692 383 1710 et.
402 1687 527 1712 Commel.
541 1691 630 1722 ἄμμ...
650 1691 732 1720 abra-15
747 1693 877 1723 ἀμφότερα.

118 1730 237 1760 ἀμρότερα
246 1731 298 1758 γάρ.
313 1727 438 1751 Mutianus
454 1727 539 1760 legisse
552 1727 651 1752 videtur
664 1737 668 1750 z
683 1732 781 1754 ἐνταῦθα
794 1733 843 1757 ἤτοι
855 1733 879 1754 τὸ

666 145 710 166 AD
738 145 909 167 ltssssnffios.

1628 141 1695 151 1--1-

940 146 1017 169 CAP.
1047 146 1094 169 XI.
1628 153 1695 176 339

1125 146 1243 170 llOMlL.
1273 148 1382 171 xxvu.

951 214 1102 246 peccatores
1115 215 1141 237 et
1154 208 1275 237 homines
1294 209 1373 238 nihili
1391 223 1396 237 :
1413 221 1474 240 nam
1491 212 1593 241 etiamsi
1613 221 1697 243 totum

951 253 1081 282 mundum
1098 254 1151 283 illis
1170 265 1203 283 ex
1219 254 1331 284 adverso
1351 257 1474 286 statueris
1486 280 1493 294 ‚
1513 258 1620 288 invenio
1637 260 1698 289 illos

917 303 932 325 ὓ
951 300 976 329 ἰη
991 308 1086 329 statera
1100 301 1323 341 prmpondcrare‚
1337 309 1361 331 et
1376 303 1534 334 illustriores
1552 316 1618 335 esse.
1634 307 1699 336 ldeo

951 346 1031 375 etiam
1049 347 1087 376 sic
1105 347 1188 385 dixit,
1208 349 1318 385 Quibus
1337 350 1444 389 dignus
1461 361 1520 379 non
1534 359 1597 381 erat
1612 363 1700 382 mun-

952 394 1014 422 dus.
1030 393 1106 428 Quid
1121 404 1184 433 crgo
1202 394 1246 422 hic
1260 401 1334 423 crant
1349 397 1502 435 accepturi,
1518 398 1618 436 quibus
1632 399 1702 428 nihil

951 439 1066 479 dignum
1088 447 1144 469 erat
1167 451 1256 469 rerum
1278 441 1476 471 mundanarum
1497 443 1510 471 9
1534 444 1586 472 Hic
1610 456 1703 474 eorum

952 493 1066 515 tuentem
1077 487 1168 526 erigit,
1181 487 1305 516 erudiens
1321 498 1353 516 ne
1363 488 1415 516 sint
1427 489 1503 517 affixi
1516 492 1700 529 praesentibus,

951 539 976 560 et
989 539 1019 561 ut
1038 533 1138 572 majora
1161 533 1250 561 animo
1269 533 1369 572 agitent
1383 534 1508 563 omnibus
1522 546 1580 573 quae
1595 543 1658 565 sunt
1673 537 1700 565 in

951 578 1006 607 vita
1023 580 1162 618 praesenti;
1178 579 1310 618 siquidem
1326 587 1397 608 totus
1412 580 1529 610 mundus
1543 592 1595 611 non
1610 590 1648 611 est
1668 583 1701 611 iis

950 624 1058 663 dignus.
1074 625 1150 660 Quid
1164 636 1227 664 crgo
1243 626 1284 655 vis
1301 626 1346 654 hic
1360 626 1480 666 accipere
1491 627 1504 655 ἶ)
1517 628 1648 667 probrum
1663 636 1701 658 est

951 678 976 699 et
985 672 1156 709 contumelia,
1169 671 1189 700 si
1203 672 1247 701 hic
1260 672 1407 702 mercedem
1418 674 1560 713 acceperis.
1572 675 1612 703 Ne
1624 686 1701 703 mun-

951 716 1020 746 dana
1037 728 1100 756 ergo
1114 725 1201 747 mente
1219 718 1368 757 agitemus,
1389 729 1475 758 neque
1490 720 1535 749 hic
1549 731 1700 759 quaeramus

913 768 930 789 C
951 764 1207 799 remunerationem,
1234 774 1319 803 neque
1341 765 1425 794 simus
1449 765 1515 794 adeo
1537 777 1668 806 pauperes
1692 779 1699 796 :

951 819 1013 837 nam
1035 810 1057 837 si
1080 816 1151 838 totus
1172 809 1291 838 mundus
1307 821 1359 839 non
1379 818 1418 839 est
1436 811 1478 840 his
1497 811 1608 850 dignus,
1634 813 1701 850 quid

949 862 1052 893 partem
1070 855 1168 893 quaeris
1180 856 1193 883 ἶ)
1210 855 1244 884 Et
1257 857 1352 885 merito
1366 869 1371 885 ι
1387 864 1449 885 sunt
1464 858 1536 886 enim
1546 858 1625 887 amici
1637 859 1698 888 Dei.

950 901 1084 929 Mundum
1100 911 1163 940 ergo
1178 901 1223 930 hic
1240 901 1307 930 dicit
1320 902 1533 938 multitudinem,
1551 910 1597 932 aut
1614 904 1700 943 ipsam

949 953 1097 974 creaturam
1125 958 1130 973 :
1154 953 1299 985 utrumque
1326 948 1397 976 enim
1420 949 1487 977 solet
1512 948 1600 978 dicere
1623 950 1700 978 Scri-

947 998 1035 1030 ptura.
1054 992 1084 1020 Si
1107 992 1247 1028 universa,
1262 993 1360 1031 inquit,
1376 1001 1496 1023 creatura
1513 995 1599 1034 posita
1620 996 1702 1024 suerit

948 1047 1010 1065 cum
1025 1037 1082 1066 suis
1100 1037 1257 1066 hominibus
1270 1061 1277 1073 ‚
1299 1039 1419 1067 nondum
1437 1041 1583 1078 aequabunt
1606 1052 1700 1070 eorum

947 1083 1063 1121 pretium
1075 1095 1081 1110 :
1093 1090 1117 1111 et
1131 1083 1234 1112 merito.
1250 1084 1327 1113 Sicut
1341 1085 1412 1113 enim
1424 1085 1512 1115 decies
1524 1087 1598 1116 mille
1609 1087 1698 1127 pondo

946 1129 1030 1168 paleae
1055 1136 1080 1158 et
1105 1130 1169 1158 foeni
1190 1140 1243 1158 non
1272 1132 1438 1168 aequaverint
1462 1133 1579 1171 pretium
1607 1134 1700 1163 decem

947 1176 1166 1214 margaritarum,
1178 1175 1215 1204 ita
1227 1186 1275 1204 nec
1287 1176 1329 1204 illi
1342 1188 1348 1203 ε
1362 1178 1471 1205 fllelior
1481 1185 1524 1206 est
1536 1182 1612 1207 enim
1625 1191 1701 1210 unus
1714 1194 1822 1217 gemm*
1832 1194 1854 1215 3,

937 1222 1061 1262 faciens
1071 1222 1260 1251 voluntatem
1269 1223 1404 1261 Domini,
1415 1234 1504 1262 quam
1513 1225 1609 1253 decies
1620 1227 1702 1255 mille

911 1268 929 1290 D
947 1269 1060 1307 iniqui;
1076 1267 1164 1297 decies
1179 1268 1253 1297 mille
1271 1279 1324 1297 non
1339 1269 1438 1298 multos
1453 1269 1556 1306 fficens,
1574 1270 1620 1299 sed
1634 1271 1698 1300 infi-

947 1314 1032 1342 nitam
1053 1314 1269 1343 multitudinem.
1298 1315 1394 1354 Cogita
1416 1323 1516 1354 quanta
1539 1327 1580 1345 res
1600 1317 1635 1346 sit
1657 1318 1700 1347 vir

944 1361 1044 1399 justus.
1063 1362 1149 1389 Diz-it
1166 1362 1253 1390 Jesus
1267 1362 1360 1397 Nave,
1372 1362 1433 1391 Stet
1448 1363 1494 1391 sol
1511 1370 1616 1393 contra
1633 1365 1698 1393 Ga—
1711 1368 1760 1389 Jos-
1774 1374 1853 1390 ¹0-12.

948 1409 1034 1443 baon,
1045 1414 1073 1436 et
1087 1408 1160 1436 luna
1174 1414 1278 1437 contra
1292 1409 1407 1437 vallem
1421 1410 1510 1438 Elem
1520 1422 1532 1444 ;
1544 1417 1571 1439 et
1581 1412 1697 1449 factum

947 1461 998 1483 est.
1018 1454 1117 1483 Veniat
1131 1465 1194 1494 ergo
1211 1455 1353 1484 universus
1368 1455 1441 1484 orbis
1456 1463 1543 1493 terrae,
1561 1457 1616 1486 imo
1636 1469 1698 1488 vero

946 1501 1010 1538 duo,
1031 1509 1058 1530 et
1075 1508 1127 1530 tres
1144 1502 1236 1539 etiam,
1261 1509 1286 1531 et
1307 1510 1431 1541 quatuor,
1453 1510 1478 1531 et
1499 1503 1598 1543 viginti
1619 1505 1698 1534 orbes

946 1555 1035 1586 terrae,
1052 1555 1077 1577 et
1088 1548 1179 1577 dicant
1199 1549 1250 1578 hoc
1263 1556 1288 1578 et
1302 1549 1421 1587 faciant3
1438 1549 1484 1578 sed
1495 1561 1547 1579 non
1561 1558 1697 1590 poterunt.

947 1595 997 1623 Dei
1009 1602 1099 1624 autem
1115 1595 1218 1624 amicus
1233 1596 1313 1624 amici
1325 1596 1475 1636 imperabat
1489 1598 1633 1635 creaturis;
1643 1599 1697 1628 imo

930 1692 992 1714 π)...
1004 1692 1082 1720 adtira,
1095 1692 1108 1718 ἦ
1121 1693 1258 1725 ἀμφότερα·
1274 1695 1396 1725 ἀμφότερα
1407 1695 1459 1726 γάρ,
1474 1692 1590 1724 Optime]

538 1820 712 1849 MUTIANO
735 1819 990 1849 SCHOLASTICO
1013 1820 1267 1850 INTERPRETE.

116 1934 203 1957 totum
217 1925 351 1955 mundum
368 1935 515 1964 compares,
533 1924 594 1953 illos
608 1925 717 1953 invenio
727 1925 838 1954 virtutis
856 1924 973 1964 pondere
989 1924 1124 1961 meliores,
1139 1931 1164 1953 et
1179 1924 1308 1953 trutinam
1324 1924 1496 1963 attrahentes,
1509 1933 1534 1955 et
1550 1927 1696 1957 honorabi—

116 1975 197 2004 liores
210 1973 292 2003 valde
305 1979 448 2001 exstantes.
463 1971 537 2008 Quid
555 1971 640 2010 igitur
653 1979 760 2012 possent
774 1972 819 2000 hic
833 1972 975 2011 recipere?
989 1972 1021 2000 In
1037 1972 1088 2000 hoc
1103 1972 1162 2000 loco
1177 1972 1277 2000 excitat
1292 1982 1385 2001 eorum
1400 1980 1527 2012 mentem,
1541 1981 1633 2004 utnon
1644 1976 1696 2004 ad-

115 2023 233 2052 haereant
246 2020 431 2061 praesentibus,
449 2020 495 2048 sed
515 2020 652 2059 superiora
673 2020 787 2059 sapiant,
807 2026 832 2048 ct
851 2019 1026 2048 eminentiora
1043 2019 1168 2048 omnihus
1186 2030 1246 2058 quse
1269 2027 1331 2048 sunt
1350 2020 1376 2048 in
1394 2020 1444 2049 hac
1463 2021 1519 2050 vita
1538 2034 1543 2049 ι
1559 2022 1694 2061 siquidem

115 2070 202 2100 omnis
213 2069 332 2098 mundus
343 2078 395 2097 non
405 2074 444 2096 est
455 2067 553 2107 dignus
564 2068 590 2096 in
604 2078 696 2096 eorum
709 2069 917 2107 comparatione.
931 2067 1005 2104 Quid
1013 2067 1096 2105 igitur
1111 2067 1153 2095 vis
1164 2067 1191 2095 in
1201 2067 1252 2095 hac
1263 2067 1317 2096 vita
1330 2068 1447 2107 recipcre
1457 2068 1471 2096 ?
1483 2069 1583 2108 injuria
1594 2071 1695 2111 quippe

115 2126 164 2157 est,
181 2118 241 2147 siin
255 2117 306 2146 hac
317 2116 373 2144 vita
388 2115 539 2144 mercedem
552 2115 677 2155 recipias.
695 2116 756 2144 Non
768 2116 858 2154 itaque
871 2115 1009 2144 smcularia
1025 2114 1172 2154 sapiamus,
1187 2125 1273 2153 neque
1288 2114 1315 2143 in
1326 2115 1377 2144 liae
1388 2116 1443 2145 vita
1457 2127 1608 2154 quaeramus
1622 2119 1694 2147 reci-

115 2166 308 2206 procationem,
323 2175 409 2202 ncque
420 2163 447 2192 in
458 2170 562 2192 tantum
574 2164 658 2192 simus
671 2174 811 2203 pauperes.
823 2163 931 2192 Sienim
943 2163 1031 2192 omnis
1046 2162 1164 2191 mundus
1176 2173 1227 2191 non
1243 2169 1281 2191 est
1293 2162 1392 2202 dignus
1407 2163 1454 2200 eis,
1470 2175 1518 2193 cur
1528 2172 1633 2204 partem
1643 2167 1693 2195 ali-

114 2225 196 2253 quam
212 2213 309 2252 quaeris
327 2212 341 2241 Ξ)
361 2212 397 2240 Et
414 2212 508 2241 merito
525 2224 531 2239 :
549 2212 627 2240 amici
643 2212 745 2252 quippe
757 2219 818 2240 sunt
834 2212 894 2240 Dci.
909 2210 1046 2240 Mundum
1060 2218 1150 2240 autem
1166 2211 1192 2239 in
1205 2211 1329 2240 hocloco
1346 2211 1413 2240 dicit
1427 2219 1474 2241 aut
1489 2213 1692 2244 multitudinem

115 2261 266 2297 hominum,
286 2265 332 2287 aut
351 2258 436 2298 ipsam
458 2265 624 2295 creaturam,
639 2266 687 2287 aut
703 2266 846 2297 utrumque
865 2271 870 2286 t
894 2258 960 2287 solet
978 2258 1050 2287 enim
1064 2258 1205 2297 Scriptura
1223 2265 1335 2296 utraque
1354 2258 1487 2287 mundum
1499 2260 1644 2299 appellare.
1662 2263 1691 2291 Si

115 2315 209 2337 cuncta
233 2313 365 2343 creatura,
380 2305 480 2344 inquit,
495 2316 556 2335 cum
571 2305 698 2334 omnibus
715 2305 871 2334 hominihus
888 2305 1074 2342 constituatur,
1091 2315 1239 2343 numquam
1252 2304 1279 2333 in
1291 2305 1490 2344 comparatione
1501 2305 1599 2335 horum
1609 2306 1691 2347 digna

114 2363 181 2385 esset
197 2368 203 2383 :
217 2362 242 2384 et
253 2354 356 2383 merito.
369 2354 444 2383 Sicut
458 2354 530 2382 enim
547 2353 639 2383 decem
652 2354 739 2382 millia
755 2352 870 2392 pondera
884 2353 1022 2393 palearum
1034 2353 1078 2383 vel
1095 2353 1159 2382 foeni
1174 2353 1200 2381 in
1218 2353 1416 2392 comparatione
1427 2352 1519 2382 decem
1532 2355 1690 2394 margarita-

113 2414 174 2431 rum
193 2402 277 2441 digna
295 2412 349 2431 non
367 2408 453 2430 essent
470 2413 476 2429 :
495 2401 533 2430 sic
553 2411 638 2439 neque
655 2401 706 2429 illi.
726 2402 843 2436 Melior,
862 2401 958 2440 inquit,
979 2411 1054 2430 unus
1073 2402 1190 2439 faciens
1204 2401 1389 2429 voluntatem
1405 2401 1473 2435 Dei,
1485 2411 1574 2440 quam
1591 2403 1690 2431 decem

115 2452 210 2481 millia
234 2453 338 2490 iniqui.
363 2452 462 2480 Decem
481 2450 567 2479 millia
585 2450 656 2479 enim
682 2461 734 2479 non
760 2451 892 2491 plurimos
915 2450 1004 2488 dixit,
1033 2450 1080 2479 sed
1105 2450 1306 2479 multitudinem
1328 2449 1470 2479 infinitam.
1499 2450 1625 2490 Intellige
1649 2463 1688 2481 cr-

115 2508 148 2536 go
165 2505 281 2537 quantus
303 2505 340 2527 est
354 2499 452 2537 justus.
470 2499 554 2526 Dixit
572 2499 658 2527 Jesus
673 2500 757 2527 Nave
768 2522 775 2533 ‚
801 2499 859 2528 Stet
883 2499 927 2527 sol
941 2502 1020 2528 circa
1039 2499 1173 2533 Gabaon,
1190 2505 1215 2527 et
1234 2498 1305 2526 luna
1320 2502 1398 2526 circa
1414 2498 1525 2527 vallem
1542 2500 1668 2536 Haylon
1679 2514 1687 2530 .-

115 2551 141 2573 cl
158 2547 271 2584 sactum
291 2552 341 2575 est,
361 2545 456 2574 Veniat
477 2545 559 2583 igitur
583 2546 670 2574 omnis
688 2546 814 2583 mundus,
837 2547 920 2585 inagis
941 2554 1030 2576 autem
1054 2546 1118 2581 duo,
1143 2553 1187 2574 :ult
1211 2553 1278 2580 tre&
1297 2552 1343 2574 aut
1361 2553 1485 2584 quatuor,
1500 2553 1524 2575 et
1539 2546 1640 2586 decem2
1661 2556 1687 2577 et
