1906 2846
95 234 101 246 ι
128 228 180 248 sar.
199 228 232 250 15.

91 258 131 280 33.

121 455 200 475 Mulier

89 493 190 512 ΠΙ.Ι;ΙῙΙΙΙΙῙ

89 517 94 535 l
98 525 146 535 ·······
152 524 170 536 ni
183 522 204 536 ct

88 554 190 573 'lld;f!1'n=

89 578 181 597 nutum.

84 678 137 698 ,Ιι-Ιι.
156 683 173 697 ¹.
193 684 226 698 ιι.

252 148 320 192 27¹,
585 159 613 180 s.
641 159 780 181 sommis
805 158 985 181 cunrsosr.

248 231 276 248 ra
289 221 485 258 Corrumpunt
498 222 588 248 bonos
600 229 694 247 mores
705 220 857 258 colloquia
865 230 961 258 prava
976 231 983 246 .-

245 275 349 305 semper
363 265 470 303 quidem
484 271 563 300 certe,
576 264 694 291 maxime
703 271 793 292 autem
805 264 832 292 in
843 264 984 292 calamita-

245 311 335 344 tibus;
351 318 413 339 tunc
427 310 472 348 qui
489 309 558 337 mala
573 309 696 345 suadent,
714 309 769 337 vim
785 309 896 340 habent.
915 311 983 338 Nam

244 357 266 384 si
284 357 388 384 animus
407 366 439 383 ex
460 365 487 382 se
501 355 564 382 satis
587 354 621 382 sit
635 361 758 393 promtus
781 355 814 383 ad
829 354 979 390 fastidium,

243 409 340 439 quanto
355 400 447 437 magis,
464 399 571 437 quando
584 406 622 427 est
634 400 714 428 ctiam
727 400 773 437 qui
785 400 899 428 consulit
910 400 923 428 ?
934 411 983 429 an-

243 456 293 474 non
308 445 465 473 deturbatur
487 445 522 473 ad
537 444 718 473 barathrum?
734 447 864 484 Magnum
880 445 981 474 bonum

241 498 280 519 est
294 491 402 526 mulier,
426 490 497 519 sicut
519 497 557 518 est
574 491 655 518 etiam
670 501 797 530 magnum
814 491 926 520 malum.
944 491 981 520 Et

1016 157 1171 182 ARCH1EP.
1199 161 1468 187 CONSTANTINOP-

1040 221 1092 247 κῶν
1107 221 1187 254 οὕτως
1201 222 1348 258 ἐλάλησαςς
1371 223 1486 258 Ἀληθῶς
1498 224 1654 264 Φθείρουσιν
1669 227 1718 262 ἤθη
1737 239 1808 266 χρη-

1039 265 1089 294 στὰ
1103 267 1205 304 ὁμιλίαι
1220 267 1301 296 κακαί
1311 280 1316 285 ·
1337 268 1379 296 ἀεὶ
1394 267 1440 305 μὲν
1460 264 1503 296 otiu
1518 270 1664 310 φθείρουσι,
1689 273 1807 310 μάλιστα

1037 310 1064 340 δὲ
1076 311 1119 340 ἐπὶ
1134 313 1184 340 τῶν
1199 315 1340 352 συμφορῶν
1349 325 1355 331 ·
1368 313 1427 342 τότε
1438 315 1462 342 οἱ
1478 313 1511 342 τὰ
1523 317 1609 353 φαῦλα
1619 320 1805 356 παραινοῦντες

1036 356 1141 395 ἔχουσιν
1155 358 1242 398 ἶσχόν.
1261 360 1294 387 Ei
1308 359 1359 398 γὰρ
1379 359 1424 388 καὶ
1439 361 1482 399 ἀφ’
1497 362 1591 396 ἑαυτῆς
1612 363 1628 396 ἡ
1643 362 1716 401 ψυχὴ
1739 363 1804 403 πρὸς

1035 403 1249 438 ἀποδυσπέτησίν
1261 406 1331 433 ἐστιν
1344 404 1447 442 ἕτοιμος
1455 428 1463 442 ,
1477 406 1551 445 πόσῳ
1564 407 1673 444 μᾶλλον,
1684 407 1744 436 ὅταν
1756 409 1803 437 καὶ

1034 449 1047 475 ὁ
1066 449 1250 486 συμὸουλεύων
1265 446 1295 489 ἧς
1312 451 1369 489 οὐχὶ
1391 450 1435 478 καί
1450 451 1514 490 πρὸς
1531 451 1660 490 βάραθρον
1671 453 1777 481 ὠθεῖται
1792 467 1800 488 ;

1034 492 1112 532 Μέγα
1133 495 1229 532 ἀγαθὸν
1244 495 1327 534 γυνὴ,
1348 498 1483 535 ὡσπεροῦν
1497 496 1542 524 καὶ
1558 497 1638 526 κακὸν
1652 497 1730 536 μέγα.
1748 498 1801 527 Καὶ

240 536 304 565 vide
329 536 461 564 undenam
488 536 548 563 vult
573 536 668 564 sortem
693 547 803 565 murum
827 537 1023 583 perfuderam„
1033 537 1082 576 ὅρα
1101 539 1178 568 πόθεν
1201 541 1290 580 ὀρύξαι
1314 542 1344 570 τὸ
1363 545 1449 580 τεῖχος
1469 542 1623 581 ἐπεχείρησε
1636 543 1666 571 τὸ
1680 543 1797 583 ἲσΑυρόν.

241 581 376 617 Quoniam
396 592 457 610 eum
470 581 588 620 pecuniae
601 581 710 610 amissio
733 593 785 611 non
800 583 977 622 expugnavit,
997 578 1024 613 A*
1033 583 1143 621 Ἐπειδὴ
1157 585 1208 625 γὰρ
1223 587 1272 625 οὐχ
1287 582 1354 616 εἶλεν
1372 587 1449 615 αὐτὸν
1461 589 1477 622 ἠ
1492 588 1543 615 τῶν
1558 587 1704 627 χρημάτων
1719 589 1800 628 ἀφαί-

239 628 308 656 nihil
325 638 451 666 magnum
466 627 553 655 effecit
575 627 627 655 hoc
648 627 798 665 damnum,
811 628 859 657 sed
881 629 979 658 [tustra

238 674 318 702 etiam
335 673 498 712 arguebatur
511 672 623 707 djxisse‚
639 673 670 702 Si
691 685 749 702 non
767 675 920 714 infaciem
934 677 978 703 be-

240 721 351 748 nedicet
377 721 429 748 tibi
453 730 462 746 :
484 718 544 747 ideo
560 729 674 748 uxorem
688 727 780 749 contra
802 731 863 749 eum
882 728 977 750 armat.

238 765 322 795 Vides
345 776 397 803 quo
412 765 554 804 spirabat?
572 765 626 794 Sed
640 766 709 794 nibil
730 767 771 795 illi
782 767 840 795 haec
854 767 978 796 maehina
995 783 997 785 ·

236 812 344 850 profuit.
359 812 389 840 Si
405 822 468 850 ergo
480 822 528 840 nos
536 822 642 850 quoque
657 820 732 851 grato
746 813 835 842 animo
848 813 976 851 feramus,

235 868 263 885 ea
280 858 360 886 etiam
374 858 554 897 recipiemus;
570 865 595 887 et
606 859 628 887 si
644 869 697 887 non
714 860 903 899 receperimus,
921 870 978 888 ma-

231 904 275 942 jor
289 903 338 931 erit
352 913 461 932 merces,
476 904 521 932 Sic
541 904 568 932 in
582 903 724 933 adamante
737 905 785 934 illo
799 906 898 934 factum
914 912 951 935 est
968 918 974 933 :

236 949 343 988 quando
363 950 435 978 enim
450 951 553 979 fortiter
574 958 600 979 et
620 958 725 980 strenue
739 952 897 990 decertavit,
914 961 976 982 tunc

233 995 313 1023 etiam
336 995 394 1023 haec
417 995 440 1024 ei
454 995 529 1024 dedit
553 1009 559 1024 z
581 997 688 1035 quando
713 997 828 1026 ostendit
853 998 972 1037 diaholo,

235 1040 324 1080 ipsum
338 1050 390 1069 non
405 1040 466 1069 ideo
483 1042 569 1070 Deum
583 1042 680 1079 colere,
703 1049 768 1071 tunc
781 1043 909 1072 reddidit.
926 1045 974 1074 Est

233 1086 304 1115 enim
319 1087 475 1125 hujusmodi
487 1099 494 1115 t
510 1087 617 1125 quando
633 1088 731 1117 viderit
745 1099 792 1117 nos
803 1099 855 1117 non
868 1100 923 1118 esse
935 1091 974 1118 as-

232 1132 303 1160 fixos
314 1131 346 1160 iis
359 1142 418 1170 quae
430 1132 464 1160 ad
478 1132 548 1161 hanc
563 1133 647 1161 vitam
663 1133 804 1172 pertinent,
818 1140 882 1162 tunc
893 1135 972 1163 nobis

232 1187 260 1205 ea
285 1177 332 1206 dat
353 1190 360 1206 ε
376 1177 482 1215 quando
497 1178 597 1206 viderit
609 1189 658 1207 nos
671 1179 796 1218 praeferre
811 1179 971 1218 spiritualia,

232 1230 295 1251 tunc
309 1223 389 1251 etiam
404 1224 506 1262 praebet
521 1224 638 1252 carnalia
650 1236 659 1261 3
673 1235 725 1253 non
738 1232 826 1253 autem
841 1226 926 1264 prius,
939 1237 972 1255 ne

231 1268 427 1307 abrumpamur
448 1280 462 1297 a
486 1269 681 1308 spiritualibus.
697 1270 782 1299 Nobis
805 1271 889 1309 igitur
902 1283 968 1310 par-

231 1323 302 1350 cens,
315 1324 366 1342 non
381 1313 427 1341 dat
441 1314 566 1351 carnalia,
579 1322 608 1343 ut
623 1315 665 1343 vel
680 1315 777 1343 invitos
790 1315 824 1343 ab
838 1315 871 1344 iis
885 1316 970 1345 abdu-

231 1366 280 1388 cat.
296 1361 372 1395 Non,
384 1360 470 1398 inquit
482 1372 490 1397 ;
507 1361 551 1389 sed
566 1361 588 1389 si
600 1372 734 1401 accepere,
750 1362 863 1401 repleor,
877 1369 901 1390 et
915 1374 971 1391 ma-

230 1406 270 1444 gis
285 1417 334 1445 ago
349 1407 455 1445 gratias.
473 1407 581 1435 Falsum
605 1415 653 1442 est,
674 1418 689 1436 0
703 1409 783 1437 homo
799 1420 806 1435 :
822 1415 885 1436 tnnc
899 1409 969 1438 enim

230 1461 256 1479 es
267 1451 352 1489 magis
368 1462 455 1480 socors
473 1459 498 1480 et
511 1453 635 1490 ignavus.
656 1453 730 1489 Quid
743 1461 834 1482 autem
844 1477 852 1490 ,
867 1454 964 1492 inquit,

230 1497 302 1534 quod
316 1497 361 1525 dat
386 1498 501 1526 multis.⁰
516 1498 595 1527 L'ndc
619 1506 723 1528 constat
739 1499 810 1538 quod
825 1500 882 1539 ipse
897 1501 944 1530 dat
956 1502 970 1530 Ξ)

230 1542 281 1570 Sed
296 1542 367 1581 quis,
393 1543 491 1581 inquit,
516 1543 562 1572 dat
583 1544 676 1573 alius?
694 1546 796 1574 Eorum
811 1547 924 1575 avaritia
944 1554 969 1576 et

230 1588 332 1627 rapina.
350 1589 494 1624 Quomodo
509 1600 572 1628 ergo
588 1590 708 1619 concedit
723 1591 779 1620 baec
793 1591 876 1620 fieri?
892 1592 969 1622 Sicut

1034 642 1103 670 ρεσις
1111 654 1119 667 ,
1135 631 1193 660 οὐδὲ
1206 632 1274 670 μέγα
1284 644 1311 661 τι
1322 632 1462 672 εἰργάσατο
1475 635 1492 667 ἡ
1508 632 1606 662 τούτων
1619 633 1718 671 ζημία,
1730 635 1799 664 ἀλλὰ

1032 676 1077 704 καὶ
1092 676 1178 715 μοί-την
1197 677 1314 717 ἠλέγχθη
1329 678 1420 714 εἷπὼν,
1431 674 1470 707 *H
1495 678 1546 717 μὴν
1566 680 1602 712 εἷς
1615 678 1756 718 πρόσωπόν
1770 691 1801 708 σε

1032 722 1185 760 εὐλογήσει,
1203 723 1245 751 διὰ
1267 724 1500 763 τοῦτονὲφοπλίζει
1522 726 1593 763 αὐτῷ
1613 724 1662 760 τὴν
1679 729 1800 763 γυναῖκα.

1033 766 1116 806 Ὁρᾷς
1130 770 1180 797 ποῦ
1188 767 1312 798 ἔπνευσεν
1325 782 1333 806 ;
1347 769 1416 798 Ἀλλ’
1433 769 1506 799 οὐδὲν
1522 771 1594 809 αὐτῷ
1609 770 1689 799 πλέον
1702 770 1801 810 ὑπῆρξε

1032 813 1075 841 καὶ
1092 814 1145 842 ἀπὸ
1159 814 1256 850 ταύτης
1275 817 1322 850 τῆς
1338 817 1468 854 μηχανῆς.
1482 813 1528 844 Ἂν
1550 815 1638 844 τοίνυν
1655 815 1702 844 καὶ
1723 818 1801 854 ἡμεῖς

1031 858 1193 898 εὐχαρίστως
1213 860 1343 899 φέρωμεν,
1366 861 1509 889 καὶταῦτα
1523 860 1728 899 ἀποληψόμεθα,
1750 861 1800 890 κᾶν

1031 903 1067 941 μὴ
1085 905 1272 943 ἅπολάῧωμεν,
1291 906 1386 944 μείζων
1403 906 1476 935 ἔσται
1494 909 1558 944 ἡμῖν
1575 908 1589 934 ὁ
1603 906 1703 944 μισθός.
1718 906 1799 935 Οὕτω

1029 950 1074 978 καὶ
1088 951 1131 979 ἐπὶ
1145 953 1190 979 τοῦ
1203 952 1350 989 ἀδάμαντος
1362 951 1460 980 ἐκείνου
1471 951 1574 990 γέγονεν
1582 961 1589 968 ·
1601 951 1645 980 ὅτε
1653 951 1704 990 γὰρ
1715 951 1798 987 ἤθλη-

1029 1008 1057 1024 σε
1071 997 1208 1036 γενναίως,
1232 997 1292 1026 τότε
1315 998 1385 1036 αὐτῷ
1406 998 1451 1026 καὶ
1478 1000 1562 1026 ταῦτα
1584 997 1738 1026 ἀπέδωκεν·
1753 997 1796 1026 ὅτε

1027 1042 1105 1076 ἔδειξε
1123 1045 1160 1082 τῷ
1176 1044 1306 1083 διαῧόλῳ,
1326 1043 1366 1072 &a
1380 1045 1408 1072 οὖ
1423 1043 1466 1071 διὰ
1477 1047 1558 1072 ταῦτα
1571 1043 1648 1072 αὐτὸν
1663 1042 1796 1082 θεραπεύ-

1026 1100 1062 1123 ει,
1082 1088 1140 1116 τότε
1154 1088 1199 1117 καὶ
1219 1088 1286 1117 αὐτὰ
1301 1090 1371 1127 αὐτῷ
1386 1089 1476 1117 ἔδωκε.
1490 1089 1615 1121 Τοιοῦτος
1633 1088 1685 1128 γάρ
1698 1089 1770 1116 ἐστιν
1781 1090 1795 1117 ὁ

990 1141 1006 1163 Β
1026 1134 1108 1166 Θεός·
1123 1134 1185 1163 ὅταν
1207 1134 1248 1173 ἴδῃ
1264 1137 1336 1172 ἡμᾶς
1349 1134 1384 1172 μὴ
1399 1134 1619 1173 προσηλωμένους
1635 1138 1688 1166 τοῖς
1704 1135 1796 1172 βιωτι-

1025 1185 1094 1214 κοῖς,
1116 1180 1174 1208 τότε
1185 1183 1248 1217 ἡμῖν
1267 1180 1333 1209 αὐτὰ
1346 1180 1450 1209 δίδωσιν
1464 1191 1469 1196 ·
1485 1179 1546 1208 ὅταν
1567 1179 1609 1216 ἴδῃ
1624 1179 1657 1208 τὰ
1672 1191 1795 1218 πνευμα-

1390 1225 1435 1252 mi.
1451 1224 1484 1253 τᾶ
1499 1224 1615 1262 σαρκικὰ
1629 1223 1776 1263 παρέχεται
1787 1235 1793 1241 ·

1342 1224 1348 1233 l

1318 1236 1377 1252 '0·=

1025 1224 1086 1252 τικᾶ
1100 1227 1284 1263 προτιμῶντας
1295 1247 1303 1259 ,
1324 1246 1331 1252 .
1355 1247 1378 1253 ...

1025 1271 1053 1298 οὗ
1076 1270 1201 1308 πρότερον
1223 1270 1249 1298 δὲ
1274 1270 1389 1305 δίδωσιν,
1414 1269 1457 1297 ἵνα
1472 1269 1509 1306 μὴ
1531 1270 1724 1309 ἀποῤῥαγῶμεν
1738 1270 1794 1298 τῶν

1025 1317 1217 1353 πνευματικῶν.
1231 1315 1392 1352 (Ι)ειδόμενος
1403 1310 1446 1343 οἶν
1459 1316 1534 1352 ἡμῶν
1543 1315 1572 1342 οὐ
1582 1314 1673 1343 δίδωσι
1687 1314 1720 1343 τὰ
1729 1326 1794 1354 σαρ-

1024 1361 1087 1390 κικὰ
1095 1383 1103 1395 ,
1116 1361 1158 1389 ἵνα
1173 1361 1217 1389 καὶ
1233 1361 1342 1393 ἄκοντας
1358 1360 1497 1399 ἀποστήσῃ
1509 1360 1616 1389 τούτων.
1628 1360 1683 1397 Οὒ,
1698 1360 1776 1399 φησίν
1786 1371 1793 1377 ·

1024 1409 1081 1436 &DC
1097 1406 1141 1434 ἐὰν
1154 1407 1228 1435 bigo)
1239 1428 1246 1440 ‚
1259 1406 1430 1444 ἔμπίπλαμαι
1440 1429 1447 1441 ,
1460 1407 1505 1434 καὶ
1517 1407 1616 1443 μᾶλλον
1631 1407 1792 1445 εὐχαριστῶ.

1024 1452 1120 1490 Ψεύδῃ
1131 1476 1138 1488 ,
1153 1447 1174 1480 ὦ
1189 1453 1319 1491 ἄνθρωπε1
1336 1451 1394 1480 τότε
1410 1451 1461 1490 γὰρ
1475 1451 1590 1489 μάλιστα
1602 1451 1648 1489 ἔσῃ
1665 1451 1790 1491 ῥᾴθυμος.

1024 1498 1060 1526 Τί
1073 1495 1116 1527 οἶν
1128 1498 1168 1527 ὅτι
1181 1521 1187 1532 ,
1207 1497 1286 1537 φησὶ,
1301 1498 1407 1530 πιλλοῖς
1420 1497 1527 1531 ὃίδωσι;
1546 1497 1598 1525 Καὶ
1612 1497 1689 1525 πόθεν
1701 1497 1791 1534 δῆλον,

1022 1544 1062 1573 ὅτι
1077 1544 1153 1577 αὐτὸς
1165 1544 1269 1572 δίδωσιν
1281 1556 1289 1578 ;
1299 1542 1379 1572 Ἀλλὰ
1395 1543 1434 1576 τίς
1445 1565 1452 1578 ,
1465 1543 1554 1582 φησὶν,
1567 1542 1654 1581 ἕτερος
1669 1543 1792 1578 δίδωσιν,

1023 1589 1058 1619 ‘H
1072 1589 1207 1623 πλεονεξία
1229 1591 1324 1625 αὐτῶν,
1339 1591 1356 1624 ἡ
1373 1589 1492 1627 ἁρπαγή.
1512 1589 1575 1621 Πῶς
1594 1584 1638 1618 oi'iv
1660 1593 1792 1628 συγχωρεῖ

229 1635 338 1673 eaedem,
356 1636 436 1672 furta,
461 1644 484 1664 et
509 1637 564 1665 vim
581 1648 638 1675 quoe
655 1638 775 1668 infertur.
793 1638 866 1674 Quid
890 1651 964 1677 vero,
986 1648 1003 1671 c
1021 1641 1138 1679 γίνεσθαι
1158 1643 1260 1675 ταῦτας
1278 1639 1384 1678 “Ώσπερ
1399 1640 1443 1668 καὶ
1460 1639 1550 1678 φόνους
1564 1639 1608 1668 καὶ
1623 1640 1723 1672 κλοπὰς
1745 1638 1790 1666 καὶ

650 1771 823 1800 ΜΕΤΙΑΝΟ
845 1772 1098 1801 SCHOLASTICO
1120 1771 1370 1801 INTERPRETE.

229 1887 349 1924 loquuta
359 1895 396 1914 es.
410 1887 481 1915 Vere
492 1887 687 1926 Corrumpunt
698 1898 790 1918 mores
802 1890 892 1918 bonos
904 1890 1053 1930 colloquia
1067 1891 1164 1919 mala.-
1181 1900 1286 1929 semper
1299 1889 1420 1927 quidem,
1433 1888 1478 1918 sed
1493 1889 1612 1917 maxime
1620 1888 1648 1917 in
1659 1890 1788 1918 aerumnis

227 1938 252 1959 et
264 1931 291 1959 in
306 1930 428 1959 cladibus
442 1944 448 1965 ;
466 1938 530 1960 tunc
540 1934 586 1970 qui
601 1933 672 1962 mala
685 1934 809 1971 suadent,
823 1935 922 1964 babent
935 1936 1073 1965 virtutem.
1085 1937 1116 1966 Si
1130 1936 1201 1965 enim
1214 1936 1293 1964 etiam
1306 1947 1321 1964 a
1336 1935 1422 1974 seipsa
1436 1935 1525 1964 anima
1538 1945 1619 1974 prona
1631 1941 1670 1964 est
1682 1935 1717 1964 ad
1727 1946 1790 1965 moe—

226 1988 298 2006 rores
319 1985 344 2006 et
358 1978 504 2008 anxietates
522 1991 528 2006 ε
545 1987 645 2018 quanto
657 1981 742 2020 magis
756 1993 817 2011 cum
832 1983 966 2012 consultor
987 1991 1012 2012 et
1025 1994 1117 2012 suasor
1130 1983 1262 2012 affuerit?
1279 1993 1366 2011 nonne
1377 1982 1412 2011 ad
1426 1982 1516 2022 ipsum
1532 1982 1665 2011 infernum
1679 1982 1787 2011 demer-

227 2024 324 2062 gitur?
341 2026 472 2064 Magnum
488 2026 589 2066 quippe
603 2027 704 2057 bonum
716 2037 756 2058 est
771 2030 878 2068 mulier,
893 2030 938 2059 sed
952 2030 1032 2060 etiam
1048 2031 1149 2059 malum
1165 2041 1302 2069 magnum.
1320 2030 1391 2065 Quia
1406 2040 1469 2059 vero
1483 2029 1586 2057 malum
1600 2039 1728 2068 magnum
1740 2036 1787 2067 est,

226 2071 333 2100 attende
343 2082 377 2100 ex
391 2083 442 2110 qua
456 2080 530 2112 parte
546 2075 604 2103 vult
617 2076 751 2105 suffodere
765 2087 874 2106 murum
887 2084 942 2106 tam
956 2078 1062 2106 fortem.
1079 2079 1138 2106 Non
1158 2088 1218 2106 eum
1233 2077 1349 2111 domuit,
1367 2076 1465 2114 inquit,
1482 2076 1582 2105 ablatio
1599 2076 1785 2115 pecuniarum,

226 2117 295 2146 nihil
310 2129 438 2157 magnum
453 2127 593 2159 operatum
604 2128 643 2150 est
657 2122 708 2150 hoe
723 2123 873 2160 damnum;
889 2131 1025 2163 propterea
1039 2124 1138 2162 inquit,
1155 2125 1223 2152 Nisi
1235 2125 1386 2163 infaciem
1399 2125 1452 2152 tibi
1467 2123 1654 2152 benedixerit.
1668 2122 1788 2151 Intendis

226 2164 259 2193 ad
274 2165 342 2203 quid
354 2166 495 2195 festinabat
506 2189 514 2204 ,
528 2167 562 2196 ad
577 2179 658 2206 quam
670 2180 727 2198 rem
741 2170 900 2209 aspirabat?
914 2171 944 2200 Si
960 2171 1044 2210 igitur
1058 2178 1132 2210 grate
1148 2171 1263 2199 seramus
1273 2193 1280 2206 ‚
1301 2177 1326 2199 et
1340 2170 1398 2198 haec
1412 2169 1590 2209 recipiemus:
1606 2176 1634 2198 at
1645 2169 1668 2198 si
1683 2179 1737 2198 non
1747 2179 1787 2198 re-

227 2212 368 2251 cipiamus,
383 2214 470 2253 major
480 2214 530 2243 erit
544 2225 654 2244 merces.
670 2217 738 2245 Cum
752 2218 823 2246 enim
838 2225 960 2247 certasset
975 2219 1087 2255 fortiter,
1101 2226 1164 2247 tunc
1175 2218 1199 2247 ei
1211 2225 1236 2246 et
1250 2218 1308 2246 haec
1323 2217 1445 2246 restituta
1458 2223 1519 2245 sunt
1532 2229 1538 2244 :
1554 2227 1617 2245 cum
1631 2216 1787 2246 ostendisset

227 2258 344 2296 diabolo,
359 2261 484 2298 quoniam
497 2272 550 2290 non
566 2270 675 2302 propter
687 2264 744 2293 haec
758 2275 818 2293 eum
834 2265 942 2302 coleret,
957 2273 1022 2295 tune
1034 2273 1058 2295 et
1073 2266 1122 2295 ista
1134 2266 1157 2294 ei
1172 2265 1276 2294 tribuit.
1292 2265 1367 2294 Talis
1381 2265 1451 2293 enim
1465 2271 1503 2293 est
1517 2265 1591 2293 Deus
1605 2270 1712 2292 noster:
1726 2274 1788 2292 cum

228 2316 275 2334 nos
285 2306 386 2336 viderit
399 2318 451 2336 non
467 2309 565 2338 affixos
577 2310 655 2339 rebus
671 2312 842 2341 saecularibus
856 2320 879 2341 et
897 2313 1014 2351 caducis,
1026 2320 1089 2342 tunc
1102 2313 1180 2342 nohis
1191 2323 1219 2342 ea
1232 2312 1347 2351 largitur
1362 2324 1368 2339 :
1385 2322 1446 2340 cum
1461 2322 1508 2340 nos
1522 2310 1622 2340 viderit
1636 2310 1787 2349 spiritualia

229 2362 421 2393 praeponentes‚
432 2362 495 2385 tunc
509 2363 534 2385 ct
544 2358 661 2386 carnalia
676 2358 774 2395 donat;
791 2367 851 2389 ante
866 2368 954 2389 antem
969 2371 1147 2399 nequaquam,
1163 2371 1196 2389 ne
1208 2359 1316 2399 quando
1331 2359 1481 2388 defluamus
1494 2369 1510 2386 a
1522 2357 1719 2397 spiritualibus.
1733 2357 1785 2386 Cu-

229 2398 342 2427 stodiens
364 2407 452 2429 autem
473 2411 520 2430 nos
531 2425 538 2435 ‚
553 2413 604 2431 non
617 2403 664 2432 dat
679 2405 794 2433 carnalia
805 2428 812 2441 ‚
825 2413 854 2434 ut
874 2406 917 2434 rel
933 2406 1050 2434 nolentes
1069 2406 1103 2434 ab
1117 2406 1154 2435 eis
1168 2412 1278 2446 separet.
1297 2406 1364 2441 Non,
1380 2405 1478 2443 inquis,
1491 2403 1538 2432 sed
1550 2403 1572 2432 si
1585 2412 1720 2442 accepere,
1736 2413 1782 2431 sa—

231 2444 349 2479 turabor,
364 2453 388 2474 ct
402 2448 487 2486 inagis
502 2448 600 2487 gratias
615 2460 703 2489 agam.
722 2451 828 2480 Falsum
844 2459 892 2487 est,
908 2463 922 2481 0
938 2453 1016 2482 homo
1029 2465 1036 2489 ;
1054 2460 1116 2481 tunc
1131 2452 1201 2481 euim
1216 2451 1334 2480 maxime
1345 2451 1398 2479 eris
1413 2450 1557 2489 negligens
1573 2447 1647 2484 Quid
1660 2458 1722 2486 crgo
1734 2454 1781 2484 cst,

231 2489 325 2527 inquit,
339 2494 407 2530 quod
424 2495 547 2532 plurimis
562 2497 678 2526 tribuit?
695 2499 773 2528 [nde
788 2506 888 2528 certum
907 2507 944 2528 est
958 2500 1020 2538 quin
1037 2510 1091 2539 ipse
1107 2499 1224 2528 tribuit?
1241 2499 1275 2527 Et
1289 2498 1359 2537 quis,
1376 2497 1471 2536 iuquit.
1487 2496 1555 2524 alius
1571 2494 1690 2523 tribuit?
1707 2495 1780 2524 Ava-

230 2535 290 2563 sitia
305 2547 403 2566 eorum.
423 2540 455 2567 Et
473 2543 616 2578 quonmdo,
634 2544 730 2582 inquit,
748 2545 874 2583 permittit
891 2545 945 2574 hece
963 2546 1043 2575 ficri?
1061 2547 1135 2575 Strui
1150 2553 1173 2574 et
1192 2544 1338 2573 homicidia
1353 2551 1375 2571 et
1390 2544 1458 2572 furta
1471 2549 1495 2571 et
1510 2541 1649 2570 violentias
1663 2547 1779 2570 caetersss.
