1906 2846
95 903 113 918 1.
141 899 186 918 [μη
208 901 230 919 (Μ

96 934 129 948 1η.

91 961 170 979 (jn—utra
183 968 228 979 aiat

92 998 125 1010 in>
137 995 157 1010 vt
168 998 231 1017 peciit

93 1028 131 1040 una:
144 1029 206 1049 cupi—

91 1052 138 1071 ilos.

101 1164 179 1185 ῚΙιιΙΙΙι.

91 1194 117 1215 23

248 180 315 212 320
581 188 608 207 s.
637 185 775 207 somus
802 184 981 205 cuuxsosr.

247 262 257 278 x
267 251 344 285 ineat,
357 251 387 284 si,
403 249 526 277 omnibus
538 246 624 279 victis,
639 245 717 272 suerit
733 244 819 272 victus
831 244 864 271 ab
878 243 981 277 ultimo,

247 307 332 325 annon
348 295 435 324 omnia
460 298 518 321 sunt
534 292 556 319 ci
574 290 678 318 inutilia
693 290 706 317 ‘x‘
721 289 882 326 gubernator
897 290 918 317 si
941 296 982 317 to—

248 349 302 369 tuin
318 352 388 370 marc
403 337 585 371 transmiserit,
597 347 664 365 nave
674 336 700 364 in
715 342 793 374 portu
810 336 903 372 fracta,
919 346 983 364 non-

247 399 278 416 uc
289 395 373 416 totuin
387 386 500 425 priorem
515 384 632 412 laborem
646 383 734 410 amisit
744 383 756 410 ἰ’
770 381 845 416 Quid
859 393 921 410 vero
933 393 984 411 me-

245 433 341 461 dicus?
357 432 377 460 si
393 437 490 469 aegroto
501 441 515 458 a
530 429 622 458 morbo
637 428 760 464 liberato,
774 438 834 456 cum
849 438 908 456 eum
923 438 983 467 per-

246 480 309 506 t'ccte
321 478 354 506 sit
367 477 535 511 liberaturus,
554 482 615 503 tunc
628 474 765 502 interitum
778 474 881 509 asserat,
896 484 982 502 annon

246 531 328 552 totum
347 522 464 562 perdidit
477 522 489 549 {³
504 523 542 550 Ita
556 521 635 549 etiam
651 520 678 547 in
694 519 804 553 virtute,
818 519 982 557 quicumque

246 580 295 598 non
306 570 383 598 initio
394 574 592 606 consequentem
605 568 683 594 (inem
696 566 879 605 imposuerunt
889 573 913 594 et
923 576 983 594 con-

245 626 348 653 gruam,
363 615 440 654 plane
458 613 603 653 perierunt.
619 612 699 640 Tales
716 618 776 640 sunt
800 613 846 649 qui
862 612 895 639 ab
919 611 984 651 ipsis

244 663 353 700 quidem
377 661 525 690 carceribus
549 659 669 699 praeclari
692 659 854 697 superbique
876 666 901 687 et
921 658 984 687 elati

245 709 423 747 prosilierunt,
440 713 526 745 postea
545 712 631 733 autem
655 704 781 733 dissoluti
804 705 947 742 ignavique
960 712 984 733 ct

244 755 344 783 :emissi
381 754 486 781 suerunt
511 764 516 779 z
546 752 720 790 quamobrem
742 758 765 779 et
786 751 896 790 praemio
924 757 985 779 sunt

245 800 353 838 privati,
368 806 393 827 et
414 809 428 826 a
453 798 567 826 Domino
588 808 638 825 non
664 803 724 825 sunt
741 797 834 835 agniti,
850 797 912 824 Hcec
931 807 985 824 an-

244 845 348 873 diamus
362 844 406 882 qui
429 854 517 872 amore
536 843 605 882 capti
626 853 717 871 sumus
740 842 877 881 pecuniae3
893 853 922 870 ca
948 849 986 870 est

245 891 313 918 enim
334 890 450 918 maxima
477 889 628 928 injustitia:
648 890 725 917 Nam
752 889 839 916 radia:
856 889 985 916 omnium

246 937 387 965 malorum
398 943 439 964 est
458 946 540 964 antor
550 937 690 974 pecuniae.
703 934 852 963 Audiamus
863 935 908 973 qui
922 945 986 972 quas

246 983 389 1010 babeamus
409 981 555 1016 facultates,
570 981 712 1020 ampliores
725 980 849 1009 volumus
863 980 986 1015 efficere;

244 1026 383 1055 audiamus
394 1049 400 1059 ,
419 1033 444 1054 et
465 1025 572 1054 tandem
587 1035 716 1053 cessemus
733 1035 746 1052 a
765 1024 911 1063 cupiditate
922 1046 930 1058 ,
955 1034 987 1052 nc

244 1084 271 1100 ca
285 1083 342 1110 quae
357 1072 396 1100 illi
420 1070 569 1099 audiamus.
581 1072 658 1099 Nunc
676 1070 731 1098 liaec
746 1069 886 1097 audiamus
901 1076 925 1097 et
940 1079 986 1097 ca-

245 1128 403 1153 veamus‚ne
418 1124 481 1145 tunc
494 1116 650 1145 audiamus:
668 1126 738 1144 nunc
753 1126 813 1143 cum
828 1115 920 1143 timore
935 1126 985 1143 an-

210 1171 231 1184 '·
245 1162 360 1198 diamus,
369 1172 402 1190 ne
415 1168 478 1189 tnnc
491 1171 519 1189 ea
531 1160 673 1189 audiamus
684 1170 744 1188 cum
756 1159 904 1198 supplicio:
917 1160 984 1187 Dis-

245 1208 335 1235 cedite
361 1216 379 1234 a
395 1216 450 1239 me,
469 1215 626 1243 numquam
641 1206 708 1232 ηονί
728 1213 791 1239 vos,
807 1214 838 1232 ne
854 1210 915 1232 tunc
927 1204 986 1241 qui-

243 1252 303 1280 dem
323 1251 428 1290 qnando
449 1250 601 1289 prophetias
617 1249 796 1282 exhibebatis,
815 1255 839 1276 ct
854 1248 986 1278 daemones

241 1297 423 1336 expellebatis.
438 1296 591 1325 Verisimile
606 1303 642 1324 cst
665 1306 726 1324 eum
741 1295 785 1322 hic
800 1294 902 1332 aliquid
918 1306 983 1332 quo-

242 1354 293 1380 que
311 1341 386 1371 aliud
405 1342 574 1370 subindicare
586 1365 592 1377 ,
614 1351 707 1378 nempe
726 1340 799 1377 qnod
817 1347 879 1368 tunc
903 1340 983 1368 etiam

241 1388 362 1426 improbe
376 1388 457 1415 vitam
470 1387 603 1415 ducebant
620 1398 625 1413 ε
642 1386 717 1413 initio
739 1392 826 1413 autem
842 1385 921 1413 etiam
937 1396 983 1423 per

242 1433 364 1471 indignos
377 1433 537 1472 operabatur
545 1432 639 1470 gratia.
649 1432 716 1460 Nam
728 1430 748 1457 si
764 1437 869 1469 operata
882 1438 919 1459 est
937 1441 983 1468 pcr

244 1479 360 1515 Balaam,
376 1478 459 1507 multo
474 1478 559 1516 magis
581 1489 627 1516 per
648 1476 771 1514 indignos
783 1498 789 1510 ‚
807 1483 915 1515 propter
939 1487 983 1504 cos

243 1525 289 1562 qui
303 1531 375 1552 crant
391 1523 565 1551 lucrifacturi.
580 1523 607 1551 Si
619 1529 707 1550 autem
721 1528 745 1549 et
759 1521 832 1559 signa
846 1527 870 1549 et
886 1521 982 1559 prodi-

244 1571 285 1607 ¹eia
296 1581 345 1598 non
361 1576 504 1608 potuerunt
516 1569 628 1598 liberare
639 1580 652 1596 a
665 1568 796 1606 supplicio
812 1579 816 1594 :
829 1567 913 1595 multo
926 1578 982 1596 ma-

280 1680 288 1689 ³
306 1672 313 1702 [
326 1669 469 1703 Legeuduni
485 1678 540 1693 cuui
555 1670 647 1693 Duuaeo
659 1671 778 1694 διαῖἀὲων,
795 1669 824 1694 Α.
835 1669 861 1692 Β,
874 1668 972 1693 Cotum.
996 1676 1020 1693 et
1034 1678 1112 1702 marg.
1126 1669 1169 1693 San
1179 1688 1184 1693 .
1198 1671 1291 1701 διαλάέῃ

1014 185 1031 205 Α
1039 185 1170 207 uenit-11¹.

1199 185 1467 207 CONSTANTtNOt‘.

1038 245 1071 273 ‘0
1085 245 1200 280 οἱϋλητῆς
1213 245 1256 274 ἐὰν
1268 246 1305 282 μὴ
1320 247 1406 274 ἐκεῖνα
1421 245 1489 283 δείξῃ
1501 246 1681 285 λαμπρότερα,
1694 246 1738 274 καὶ
1751 244 1799 282 με’·

1038 302 1082 329 χρι
1097 291 1184 323 τέλους
1198 291 1306 329 νικήσῃ,
1326 290 1373 319 κᾶν
1389 291 1488 322 πάντας
1511 291 1617 325 νικήσας
1635 292 1728 329 νικηθῇ
1751 289 1802 318 ὑπὸ

1038 338 1082 364 τοῦ
1099 336 1245 365 τελευταίου
1258 359 1265 373 ‚
1282 337 1338 375 οὐχὶ
1354 336 1440 364 πάντα
1455 338 1524 374 αὐτῷ
1536 335 1661 371 ἀνόνητα;
1677 339 1690 363 ὃ
1704 336 1801 373 κυὸερ-

1038 381 1118 416 νήτης
1133 382 1162 410 ἂν
1177 382 1245 410 ἅπαν
1264 382 1293 410 τὸ
1306 382 1419 420 πέλαγος
1430 386 1439 397 ¹¹
1459 380 1606 415 διαλαίὼν,
1630 381 1693 419 πρὸς
1710 382 1748 419 τῷ
1761 381 1801 408 λι-

1039 428 1096 464 μένι
1107 428 1258 466 καταῤῥάξῃ
1276 428 1305 456 τὸ
1319 427 1431 466 σκάφος,
1447 427 1505 466 οὐχὶ
1519 427 1605 455 πάντα
1620 426 1741 455 ἀπώλεσε
1758 425 1802 454 τὸν

1038 473 1183 512 ἔμπροσθεν
1198 473 1273 502 πόνον
1285 485 1292 507 ;
1308 474 1343 501 Τί
1355 473 1381 501 δὲ
1392 476 1405 502 ὁ
1422 473 1519 511 ἷατρός;
1535 472 1578 501 ἐὰν
1592 471 1743 504 ἀπαλλάξας
1755 473 1802 506 τῆς

1038 519 1112 547 νόσου
1125 519 1167 547 τὸν
1180 519 1325 557 κάμνοντα,
1341 518 1401 547 ὅταν
1418 518 1501 556 μέλλῃ
1511 518 1599 546 τέλεον
1616 517 1801 552 ἀπαλλάττειν,

1038 565 1096 593 τότε
1118 565 1269 603 διαφθείρῃ,
1292 564 1350 603 οὐχὶ
1371 565 1400 593 τὸ
1417 569 1468 593 πᾶν
1489 564 1643 603 διέφθειρεν;
1664 563 1744 592 Οὕτω
1758 563 1801 591 καὶ

1038 610 1081 637 ἐπὶ
1093 612 1138 644 τῆς
1151 612 1257 649 ἀρετῆς,
1273 611 1328 638 ὅσοι
1345 609 1381 647 μὴ
1399 612 1431 648 τῇ
1447 611 1515 649 ἀρχῇ
1531 609 1670 638 ἀκόλουθον
1685 609 1714 637 τὸ
1730 608 1802 640 τέλος

1038 655 1167 690 ἐπέθηκαν
1186 656 1230 685 καὶ
1250 656 1385 695 σύμφωνον
1399 655 1443 684 καὶ
1458 655 1569 694 σύνῳδον
1579 678 1586 689 ,
1607 655 1743 683 ἀπώλοντο
1758 654 1803 683 καὶ

1040 702 1222 740 διεφθάρησαν.
1235 701 1356 730 Ἰὀιοῧτοί
1371 703 1434 730 εἰσιν
1446 703 1468 730 οἷ
1484 701 1535 730 ἀπὸ
1545 700 1591 739 μὲν
1604 702 1655 729 τῶν
1672 700 1802 739 βαλῧίδων

1040 749 1122 775 αὐτῶν
1155 747 1272 787 λαμπροὶ
1297 747 1341 775 καὶ
1369 749 1460 785 γαῦροι
1482 746 1714 785 προπηδήσαντες,
1737 745 1803 784 μετὰ

1040 796 1121 821 ταῦτα
1136 792 1162 822 δὲ
1183 793 1349 828 ἐκλυθέντες,
1371 793 1415 821 καὶ
1437 795 1528 831 χαῦνοι
1543 792 1689 831 γενόμενοι·
1706 791 1745 820 διὸ
1759 791 1803 820 καὶ

1039 842 1083 867 τοῦ
1100 838 1222 877 βραδείου
1245 839 1475 877 ἀπεστερήθησαν,
1499 838 1543 866 καὶ
1558 837 1630 876 παρὰ
1644 840 1687 866 τοῦ
1703 836 1804 865 Δεσπό-

1040 896 1084 913 του
1110 886 1156 913 οὐκ
1178 883 1387 922 ἐπεγνώσθησαν.
1410 883 1573 920 Ἀκούσωμεν
1596 885 1679 911 ταῦτα
1702 885 1725 911 οἱ
1739 894 1806 922 χρη-

1041 930 1130 967 μάτων
1156 932 1277 968 ἐρῶντες·
1302 933 1317 964 ἡ
1338 929 1389 968 γὰρ
1411 929 1521 967 μεγίστη
1542 929 1636 967 ἀνομία
1661 929 1726 964 αὕτη
1742 941 1805 967 τυγ-

1040 976 1126 1014 saiva·
1143 975 1217 1008 Ῥίζα
1237 976 1288 1014 γάρ
1309 977 1364 1004 ἐστι
1384 975 1502 1008 πάντων,
1517 974 1595 1013 φησὶ,
1619 977 1670 1003 τῶν
1687 976 1774 1003 κακῶν
1788 976 1804 1009 ἡ

1041 1021 1205 1060 φιλαργυρία.
1233 1021 1398 1059 Ἀκούσωμεν
1416 1023 1439 1049 οἱ
1465 1021 1615 1059 βουλόμενοι
1633 1020 1737 1057 μείζονα
1757 1020 1804 1056 τὴν

1040 1067 1209 1106 ὑπάρχουσαν
1229 1067 1317 1095 οὐσίαν
1332 1071 1429 1094 ποιεῖν·
1447 1066 1615 1103 ἀκούσωμεν,
1636 1065 1681 1095 καὶ
1694 1066 1804 1095 παυσώ-

1041 1115 1106 1149 μεθα
1121 1115 1167 1146 τῆς
1182 1112 1328 1145 πλεονεξίας
1343 1111 1421 1148 ποτὲ,
1443 1111 1485 1140 ἵνα
1501 1111 1537 1149 μὴ
1553 1115 1634 1140 ταῦτα
1651 1111 1805 1145 ἀκούσωμεν

1040 1157 1106 1196 ἅπερ
1120 1159 1245 1186 κάκεῖνοι,
1261 1159 1314 1186 Νῦν
1326 1158 1392 1186 αὐτὰ
1402 1158 1556 1194 ἀκούσωμεν
1564 1157 1608 1186 καὶ
1620 1157 1807 1196 φυλαξώμεθα,

1039 1203 1080 1232 ἵνα
1097 1203 1133 1241 μὴ
1146 1203 1204 1232 τότε
1220 1203 1373 1240 ἀκούσωμεν
1383 1215 1388 1220 .
1403 1206 1446 1230 νῦν
1461 1202 1612 1239 ἀκούσωμεν
1629 1202 1695 1240 μετὰ
1710 1202 1805 1241 φόὸου,

1038 1250 1080 1278 ἵνα
1103 1250 1139 1287 μὴ
1161 1250 1218 1277 τότε
1243 1250 1395 1285 ἀκούσωμεν
1421 1248 1486 1285 μετὰ
1506 1248 1647 1286 τιμωρίας,
1670 1248 1806 1277 Ἀπέλῡετε

1040 1296 1084 1323 ἀπ’
1098 1296 1176 1332 ἐμοῦ,
1199 1295 1293 1333 φησὶν,
1314 1294 1435 1322 οὐδέποτε
1456 1293 1535 1331 ἔγνων
1551 1295 1633 1330 ὑμᾶς,
1655 1294 1714 1323 οὐδὲ
1735 1293 1806 1328 τότε,

1038 1340 1132 1378 φησὶν,
1155 1340 1197 1367 ὅτε
1218 1339 1264 1372 τὰς
1286 1339 1448 1377 προφητείας
1464 1339 1661 1375 ἐπεδείκνυσθε,
1684 1340 1728 1368 καὶ
1747 1339 1805 1372 τοὺς

1038 1385 1163 1422 δαίμονας
1178 1385 1337 1417 ἐξεὸάλλετε.
1356 1384 1433 1416 Εἰκὸς
1444 1384 1520 1413 αὐτὸν
1536 1386 1646 1413 ἐνταῦθα
1660 1385 1704 1414 καὶ
1719 1385 1804 1426 ἕτερόν

1037 1443 1060 1458 τι
1079 1430 1252 1465 αἰνίττεσθαι,
1265 1430 1303 1458 ὅτι
1319 1430 1363 1458 καὶ
1375 1430 1433 1459 τότε
1450 1431 1505 1468 βίου
1525 1426 1591 1465 ἦσαν
1603 1434 1731 1469 πονηροῦ·
1752 1443 1805 1460 πα-

1039 1476 1070 1515 ρὰ
1096 1476 1122 1505 δὲ
1144 1477 1190 1511 τὴν
1211 1476 1294 1515 ἀρχὴν
1316 1476 1360 1504 καὶ
1379 1477 1411 1504 δι’
1427 1476 1538 1509 ἀναξίων
1559 1477 1660 1515 ἐνήργει
1680 1480 1696 1512 ἡ
1718 1477 1804 1516 χάρις.

1037 1523 1069 1550 Εἰ
1091 1521 1142 1560 γὰρ
1166 1522 1210 1550 καὶ
1232 1522 1275 1550 διὰ
1295 1522 1410 1558 Βαλαὰμ
1431 1521 1575 1561 ἐνήργησε,
1598 1523 1687 1560 πολλῷ
1706 1523 1803 1560 μᾶλλον

1036 1569 1067 1596 δι’
1083 1567 1208 1601 ἀναξίων,
1222 1567 1265 1596 καὶ
1281 1571 1356 1596 τοῦτο
1371 1567 1414 1595 διὰ
1427 1567 1483 1600 τοὺς
1498 1567 1639 1605 μέλλοντας
1651 1568 1804 1607 κερδαίνειν.

1351 1672 1451 1703 ιατκρῤι
1458 1669 1518 1700 ξαρ]

664 1774 841 1803 MUTIANO
865 1773 1117 1803 SCHOLASTICO
1141 1773 1391 1802 INTERPRETE.

247 1874 395 1909 clariorem,
407 1880 432 1901 et
443 1883 525 1910 nsque
539 1871 573 1900 ad
588 1872 845 1900 consummationem
859 1882 963 1911 semper
976 1879 1126 1911 exsuperet,
1141 1883 1171 1901 ac
1183 1872 1203 1900 si
1218 1882 1308 1900 omncs
1324 1872 1427 1907 vicerit,
1446 1872 1568 1901 vincatur
1583 1879 1669 1902 antem
1682 1884 1696 1901 a
1709 1873 1800 1902 novis-

246 1921 323 1955 simo,
339 1928 424 1947 nonne
437 1917 525 1946 omnia
541 1918 580 1945 illi
596 1917 759 1945 infructuosa
775 1917 838 1945 fient
848 1918 860 1945 ἰ)
877 1928 962 1945 nonne
976 1918 1149 1956 gubernator,
1167 1918 1189 1946 si
1205 1918 1314 1957 pelagus
1329 1924 1413 1946 totum
1428 1925 1597 1957 pertranseat,
1609 1919 1678 1947 circa
1694 1926 1801 1958 portum

246 1973 332 1993 autcm
345 1964 494 2002 confringat
508 1970 600 1998 ratem,
613 1973 719 1991 omnem
732 1962 850 2001 perdidit
865 1963 1023 1991 anteriorem
1040 1963 1177 1992 laborem?
1193 1963 1267 1998 Quid
1282 1963 1361 1991 etiam
1377 1963 1519 1992 medicus?
1533 1974 1618 1992 nonne
1631 1964 1653 1992 si
1667 1964 1802 1994 liberave-

246 2013 281 2041 rit
304 2017 474 2050 aegrotantem
491 2010 595 2044 morbo,
608 2020 668 2038 cum
692 2016 780 2037 autem
796 2009 830 2038 ad
853 2010 1041 2049 perfectionem
1057 2011 1152 2038 salutis
1177 2017 1356 2049 perventurus
1369 2017 1424 2038 erat
1439 2016 1561 2048 aegrotus,
1578 2017 1640 2039 tunc
1660 2012 1717 2050 ejus
1742 2022 1803 2040 cor-

247 2065 353 2097 rumpat
371 2058 566 2091 valetudinem,
585 2068 683 2092 nonne,
698 2057 817 2095 inquam,
842 2064 926 2086 totum
950 2067 1017 2096 opus
1037 2057 1184 2096 corrumpit
1205 2064 1231 2085 et
1250 2057 1358 2095 perdit?
1372 2057 1418 2085 Sic
1431 2058 1511 2084 etiam
1531 2056 1557 2085 in
1581 2057 1681 2086 virtute
1699 2059 1804 2087 contin-

248 2107 293 2143 git.
311 2108 448 2143 Quotquot
466 2104 585 2133 exordiis
610 2104 691 2132 finem
710 2114 762 2132 non
791 2112 935 2142 posuerunt
964 2111 1155 2143 competentem
1179 2111 1203 2132 et
1226 2110 1427 2141 consequentem
1456 2110 1480 2132 et
1507 2104 1695 2141 concinentem,
1717 2106 1805 2144 perie-

249 2159 308 2180 runt
333 2159 358 2180 ct
381 2151 500 2190 corrupti
526 2157 597 2179 sunt.
615 2151 695 2178 Tales
721 2161 835 2188 namque
851 2158 912 2179 sunt
934 2151 980 2189 qni
1004 2162 1038 2179 ex
1064 2151 1214 2180 carceribus
1243 2150 1308 2189 ipsis
1334 2150 1397 2178 clari
1428 2157 1452 2178 et
1479 2151 1617 2189 gestientes
1644 2152 1804 2191 prosiliunt.

250 2204 336 2236 postea
362 2208 425 2226 vero
451 2196 608 2225 dissolutius
633 2196 775 2233 laxiusque
801 2203 943 2225 moventur
970 2208 975 2223 :
1005 2196 1103 2225 idcirco
1127 2197 1215 2235 palma
1242 2195 1417 2230 fraudantur,
1447 2207 1460 2224 a
1487 2197 1603 2225 Domino
1633 2208 1685 2225 non
1715 2208 1805 2237 agno-

248 2250 369 2271 scuntur.
396 2242 544 2270 Audiamus
572 2241 655 2279 igitur
680 2241 758 2277 haec,
783 2241 829 2278 qui
849 2252 970 2270 amamus
997 2242 1121 2281 pecunias
1146 2254 1152 2269 :
1179 2242 1265 2280 major
1288 2241 1388 2280 quippe
1411 2248 1448 2269 est
1474 2241 1630 2280 cupiditatis
1651 2242 1778 2280 iniquitas
1798 2254 1804 2269 :

248 2290 344 2317 Radit
366 2291 442 2317 enim
468 2290 596 2317 omnium
622 2288 766 2316 malorum
789 2294 830 2316 est
858 2291 997 2317 avaritia.
1030 2289 1209 2317 Advertamus
1242 2288 1288 2326 qui
1325 2288 1450 2316 volumus
1477 2288 1604 2327 majorem
1631 2289 1807 2318 substantiam

249 2343 364 2365 nostram
393 2336 487 2372 facere,
513 2335 683 2364 advertamus
709 2341 733 2363 et
755 2335 922 2372 quiescamus
942 2336 978 2364 ab
1001 2336 1123 2371 avaritia,
1143 2346 1176 2364 ne
1201 2335 1344 2364 audiamus
1371 2335 1442 2372 quod
1468 2335 1508 2362 illi
1527 2346 1630 2374 quoquc
1653 2336 1804 2365 audierunt.

250 2384 326 2411 Nunc
348 2394 377 2411 ea
391 2383 532 2411 audiamus
547 2389 571 2410 ct
586 2382 831 2418 contremiscamus,
849 2393 880 2411 ne
904 2390 966 2412 tunc
987 2394 1016 2411 ca
1033 2384 1102 2412 male
1127 2382 1268 2411 audiamus
1281 2394 1286 2409 :
1301 2392 1371 2410 nunc
1386 2382 1558 2410 advertamus
1573 2393 1632 2411 cum
1657 2384 1761 2420 timore,
1774 2394 1806 2412 ne

250 2436 311 2457 tunc
326 2440 386 2457 cum
409 2429 546 2468 suppliciis
569 2428 741 2457 advertamus
756 2440 761 2455 :
777 2430 925 2457 Disccdite
940 2440 959 2457 a
983 2440 1037 2465 me,
1052 2440 1203 2468 nunquam
1223 2431 1330 2467 agnovi
1345 2438 1415 2462 vos,
1431 2438 1478 2455 nec
1498 2435 1570 2463 tunc,
1586 2428 1684 2465 inquit,
1698 2428 1805 2466 quando

251 2476 401 2513 prophetias
422 2475 599 2503 ostendebatis
614 2482 639 2502 et
654 2474 787 2503 daemones
802 2476 972 2513 cssngabatis.
991 2476 1122 2504 Fortassis
1138 2476 1218 2504 etiam
1234 2475 1259 2503 in
1283 2475 1340 2503 loco
1353 2481 1378 2502 ct
1391 2474 1467 2502 aliud
1480 2474 1609 2512 quiddam
1625 2474 1767 2512 significat,
1781 2484 1807 2504 ct

251 2522 311 2558 quia
322 2529 347 2549 et
359 2528 420 2549 tune
436 2522 495 2549 vita*
507 2529 579 2550 crant
593 2522 728 2561 pessimat:
743 2522 769 2550 in
782 2523 846 2560 ipsis
859 2523 1050 2561 quippcinitiis
1062 2530 1085 2551 et
1101 2533 1146 2561 pcr
1159 2522 1283 2560 indignos
1296 2522 1456 2560 operabatur
1467 2521 1559 2559 gratia.
1572 2521 1601 2549 Si
1616 2521 1685 2549 enim
1696 2533 1744 2561 per
1756 2523 1805 2551 Ba-

251 2569 434 2605 laa1nopcrata
448 2575 496 2603 cu,
512 2569 593 2597 inulto
608 2569 691 2607 inagis
707 2576 728 2597 et
747 2580 793 2607 prr
810 2569 941 2608 indignus,
966 2577 1073 2609 propter
1089 2570 1154 2599 alios
1171 2569 1321 2598 lucrandos,
1339 2569 1366 2597 Si
1383 2575 1470 2597 autem
1485 2568 1559 2607 signa
1577 2574 1598 2595 ct
1616 2568 1738 2607 prodigia
1753 2580 1804 2598 nou
