1886 2846
238 182 297 214 132⁰,
577 192 604 213 s.

633 190 772 213 somnis
800 186 978 211 cttuisosr.

230 255 274 282 illa
293 260 415 282 accurate
433 253 546 292 potuerit
567 253 686 281 discere:
705 258 769 280 esst-t
791 251 859 278 euim
876 248 965 276 multa·

230 300 367 334 autentim,
383 298 518 338 prioribus·
534 309 583 327 nun
600 305 668 327 reete
684 297 775 326 inditis
790 295 825 323 ad
840 295 890 322 alia
906 303 965 320 eum

229 347 325 374 ducere
340 357 345 372 :
362 345 398 373 sie
414 345 492 373 etiam
505 345 530 373 iu
546 345 667 377 ecelesia,
684 344 704 371 si
722 342 797 371 uobis
812 340 904 368 eadem
919 337 965 365 di-

229 391 350 419 eentilms
370 391 436 419 nihil
459 391 576 430 amplius
597 390 713 421 discatis,
735 398 785 415 uuu
806 384 966 414 cessabimus

230 439 320 466 :aulem
334 439 432 467 dicere.
447 439 474 467 Si
489 437 671 466 ostentationis
688 435 796 473 quidem
816 439 840 460 ct
860 430 966 459 lionoris

230 498 243 513 .ι
260 485 336 513 uobis
347 485 488 513 baberetur
497 485 573 513 ratio.
583 487 713 522 oporteret
723 478 967 517 sempertransilire

229 539 252 559 et
268 532 394 562 transire,
407 538 526 559 restrum
540 529 640 557 nullam
661 533 778 564 gerentes
796 534 886 553 curam
899 546 906 560 ‚
921 523 966 552 sed

231 577 298 605 sulus
313 583 413 605 resti-us
430 576 537 614 plausus
551 579 672 612 appetere
685 584 692 599 .·
706 571 752 599 sed
770 570 895 608 quoniam
915 580 966 598 non

231 624 256 651 iu
274 624 322 651 hue
337 622 455 650 studium
472 620 618 659 pusuiums‚
635 617 680 646 sed
693 628 740 646 nos
756 627 804 656 pro
818 622 904 646 vestra
916 616 967 644 uti-

231 670 305 697 litate
326 677 430 696 omnem
454 666 569 693 laborem
591 663 763 702 suscipimus,
780 673 834 691 non
850 661 968 690 cessabi-

232 725 290 742 mus
303 713 336 741 de
350 712 442 740 iisdem
456 710 532 737 vobis
542 709 647 745 dicere,
660 709 745 737 donec
759 719 788 737 ea
801 715 871 737 recte
882 718 967 746 gesse-

232 759 298 787 ritis.
311 760 376 786 §am
393 756 474 784 multa
491 755 580 783 dicere
596 762 748 794 poteramus
762 761 787 783 et
803 754 836 782 de
849 753 968 792 gentium

231 804 415 843 superstitione
426 825 432 837 ,
443 808 468 829 et
482 801 514 829 de
530 801 686 830 Manichaeis
697 809 723 830 et
734 800 930 835 Marcionistis,
944 806 969 828 et

231 862 275 889 per
297 849 342 877 Dei
364 848 476 885 gratiam
491 848 597 877 validas
609 848 647 876 eis
663 848 754 887 plagas
770 847 904 885 instiga-03
923 846 968 874 sed

229 906 279 923 uon
297 902 333 923 est
349 905 419 923 nuuc
437 894 472 922 de
485 894 522 922 eis
536 893 643 922 dicendi
664 901 777 933 tempus.
794 893 862 921 Nam
877 892 910 920 iis
923 892 968 930 qui

229 952 274 970 sua
295 940 413 969 noudum
430 947 521 969 exacte
540 946 638 968 norunt
647 946 689 976 ‚ct
703 939 748 977 qui
761 938 883 967 nondum
895 938 968 966 didi-

229 994 319 1022 «eruut
330 986 402 1024 quod
417 986 519 1015 malum
531 985 565 1014 sit
577 986 638 1024 plus
654 996 734 1023 quam
748 995 796 1024 par
810 991 848 1012 est
860 984 967 1018 habere,

230 1034 290 1071 quis
304 1033 366 1061 talia
381 1033 463 1062 verba
481 1032 597 1068 dixerit,
612 1037 637 1061 et
653 1031 687 1060 ad
707 1031 759 1059 alia
781 1029 890 1058 duxerit
911 1036 971 1057 ante

232 1087 334 1118 tempus
344 1079 357 1107 ζ’
369 1080 455 1116 Atque
465 1088 512 1106 nos
523 1076 631 1115 quidem
644 1087 695 1105 non
708 1075 870 1104 cessabimus
879 1074 971 1103 eadem

230 1126 332 1162 dicere,
342 1126 398 1154 sive
411 1125 489 1153 vobis
504 1124 712 1163 persuascrimus
721 1145 728 1159 ‚
746 1122 802 1150 sive
817 1131 867 1150 non
879 1132 885 1148 z
898 1131 970 1150 vere-

232 1183 292 1200 mur
303 1178 391 1200 autem
407 1180 439 1199 ne
456 1169 548 1198 cadem
566 1169 731 1198 continenter
745 1166 869 1203 dicendo,
882 1166 904 1195 si
919 1176 971 1194 non

231 1219 358 1253 audiatis,
371 1217 404 1245 iis
418 1216 463 1255 qui
480 1217 577 1244 frustra
589 1215 718 1251 audiunt,
729 1214 858 1252 majorem
871 1212 971 1240 efficia-

233 1275 291 1292 ums
305 1262 560 1292 condemnationem.
574 1262 633 1289 Nou
649 1267 711 1289 snut
725 1266 815 1287 autem
827 1258 885 1286 haec
900 1268 915 1285 a
930 1268 972 1286 me

231 1309 355 1338 omnibus
368 1307 480 1336 dicenda
495 1318 501 1333 :
518 1307 572 1336 scio
587 1306 658 1335 enim
673 1305 772 1334 multos
787 1303 877 1343 juvari
893 1314 907 1331 a
922 1313 971 1332 suo

231 1356 258 1384 in
276 1356 347 1383 hunc
367 1355 455 1382 locum
472 1354 610 1391 ingressu,
623 1351 669 1389 qui
683 1351 743 1389 jure
765 1350 894 1378 adversus
910 1348 971 1377 illos

231 1400 449 1435 exclamaverint,
463 1399 545 1436 utqui
558 1409 605 1437 per
616 1407 691 1425 suam
702 1394 823 1424 discendi
831 1394 971 1433 segnitiem

231 1455 255 1476 et
266 1445 452 1484 negligentiam
465 1444 515 1472 sibi
529 1443 698 1472 insidiantur.
709 1441 762 1471 Sed
774 1452 806 1469 ne
815 1440 971 1478 sicquidem

231 1504 274 1520 eos
294 1491 446 1531 oppriment
463 1489 567 1517 insidia}
581 1500 586 1515 :
599 1487 705 1516 assidue
726 1487 797 1515 enim
817 1485 908 1514 eadem
923 1496 971 1514 au-

231 1538 289 1565 dire
305 1538 337 1565 iis
352 1537 432 1564 etiam
446 1535 492 1573 qui
507 1534 610 1568 sciunt,
625 1538 663 1561 est
681 1532 747 1560 utile
763 1543 768 1559 :
783 1541 844 1560 nam
860 1541 920 1559 cum
942 1530 971 1559 id

232 1584 304 1621 quod
320 1582 417 1610 scimus
436 1591 506 1620 saepe
521 1579 696 1613 audierimus,
708 1577 794 1616 magis
815 1576 970 1615 compungi-

233 1639 302 1656 mur.
316 1627 432 1660 Scimus,
446 1625 520 1654 verbi
533 1625 634 1663 gratia,
647 1623 719 1661 quod
735 1633 774 1651 res
786 1622 855 1651 bona
869 1622 903 1650 sit
920 1621 973 1649 hu-

234 1674 341 1710 militas,
351 1680 375 1701 et
389 1671 460 1710 quod
475 1671 599 1700 Christus
611 1680 679 1709 szepe
692 1669 726 1698 (le
737 1679 766 1697 ea
781 1668 814 1697 sit
828 1668 970 1706 loquutus:

1009 185 1025 207 A
1033 185 1162 207 uenit-te.
1193 183 1459 208 CONSTANrtNOt‘.

1022 246 1073 277 ίῶς
1086 247 1181 283 δυνηθῇ
1193 258 1197 262 ’
1211 245 1255 274 καὶ
1271 244 1320 284 γὰρ
1333 245 1420 277 ἀνοίας
1433 245 1488 273 ἐστὶ
1501 245 1612 281 πολλῆς,
1628 245 1659 274 τὰ
1672 246 1784 285 πρότερα

1022 290 1058 328 μὴ
1076 290 1181 320 ἐνθέντα
1202 292 1303 324 καλῶς,
1319 291 1358 328 ἐφ’
1379 289 1455 328 ἕτερα
1470 289 1542 328 ἄγειν
1557 290 1633 319 αὐτόν
1647 302 1652 308 ·
1669 291 1736 319 οὕτω
1751 290 1782 325 δὴ

1020 335 1064 364 καὶ
1088 336 1131 365 ἐπὶ
1154 338 1200 371 τῆς
1223 335 1378 372 ἐκκλησίας,
1392 335 1423 364 ἂν
1447 334 1487 363 ἀεὶ
1512 334 1545 363 τὰ
1567 335 1633 363 αὐτὰ
1656 337 1784 375 λεγόντων

1019 384 1111 420 ἡμῶν,
1135 381 1216 419 μηδὲν
1237 381 1316 410 πλέον
1342 381 1498 419 μανθάνετε,
1519 381 1643 409 οὐδέποτε
1662 381 1695 409 τὰ
1720 381 1786 410 αὐτὰ

1019 427 1137 466 λέγοντες
1159 427 1323 465 παυσόμεθα.
1335 428 1369 455 Εἰ
1385 426 1431 464 μὲν
1453 426 1504 466 γὰρ
1515 426 1664 459 ἐπιδείξεως
1674 422 1706 461 ’ἦν
1721 429 1784 465 ἡμῖν

1021 475 1034 502 ὁ
1054 473 1128 511 λόγος
1151 473 1195 502 καὶ
1216 472 1381 511 φιλοτιμίας,
1403 473 1482 511 ἐχρῆν
1508 472 1548 501 ἀεὶ
1572 472 1726 510 μεταπηδᾷν
1741 472 1786 500 καὶ

1022 519 1205 557 μεταῧαίνειν,
1219 518 1289 548 οὐδὲν
1310 517 1490 558 φροντίζοντας
1503 519 1576 555 ὑμῶν
1598 517 1684 546 ἕνεκεν
1694 539 1702 553 ‚
1717 517 1785 546 ἀλλὰ

1021 567 1072 594 τῶν
1097 565 1197 604 κρότων
1222 563 1298 602 μόνον
1323 566 1374 592 τῶν
1399 564 1461 603 παρ’
1485 564 1577 600 ὑμῶν·
1594 562 1684 598 ἐπειδὴ
1709 562 1736 591 δὲ
1757 563 1785 591 οὗ

1021 611 1084 650 πρὸς
1098 614 1172 640 τοῦτο
1186 610 1234 645 τὴν
1255 609 1371 644 σπουδὴν
1391 608 1517 646 ἐθέμεθα,
1535 607 1603 637 ἀλλὰ
1617 608 1702 636 πάντα
1719 607 1785 646 ὑπὲρ

1021 659 1068 692 τῆς
1082 657 1210 696 ὠφελείαις
1225 659 1289 694 ἡμῖν
1312 660 1430 685 πονεῖται
1450 656 1498 689 τ’ἧς
1519 653 1658 693 ὑμετέρας,
1674 655 1702 683 οὗ
1720 665 1786 683 παυ-

1022 703 1120 741 σόμεθα
1144 702 1271 742 περὶτῶν
1294 703 1378 730 αὐτῶν
1399 702 1460 739 ὑμῖν
1484 699 1675 740 διαλεγόμενοι,
1691 699 1740 733 ἕως
1756 699 1785 727 ἂν

1022 748 1088 777 αὐτὰ
1102 748 1296 788 κατορθώσητε.
1313 746 1391 776 Ἐπεὶ
1406 747 1465 781 ε’νῆν
1480 746 1565 775 πολλὰ
1580 745 1625 775 καὶ
1647 745 1708 784 περὶ
1721 745 1785 775 Ἑλ-

1021 798 1130 831 ληνικῆς
1143 795 1228 834 λέγειν
1243 793 1459 832 δεισιδαιμονίας,
1473 793 1518 822 καὶ
1538 793 1598 832 περὶ
1615 791 1787 831 Μανιχαίων,

1022 842 1066 871 καὶ
1082 841 1144 879 περὶ
1160 842 1369 879 Μαρκιι-ινιστῶν
1379 862 1387 875 ,
1403 838 1447 868 καὶ
1469 838 1570 877 μεγάλα
1593 837 1717 872 πλήττειν
1742 838 1787 866 αὐ-

982 871 1006 921 ’ἶί
1023 887 1079 919 τοὺς
1093 889 1126 925 τῇ
1141 889 1186 915 τοῦ
1200 888 1270 915 Θεοῦ
1284 885 1374 924 χάριτι
1386 896 1392 901 ·
1407 885 1466 912 ἀλλ’
1481 885 1527 912 οὐκ
1542 883 1598 921 ἔχει
1613 882 1703 921 καιρὸν
1717 883 1731 910 ὁ
1745 881 1787 910 λό-

1022 945 1077 972 γος.
1093 933 1157 964 Τοῖς
1173 931 1224 970 γὰρ
1244 930 1347 959 οὐδέπω
1368 929 1401 958 τὰ
1417 930 1516 957 ἑαυτῶν
1539 928 1633 956 εἰδόσιν
1656 927 1787 966 ἀκριὸὥς,

1023 983 1076 1011 τοῖς
1088 978 1190 1007 οὐδέπω
1206 976 1386 1014 μεμαθηκόσιν
1400 975 1440 1004 ὅτι
1460 975 1489 1003 τὸ
1509 975 1673 1003 πλεονεκτεῖν
1693 972 1787 1009 κακὸν,

1023 1025 1061 1056 τίς
1078 1024 1108 1052 ἂν
1132 1023 1190 1055 τοὺς
1210 1022 1340 1053 τοιούτους
1361 1021 1429 1049 εἴποι
1456 1020 1561 1058 λόγους,
1579 1019 1623 1048 καὶ
1646 1021 1685 1058 ἐφ’
1711 1019 1788 1057 ἕτερα

1024 1070 1117 1108 ἀγάγοι
1131 1069 1182 1108 πρὸ
1196 1071 1304 1106 καιροῧς
1317 1067 1410 1104 Ἡμεῖς
1424 1066 1471 1104 μὲν
1486 1061 1529 1094 οὖν
1544 1066 1573 1094 οὗ
1587 1064 1742 1102 παυσόμεθα
1755 1064 1788 1092 τὰ

1023 1116 1089 1144 αὐτὰ
1102 1115 1236 1153 λέγοντες,
1259 1113 1289 1141 ἄν
1304 1124 1331 1140 τε
1353 1114 1494 1148 πεισθῆτε,
1509 1111 1539 1139 ἄν
1555 1123 1582 1139 τε
1597 1111 1633 1149 μή
1645 1123 1650 1128 ·
1665 1110 1788 1139 δεδοίκα-

1024 1174 1070 1200 μεν
1093 1161 1119 1190 δὲ
1145 1159 1181 1198 μὴ
1203 1161 1240 1199 τῷ
1269 1159 1385 1197 συνεχῶς
1409 1157 1443 1186 τὰ
1468 1156 1534 1185 αὐτὰ
1555 1156 1652 1195 λέγειν,
1681 1155 1725 1184 ἐὰν
1750 1156 1787 1194 μὴ

1023 1207 1152 1241 ἀκούητε,
1171 1205 1276 1243 μείζονα
1295 1208 1347 1236 τοῖς
1371 1202 1550 1241 παρακούουσι
1570 1201 1617 1237 τὴν
1643 1201 1788 1236 καταδίκην

1023 1252 1204 1292 ε’ργασώμεθα,
1217 1252 1257 1279 Οὐ
1272 1249 1337 1289 πρὸς
1351 1249 1451 1281 πάντας
1471 1247 1498 1276 δέ
1521 1259 1565 1285 μοι
1579 1249 1662 1275 ταῦτα
1678 1246 1769 1285 ῥητέον
1781 1257 1787 1263 ·

1023 1295 1079 1327 οἶδα
1101 1298 1151 1336 γὰρ
1175 1295 1287 1328 πολλοὺς
1310 1294 1505 1333 ὠφελουμένους
1529 1293 1583 1321 ἀπὸ
1604 1295 1651 1327 τῆς
1677 1293 1787 1321 ἐνταῦθα

1023 1345 1139 1379 εἰσόδου,
1163 1343 1187 1372 οἲ
1210 1341 1316 1373 δικαίως
1343 1340 1372 1368 ἂν
1398 1339 1502 1368 ἐκείνων
1535 1337 1728 1373 καταὸοήσαιεν
1753 1339 1788 1370 ὡς

1023 1389 1206 1428 ἐνεδρευόντων
1231 1386 1323 1419 αὐτοὺς
1347 1385 1389 1414 διὰ
1409 1386 1457 1419 τῆς
1477 1383 1572 1417 οἰκείας
1596 1383 1724 1422 ἀμαθείας
1743 1383 1788 1413 καὶ

1024 1434 1189 1474 ἀπροσεξίας.
1205 1432 1282 1467 Πλὴν
1304 1432 1362 1461 ἀλλ’
1377 1430 1434 1460 οὐδὲ
1449 1430 1529 1463 οὕτως
1543 1429 1788 1469 ἐνεδρευθήσονται·

1023 1483 1051 1511 τὸ
1074 1481 1125 1520 γὰρ
1148 1481 1264 1518 συνεχῶς
1287 1477 1321 1507 τὰ
1340 1477 1405 1506 αὐτὰ
1430 1476 1547 1511 ἀκούειν,
1569 1475 1614 1504 καὶ
1634 1479 1687 1508 τοῖς
1709 1475 1789 1505 εἰδόσι

1023 1527 1156 1567 χρήσιμον
1168 1537 1174 1543 ·
1188 1524 1201 1553 ὃ
1216 1524 1267 1562 γὰρ
1279 1523 1355 1562 ἴσμεν
1368 1522 1494 1554 πολλάκις
1508 1521 1676 1557 ἀκούσαντες,
1690 1522 1789 1558 μᾶλλον

1024 1572 1214 1610 κατενύγημεν.
1233 1565 1297 1599 Οἶόν
1318 1580 1344 1597 τι
1357 1568 1426 1606 λε’γω
1439 1579 1445 1585 ·
1461 1567 1537 1605 ἴσμεν
1557 1567 1597 1596 ὅτι
1611 1566 1692 1595 καλὸν
1705 1568 1722 1601 ἡ
1738 1577 1788 1594 τα-

1024 1616 1229 1657 πεινοφροσύνη,
1244 1616 1290 1644 καὶ
1303 1614 1343 1644 ὅτι
1357 1613 1483 1645 πολλάκις
1503 1613 1623 1652 διελέχθη
1638 1612 1697 1650 περὶ
1710 1613 1790 1647 αὐτῆς

1025 1668 1038 1694 ὁ
1055 1662 1166 1703 Χριστός
1181 1675 1186 1680 ·
1202 1662 1260 1691 ἀλλ’
1283 1661 1345 1689 ὅταν
1359 1660 1404 1688 καὶ
1419 1660 1503 1688 αὐτῶν
1517 1661 1568 1687 τῶν
1584 1658 1708 1697 ῥημάτων
1723 1659 1790 1686 ἐποι-

659 1785 740 1813 ML'T
747 1783 834 1813 IANO
854 1779 1110 1811 SCHOL.xST1CO
1125 1774 1374 1806 INTERPRETE.

235 1896 309 1918 autea
332 1889 444 1923 ducens,
461 1896 596 1924 usquequo
618 1886 663 1913 illa
681 1885 781 1921 integre
801 1881 916 1911 valuerit
939 1880 1058 1909 discere:
1072 1878 1209 1907 enimvero
1225 1874 1344 1904 stultitiae
1359 1873 1468 1912 majoris
1480 1879 1528 1908 est,
1541 1879 1569 1900 ut
1585 1872 1630 1910 qui
1646 1871 1731 1911 prima
1743 1882 1793 1901 non

236 1935 301 1963 bene
313 1934 487 1974 imposuerit,
499 1933 532 1961 ad
553 1932 604 1960 alia
622 1932 685 1960 velit
706 1940 820 1970 puerum
837 1928 969 1957 adducere
983 1939 988 1954 ε
1001 1927 1039 1955 sic
1056 1926 1146 1963 itaque
1161 1931 1185 1952 et
1200 1924 1226 1951 in
1239 1921 1348 1951 ecclesia
1358 1943 1366 1957 7
1377 1921 1398 1949 si
1414 1930 1517 1959 semper
1531 1918 1623 1948 eadem
1643 1918 1795 1947 dicentibus

237 1982 313 2010 uobis
327 1981 394 2010 nibil
408 1980 524 2019 amplius
541 1979 663 2007 ediscatis
674 2001 681 2013 ‚
704 1987 852 2015 numquam
872 1975 965 2004 eadem
985 1972 1100 2002 dicendo
1124 1970 1298 2000 cessabimus,
1314 1968 1344 1997 Si
1361 1967 1430 1996 enim
1445 1965 1628 1995 ostentationis
1642 1965 1718 1994 nobis
1729 1972 1795 1994 esset

237 2029 304 2056 ratio
315 2036 340 2057 et
354 2039 429 2056 amor
445 2027 542 2063 laudis,
559 2036 661 2054 necesse
676 2031 742 2053 esset
754 2034 859 2063 semper
874 2022 1006 2051 transilire
1018 2027 1043 2048 et
1058 2018 1212 2059 praeterire,
1226 2016 1296 2045 nihil
1307 2021 1430 2044 curantes
1442 2013 1522 2043 vestri
1538 2012 1632 2051 gratia,
1644 2011 1690 2040 scd
1705 2012 1787 2051 plau-

237 2087 280 2103 sus
295 2082 396 2104 vestros
410 2081 513 2103 tantum
525 2080 708 2112 appeteremus
725 2084 730 2098 :
748 2072 810 2109 quia
825 2080 888 2099 vero
902 2079 954 2098 non
968 2068 1018 2096 hoc
1033 2066 1154 2095 studium
1170 2063 1246 2092 nobis
1261 2061 1464 2102 prope-snitum,
1477 2059 1523 2088 sed
1539 2059 1628 2088 omnia
1641 2069 1691 2097 pro
1703 2065 1792 2088 vestro

238 2122 372 2161 juvamine
390 2121 557 2155 laboramus,
569 2130 620 2147 non
643 2118 804 2156 quiescimus
817 2117 851 2145 de
863 2115 964 2146 eisdem
979 2113 1044 2154 ipsis
1064 2112 1144 2141 vobis
1158 2120 1264 2149 semper
1283 2108 1430 2147 disputare,
1442 2105 1571 2144 quamdiu
1590 2105 1638 2134 illa
1652 2105 1678 2133 in
1693 2104 1788 2134 babitu

236 2168 398 2208 percipiatis.
414 2167 545 2195 Caeterum
565 2174 669 2204 possem
685 2164 761 2203 plura
775 2163 846 2192 etde
860 2170 1026 2202 paganorum
1045 2156 1232 2198 superstitione
1246 2154 1334 2183 dicere
1351 2159 1376 2181 ct
1398 2151 1611 2181 Manichaeorum
1630 2157 1655 2179 et
1673 2151 1789 2180 Marcio-

237 2217 378 2250 nistarum,
392 2221 417 2243 et
433 2213 535 2242 sortiter
548 2221 592 2240 eos
609 2217 756 2250 pereutere,
776 2209 860 2247 gratia
875 2208 926 2236 Dei
940 2206 1086 2246 adjuvante
1095 2215 1103 2241 5
1120 2202 1165 2232 sed
1183 2212 1234 2230 non
1248 2200 1330 2229 habet
1343 2206 1447 2245 tempus
1460 2207 1556 2226 sermo.
1574 2197 1621 2226 Eis
1641 2196 1723 2235 enim,
1742 2196 1791 2235 qui

239 2262 352 2290 necdum
374 2271 434 2299 quae
453 2271 500 2289 sua
518 2265 580 2288 sunt
594 2258 693 2296 integre
712 2256 809 2292 sciunt,
825 2262 850 2283 ct
863 2255 978 2283 necdum
993 2251 1147 2281 didicerunt
1163 2248 1226 2286 quia
1247 2246 1331 2275 multa
1345 2251 1469 2284 appetere
1482 2244 1586 2273 malum
1599 2241 1790 2282 est,qu0modo

238 2310 297 2347 quis
310 2309 382 2337 dicat
395 2306 551 2347 hujusmodi
566 2305 689 2336 rationes.
705 2310 729 2332 et
741 2303 774 2331 ad
784 2303 836 2331 alia
847 2301 961 2330 deducat
973 2307 1032 2328 ante
1047 2296 1173 2336 tempus?
1185 2296 1242 2324 Nos
1251 2303 1314 2333 ergo
1323 2303 1375 2321 non
1386 2302 1445 2330 qua:
1458 2291 1556 2320 scimus
1567 2293 1605 2330 [f.
1615 2301 1667 2320 non
1680 2288 1790 2329 quiesci-

239 2357 315 2393 mus]
326 2356 417 2384 eadem
433 2355 488 2393 ipsa
503 2353 630 2387 dicentes,
641 2351 697 2380 sive
711 2348 928 2389 persuadeamus,
939 2347 997 2376 sive
1009 2356 1061 2374 non
1073 2357 1079 2372 ι
1091 2345 1172 2373 timeo
1183 2349 1269 2370 tamen
1283 2350 1316 2368 ne
1327 2340 1478 2377 frequenter
1490 2337 1582 2366 eadem
1595 2337 1654 2376 ipsa
1666 2334 1790 2370 dicendo,

238 2402 257 2428 >i
273 2412 322 2429 nun
339 2401 463 2436 audiatis,
475 2400 603 2438 majorem
618 2395 832 2426 inobedientibus
843 2393 1090 2421 condemnationem
1104 2398 1252 2429 operemur.
1263 2387 1323 2415 Non
1336 2384 1445 2423 quidem
1457 2383 1492 2412 ad
1506 2393 1596 2412 omnes
1610 2382 1660 2411 hoe
1674 2380 1789 2409 dicitur:

240 2449 292 2476 ,eiu
308 2448 376 2475 enim
396 2447 526 2486 plurimos
539 2446 648 2484 juratos
662 2453 695 2471 ex
712 2442 761 2470 isto
778 2446 918 2474 conventu,
932 2439 976 2477 qui
991 2436 1138 2477 justissime
1150 2434 1257 2463 forsitan
1274 2432 1334 2460 illos
1353 2430 1470 2469 culpent,
1484 2428 1566 2458 veluti
1584 2426 1740 2456 insidiantes
1751 2426 1790 2455 eis

242 2501 349 2532 propter
369 2494 505 2532 propriam
522 2491 715 2521 indocilitatetu
728 2495 752 2517 et
767 2486 990 2516 inhabituduwm.
1012 2486 1156 2524 Speratuus
1175 2489 1279 2517 tamen,
1298 2478 1360 2517 quia
1371 2487 1418 2505 ner·
1428 2476 1476 2516 ipsi
1487 2475 1631 2504 laedentur:
1644 2474 1793 2511 frequentet·

239 2541 309 2568 enim
330 2541 420 2568 eadem
438 2542 493 2578 ipsa
513 2539 605 2567 audire
616 2561 622 2572 ‚
639 2544 663 2566 et
678 2535 820 2565 scientibus
835 2533 951 2572 prodest.
966 2532 1044 2567 Quod
1066 2531 1136 2559 enim
1158 2528 1290 2562 novimus,
1306 2536 1335 2554 ac
1356 2525 1378 2553 si
1398 2523 1494 2562 saepius
1508 2521 1661 2559 audiamus,
1676 2520 1792 2559 amplius

240 2587 444 2626 rainl-..agium
459 2599 463 2613 z
478 2594 579 2625 utputa,
592 2586 689 2615 scimus
704 2584 763 2622 quia
779 2583 878 2611 bonum
894 2587 930 2609 est
946 2579 1093 2614 humilitas,
1106 2584 1128 2605 et
1150 2576 1211 2614 quia
1226 2574 1323 2614 ssepius
1345 2572 1378 2602 dc
1397 2571 1441 2600 illa
1461 2571 1586 2608 loquutus
1600 2575 1638 2597 est
1653 2567 1787 2603 Christus,
