1773 2866
137 251 170 273 Vl
824 247 1005 270 PRAEFATto.

139 314 224 341 stomi
241 312 378 351 Episcopi
403 309 724 349 Constantinopolitani
745 310 882 347 expositio
907 310 938 336 in
958 305 1124 345 Epistolam
1148 304 1182 331 B.
1197 303 1286 331 Pauli
1310 301 1446 342 Apostoli
1468 302 1508 329 nd
1533 300 1689 334 Hebraeos,

139 369 175 388 01.-
202 360 277 387 notis
303 358 383 387 edica
401 364 466 396 post
485 359 547 397 ejus
570 359 680 386 obitum
696 366 714 386 a
737 356 931 385 Constantino
957 354 1124 391 presbytero
1145 349 1332 379 Antiocheno
1349 350 1485 377 Muciano
1512 347 1694 376 Scholastica

138 407 304 444 interprete.

180 454 208 482 5.
226 452 355 481 Eamdem
370 459 459 492 postea
480 451 603 481 Latinam
622 449 769 479 versionem
785 448 869 477 edidit
883 448 1022 477 Erasmus.
1046 447 1078 476 In
1092 443 1286 484 Manuscriptis
1299 453 1404 482 quoque
1426 441 1553 471 Romanis
1572 440 1630 468 haee
1650 439 1694 468 in-

139 498 293 537 terpretatio
308 509 368 527 cum
385 499 435 527 hoc
450 498 529 526 titulo
546 503 690 535 comparet.
709 496 776 523 Cum
790 502 877 522 autem
895 501 953 532 post
969 503 1052 521 annos
1072 500 1177 521 tantum
1197 502 1212 520 a
1225 489 1409 530 Chrysostomi
1429 489 1504 517 obitu
1519 487 1622 519 circiter
1633 496 1695 515 cen-

140 552 198 574 tum
212 545 269 575 haec
282 545 464 584 interpretatio
480 544 574 573 Latina
590 544 685 572 emissa
698 542 777 570 suerit
786 564 793 577 ‚
806 541 953 570 verisimile
967 540 1076 571 omnino
1090 547 1128 569 est
1139 540 1213 568 illam
1226 538 1372 568 secundum
1386 536 1523 575 exemplar
1534 546 1548 563 a
1564 535 1696 563 Constan-

139 593 195 622 tino
219 592 360 622 collectum
379 592 478 621 editam
500 591 597 627 fuisse,
620 597 644 619 et
659 590 721 618 hinc
744 589 831 626 qualis
854 588 933 616 fuerit
955 587 1121 616 Constantini
1144 587 1263 616 collectio
1282 585 1363 615 edisci
1380 594 1466 625 posse.
1482 582 1597 611 Mutiani
1615 590 1696 620 porro

138 638 288 667 versionem
308 638 421 667 mirifice
443 637 547 667 extollit
568 636 697 665 Hem-icus
721 634 840 664 Savilius
861 634 886 662 in
916 634 986 663 notis
1001 645 1028 673 p.
1044 635 1095 663 551
1115 635 1249 672 :vultque
1276 633 1351 662 illam
1371 637 1595 666 recentem‚quae
1615 626 1698 666 paulo

138 694 280 724 antequam
295 686 341 714 ille
355 685 496 719 scriberet,
516 684 670 712 concinnata
683 689 708 711 et
722 682 797 722 typis
810 681 873 710 data
887 681 988 717 fuerat,
1005 688 1034 714 ut
1054 681 1196 720 pessimam
1212 681 1304 720 rejici,
1328 680 1457 718 illamque
1479 683 1595 707 veterem
1617 683 1697 712 quam

138 733 266 772 optimam
289 739 389 768 censet,
412 731 445 760 ad
460 732 529 759 latus
545 730 634 759 Graeci
654 735 794 757 contextus
808 728 916 767 apponi.
939 729 993 757 Nos
1006 728 1108 767 optatui
1123 728 1221 757 Savilii
1240 738 1349 756 manum
1370 726 1477 762 damus,
1499 723 1568 754 tit-'m
1580 719 1698 750 Mutiani

137 780 380 819 interpretationem
400 778 433 806 ad
454 778 537 806 imum
552 777 656 816 paginae
674 775 834 814 apponimus
851 786 857 802 :
872 781 964 814 utpote
985 786 1057 813 quae,
1079 776 1155 814 jussu
1170 774 1321 804 cassiodori
1339 774 1478 810 adornata,
1501 773 1544 802 vel
1567 768 1633 801 hinc
1645 777 1697 796 non

138 827 237 866 negligi
252 833 391 854 mereatur.
414 826 518 854 Verum
540 824 566 852 in
586 822 647 851 aliis
665 833 680 850 a
700 822 795 851 Savilii
815 823 943 851 sententia
966 833 1018 851 non
1038 833 1134 861 parum
1148 822 1322 851 deflectimus.
1336 823 1427 860 Neque
1446 821 1516 850 enim
1529 814 1698 849 constantini

138 874 303 913 exemplari,
316 872 387 910 quod
402 877 531 909 sequutus
551 877 589 898 est
612 869 766 906 Mutunus,
786 869 867 899 fidem
882 880 986 908 semper
1007 869 1159 898 habendam
1172 880 1227 898 esse
1239 876 1378 908 putamus,
1393 878 1477 906 neque
1490 867 1638 896 versionem
1657 867 1699 896 i1-¹

137 920 191 948 13111
205 920 390 953 recentiorem,
405 928 463 956 quae
478 917 613 945 diversam
625 927 640 944 a
653 916 819 945 Constantini
832 916 995 955 exemplari,
1019 917 1142 945 Graecam
1164 916 1258 944 seriem
1269 915 1425 954 plerumque
1438 915 1573 954 exprimit,
1585 915 1694 944 omnino

136 965 323 1004 rejiciendam,
343 964 389 993 sed
408 963 602 993 emendandam
620 962 786 999 censuimus,
813 970 893 1001 atque
908 970 1054 991 correctam
1069 974 1083 991 e
1099 963 1206 1002 regione
1231 964 1387 991 Graecorum
1403 961 1557 1001 posuimus3
1578 961 1697 990 Mutiani

134 1012 205 1041 enim
226 1012 387 1048 versionem,
408 1018 498 1050 utpote
510 1021 526 1039 a
540 1009 642 1039 Graeois
660 1009 798 1038 hodiernis
820 1010 917 1048 saepius
938 1009 1134 1048 discrepantem
1149 1020 1164 1038 e
1177 1010 1282 1048 regione
1298 1020 1395 1048 ponere
1423 1019 1476 1037 non
1497 1008 1604 1037 licebat.
1620 1008 1695 1046 [Sed

136 1059 184 1087 illo
199 1058 370 1088 correctionis
387 1067 497 1086 munere
517 1057 554 1084 ita
580 1055 664 1083 suncti
679 1061 741 1083 sunt
755 1054 937 1090 Benedictini‚
954 1061 984 1082 ut
998 1054 1077 1092 longe
1093 1055 1219 1093 majorem
1239 1061 1341 1093 partem
1356 1053 1432 1082 nohis
1450 1053 1610 1093 explendam
1626 1053 1698 1082 reli-

136 1106 251 1143 querint.
268 1104 383 1133 Mutiani
398 1114 503 1142 quoque
517 1102 682 1136 versionem,
699 1101 863 1140 negligenter
876 1108 936 1129 ante
950 1111 1118 1141 expressam,
1131 1102 1322 1140 castigavimus
1336 1101 1371 1129 ad
1385 1100 1466 1129 fidem
1482 1100 1581 1129 vetusti
1596 1111 1692 1130 exem—-

135 1152 218 1192 plaris
227 1174 235 1188 ,
249 1158 273 1180 et
290 1151 399 1179 meliore
409 1150 531 1178 adhibita
543 1149 687 1178 verborum
702 1148 933 1188 interpunctione,
951 1149 1062 1177 secentis
1075 1148 1139 1177 locis
1151 1171 1158 1185 ,
1173 1149 1217 1187 qui
1230 1159 1353 1188 perverse
1365 1148 1438 1188 apud
1449 1147 1634 1177 Benedictinos
1649 1148 1693 1177 le-

135 1200 276 1238 gebantur,
294 1198 380 1226 lucem
392 1196 558 1234 attulimus]

174 1247 202 1275 6.
217 1246 308 1282 Itaque
321 1244 382 1272 licet
399 1243 426 1272 in
441 1243 533 1282 paucis
552 1242 743 1281 Manuscriptis
758 1242 860 1271 Graecis
882 1242 1067 1282 Chrysostomi
1083 1243 1294 1271 Commentarius
1308 1243 1335 1271 in
1352 1242 1502 1282 Epistulam
1515 1241 1553 1271 ad*
1566 1242 1698 1272 Hebraeos

136 1300 299 1334 compareat,
319 1293 386 1321 mira
406 1292 475 1320 inter
493 1303 536 1320 eos
558 1291 702 1320 lectionum
724 1291 839 1320 varietas
861 1292 1018 1320 observatur
1033 1292 1137 1330 :qualis
1158 1291 1368 1331 deprehenditur
1387 1292 1466 1320 etiam
1486 1291 1512 1320 in
1527 1291 1587 1320 aliis
1599 1291 1693 1331 Chry-

135 1341 244 1371 sostomi
265 1340 402 1379 operibus,
427 1339 502 1368 verbi
524 1339 609 1377 gratia
625 1339 651 1366 in
670 1339 874 1367 Commentariis
898 1339 923 1367 in
945 1339 1116 1375 Matthfeum,
1138 1346 1163 1368 et
1185 1340 1211 1367 in
1233 1339 1324 1367 multis
1346 1339 1416 1374 aliis,
1437 1346 1466 1367 ut
1490 1339 1590 1377 passim
1606 1349 1694 1367 anno-

137 1389 263 1417 tavimus.
282 1388 326 1416 Sic
349 1394 437 1415 autem
456 1386 559 1422 evcnit,
580 1386 635 1414 sive
651 1386 713 1424 quia
732 1386 790 1425 ipse
811 1386 909 1425 scripta
930 1397 975 1414 sua
996 1396 1064 1425 saepe
1081 1386 1210 1422 mutavit,
1233 1386 1288 1414 sive
1308 1386 1370 1424 quia
1385 1396 1446 1414 cum
1465 1397 1480 1414 a
1499 1385 1612 1415 diversis
1634 1386 1697 1425 ejus

135 1436 253 1465 homiliae
275 1434 498 1469 describerentur,
513 1433 583 1462 alius
603 1433 654 1461 alia
670 1444 718 1473 pro
741 1432 827 1462 lubito
851 1433 1001 1473 inserebat,
1023 1433 1151 1472 tollebat,
1175 1433 1295 1462 mutabat
1307 1444 1316 1472 3
1341 1433 1384 1463 vel
1408 1433 1468 1461 aliis
1491 1433 1568 1461 nobis
1592 1432 1697 1471 ignotis

135 1483 170 1512 de
191 1483 291 1512 causis.

177 1532 204 1558 7.
220 1530 299 1565 Quod
314 1537 402 1559 autem
417 1529 487 1558 illud
504 1530 668 1558 Constantini
684 1529 821 1568 exemplar
836 1539 888 1558 non
902 1536 968 1558 esset
996 1530 1121 1558 omnihus
1135 1528 1251 1558 numeris
1266 1536 1291 1557 et
1308 1528 1427 1568 partibus
1450 1527 1604 1556 absolutum
1624 1538 1696 1557 eoum

137 1584 188 1605 stat
202 1577 296 1613 nobis,
312 1584 369 1605 tum
385 1577 457 1615 quod
472 1577 632 1616 hypothesin
649 1577 721 1606 1113111
736 1577 876 1615 praeviam,
894 1587 953 1615 qua:
968 1577 1086 1615 quinque
1100 1577 1153 1606 scre
1169 1576 1279 1616 paginas
1294 1575 1488 1615 complectitur,
1501 1586 1609 1614 prorsus
1623 1575 1697 1603 omi-

137 1624 215 1659 serit,
233 1624 295 1652 licet
312 1624 387 1651 illam
402 1633 465 1651 vere
480 1623 664 1663 Chrysostomi
679 1630 703 1652 et
725 1623 917 1662 Chrysostomo
931 1623 1040 1661 dignam
1056 1634 1111 1651 esse
1125 1634 1201 1651 nemo
1218 1622 1369 1660 negaverit3
1388 1628 1445 1649 tuin
1460 1621 1539 1649 etiam
1553 1620 1625 1659 quod
1640 1631 1696 1649 11011

136 1682 197 1699 raro
211 1670 335 1709 quaedam
350 1670 517 1706 omittantur,
533 1681 591 1708 quae
614 1670 648 1698 ad
663 1670 758 1699 seriem
781 1670 912 1708 quadrant
935 1677 959 1699 et
979 1670 1123 1708 aliquando
1138 1669 1281 1698 necessaria
1303 1669 1437 1705 videntur,
1460 1668 1549 1706 qualia
1573 1668 1599 1696 in
1624 1668 1697 1696 notis

137 1728 339 1756 nonnumquam
361 1717 551 1747 indicavimus,
567 1718 676 1746 Certum
692 1718 781 1755 itaque
807 1717 936 1746 habemus
951 1724 1047 1756 praeter
1069 1717 1273 1745 Constantinum
1296 1716 1483 1755 presbyterum
1498 1715 1695 1743 Antiochenum

136 1764 203 1793 alios
217 1764 316 1792 multos
330 1771 393 1792 tunc
408 1763 535 1802 temporis
549 1764 733 1803 Chrysostomi
747 1764 878 1793 Homilias
894 1764 921 1793 in
939 1764 1087 1803 Epistolam
1101 1764 1136 1792 ad
1150 1764 1277 1792 Hebraeos
1292 1762 1431 1791 collexisse
1441 1784 1449 1799 ‚
1469 1768 1494 1791 et
1509 1762 1536 1790 in
1549 1761 1642 1790 multis
1655 1761 1696 1789 se-

137 1811 258 1841 liciorem
275 1822 354 1849 quam
373 1811 563 1839 Constantinus
575 1822 681 1850 operam
699 1811 830 1850 posuisse.

178 1858 206 1886 8.
223 1857 404 1896 Exploratum
420 1863 488 1884 certe
505 1856 612 1884 videtur
626 1857 677 1884 alia
693 1864 752 1895 post
764 1856 947 1896 Chrysostomi
963 1857 1066 1885 obitum
1081 1856 1176 1885 emissa
1192 1855 1356 1895 exemplaria
1370 1855 1468 1890 fuisse,
1484 1865 1542 1892 quae
1556 1854 1583 1882 in
1598 1854 1692 1883 multis

138 1902 245 1931 diversa
259 1909 333 1931 erant
348 1913 363 1931 a
379 1902 547 1931 Constantini
562 1903 712 1942 presbyteri
727 1903 884 1942 exemplari.
903 1904 991 1943 Hujus
1009 1905 1045 1932 rei
1058 1911 1150 1932 testem
1164 1904 1280 1942 proferre
1294 1913 1435 1942 possumus
1449 1901 1607 1930 Facundum
1626 1901 1694 1929 Her-

139 1950 300 1979 mianensem
310 1972 317 1985 ‚
333 1950 379 1988 qui
394 1950 463 1978 libro
479 1952 507 1984 9,
525 1960 548 1979 c.
565 1951 593 1985 5,
608 1950 696 1978 locum
718 1951 795 1979 affert
809 1962 842 1979 ex
865 1951 976 1979 homilia
997 1951 1099 1979 decima
1113 1951 1205 1985 tertia,
1229 1960 1309 1988 quam
1324 1950 1382 1988 ipse
1399 1959 1545 1977 sermonem
1558 1948 1692 1976 decimum

138 2003 266 2034 quartum
280 2003 373 2031 vocat,
401 1996 463 2034 quia
483 2007 578 2035 nempe
592 1997 618 2024 in
642 1997 789 2036 exemplari
810 2008 858 2025 suo
873 1998 952 2036 longa
973 1998 1019 2026 illa
1034 1998 1189 2037 hypothesis
1217 2008 1261 2025 seu
1279 2002 1467 2034 argumentum
1487 2002 1547 2023 311ῑο
1568 1995 1694 2023 homilias

138 2043 255 2082 positum
270 2054 319 2082 pro
333 2053 454 2071 sermone
468 2043 556 2081 primo
576 2044 766 2072 numerabatur
780 2051 805 2072 et
818 2045 1024 2081 inscribebatur,
1047 2044 1074 2073 id
1097 2044 1169 2082 quod
1193 2054 1244 2071 non
1266 2042 1345 2070 semel
1368 2042 1395 2069 in
1418 2041 1477 2070 aliis
1499 2041 1695 2069 commentariis

139 2090 268 2119 vidimus.
284 2090 335 2118 Hic
346 2100 427 2129 porro
443 2089 587 2117 Facundus
601 2101 661 2118 cum
677 2091 800 2119 Mutiano
816 2101 868 2119 non
883 2091 991 2119 omnino
1006 2091 1152 2124 consentit,
1170 2096 1198 2117 ut
1214 2089 1239 2117 in
1256 2095 1316 2116 nota
1332 2087 1447 2116 dicimus
1462 2088 1540 2116 infra.
1557 2088 1614 2115 Non
1629 2098 1695 2126 pau-

139 2136 177 2164 cis
192 2137 253 2164 item
268 2136 292 2164 in
306 2136 373 2164 locis
393 2135 567 2164 observamus
581 2136 704 2173 quaedam
718 2137 744 2164 in
761 2137 877 2165 Mutiani
898 2136 1114 2174 interpretatione
1128 2134 1311 2175 praetermitti,
1337 2144 1396 2172 quae
1411 2134 1443 2162 ad
1459 2133 1586 2162 sermonis
1600 2133 1694 2162 seriem

139 2181 323 2220 pertinebant,
340 2192 392 2219 qua
406 2181 439 2209 de
451 2191 479 2209 re
491 2181 517 2209 in
535 2182 604 2209 notis
619 2192 821 2219 nonnumquam
836 2183 998 2212 monuimus.

180 2229 208 2256 9.
222 2227 275 2255 Has
287 2238 364 2266 porro
375 2227 500 2256 homilias
517 2227 757 2266 Constantinopoli,
774 2239 835 2257 cum
850 2229 988 2269 episcopus
1000 2235 1066 2258 esset
1082 2228 1289 2268 Chrysostomus
1299 2251 1306 2263 ,
1321 2228 1425 2256 habitas
1439 2227 1529 2261 fuisse,
1544 2234 1634 2266 aperte
1648 2226 1695 2254 de-

140 2273 223 2301 clarat
238 2272 283 2300 ille
298 2273 377 2311 paulo
399 2280 459 2302 ante
480 2273 560 2301 finem
576 2273 693 2301 homiliae
710 2281 830 2310 quartae,
849 2275 895 2302 ubi
913 2282 1003 2303 contra
1020 2275 1081 2303 illos
1102 2285 1182 2313 agens
1196 2275 1242 2312 qui
1257 2275 1425 2303 ethnicorum
1447 2285 1519 2302 more
1533 2273 1653 2312 przeflcas
1667 2273 1695 2300 in

141 2320 234 2347 funera
249 2318 427 2356 inducebant,
443 2330 511 2358 saepe
532 2319 618 2347 minas
633 2319 758 2355 intentat,
779 2321 870 2358 quales
886 2321 958 2349 solus
972 2322 1086 2350 Antistes
1100 2322 1243 2350 Sacrorum
1258 2322 1375 2360 proferre
1390 2331 1465 2359 posse
1478 2320 1593 2349 videtur.
1609 2319 1695 2348 Simi-

139 2366 252 2403 literque
272 2365 298 2393 in
312 2365 366 2393 sine
382 2365 498 2394 homiliae
516 2367 651 2405 vigesimae
664 2366 750 2394 tertioe
763 2377 790 2395 se
801 2374 903 2406 patrem
919 2369 1039 2396 omnium
1053 2375 1150 2405 vocat;
1167 2374 1247 2405 atque
1261 2375 1291 2396 ut
1311 2378 1345 2396 ex
1360 2367 1525 2395 Constantini
1541 2366 1620 2394 dictis
1646 2376 1696 2394 su-

139 2423 189 2453 pra
202 2413 278 2450 argui
293 2412 409 2447 videtur,
425 2413 493 2441 obiit
516 2413 562 2442 illc
576 2424 628 2442 non
643 2413 729 2442 multo
743 2421 884 2453 postquam
903 2415 1034 2444 Homilias
1046 2416 1073 2444 in
1092 2415 1238 2454 Epistulam
1254 2414 1287 2443 ad
1300 2414 1425 2442 Hebraeos
1437 2414 1595 2442 absolverat.

182 2459 228 2487 10.
243 2458 411 2498 sphaericum
426 2470 480 2487 esse
495 2460 590 2488 caetum
604 2460 718 2498 negabat
739 2460 961 2500 Chrysostomus,
978 2461 1093 2499 illosque
1117 2472 1167 2489 non
1183 2461 1264 2489 semel
1283 2461 1452 2500 perstringit,
1474 2459 1519 2497 qui
1534 2459 1696 2488 contrariam

142 2506 298 2535 cctabantur
309 2505 461 2543 opinionem
471 2528 478 2541 ‚
493 2506 520 2534 in
533 2507 653 2535 homiliis
667 2518 761 2546 nempe
775 2507 877 2536 decima
886 2509 963 2537 tertia
978 2516 1003 2537 et
1020 2509 1148 2547 vigesima
1162 2508 1284 2547 septima.
1294 2508 1358 2536 11ωο
1372 2518 1452 2547 porro
1464 2507 1520 2535 loca
1530 2507 1629 2545 profert
1641 2506 1694 2534 Co-

142 2564 200 2582 mas
214 2552 358 2592 AEgyptius
381 2552 427 2589 qui
440 2552 474 2580 ad
489 2553 646 2591 sphaericam
666 2555 723 2583 caeti
735 2561 761 2583 et
772 2555 865 2584 mundi
877 2556 989 2584 sormam
1003 2555 1150 2594 negandam
1164 2555 1264 2583 librum
1286 2555 1419 2593 integrum
1433 2553 1530 2589 edidit,
1552 2563 1628 2590 quein
1647 2563 1694 2581 nos

143 2611 202 2629 cum
217 2600 277 2629 aliis
293 2600 401 2629 Patrum
421 2606 445 2627 et
470 2600 629 2639 scriptorum
645 2603 802 2631 Graecorum
816 2603 941 2642 operibus
958 2603 1030 2642 typis
1055 2602 1194 2642 dedimus,
1219 2613 1286 2631 311110
1302 2602 1388 2631 1706.
1406 2602 1504 2630 Praetcr
1528 2600 1692 2639 Chrysosto-
