1906 2846
435 230 466 252 IN
496 231 603 253 EPIST.
628 231 670 252 AD
700 230 867 253 HEBRAEOS.

105 293 256 329 μασθῶμεν.
278 291 376 326 ''ssa-n,
392 291 420 319 οὐ
442 291 612 330 προσιέμενοι
625 291 658 320 τὰ
677 291 814 329 ἐγκώμια,
836 292 878 319 ἵνα

105 336 258 373 αὐξήσωμεν
274 335 354 371 αὐτὰ,
372 339 448 365 τοῦτο
462 339 588 374 ποιοῦμεν
602 349 607 354 ·
632 337 676 366 καὶ
700 337 788 366 πάντα
814 338 878 376 πρὸς

103 381 177 415 δόξαν
201 384 265 419 ἡμῖν
288 381 407 420 γίνεται,
430 383 458 410 οὐ
479 383 545 421 πρὸς
567 383 701 417 ἀλήθειαν.
724 384 775 412 Διὰ
802 387 877 412 τοῦτο

103 427 189 456 πάντα
209 427 286 462 κενὰ,
306 427 393 456 πάντα
412 428 508 466 ἄπορα.
524 429 572 457 Διὸ
583 429 731 468 παρακαλῶ
751 432 796 457 νῦν
816 433 877 467 γοῦν

103 474 250 507 ἀποστῆναι
260 475 307 507 τῆς
320 473 417 512 μητρὸς
429 475 480 501 τῶν
492 476 590 509 κακῶν,
601 477 648 508 τῆς
659 474 819 509 κενοδοξίας,
831 475 875 502 καὶ

103 520 180 553 ζῆσαι
192 518 261 547 κατὰ
274 518 303 547 τὸ
321 521 358 557 τῷ
369 520 430 557 Θεῷ
444 520 533 548 δοκοῦν
542 531 547 536 ·
561 519 629 548 ὥστε
642 520 686 548 καὶ
701 522 753 548 τῶν
768 520 876 558 μελλόν·
893 528 911 550 D

102 575 154 592 των
170 565 305 603 ἐπιτυχεῖν
324 566 438 603 ἀγαθῶν,
454 566 480 593 ἐν
497 566 605 604 Χριστῷ
619 566 707 600 Ἰησοῦ
726 568 764 604 τῷ
786 567 876 605 Κυρίῳ

103 611 187 648 ἡμῶν,

897 231 975 252 CAP.

1612 219 1672 253 361

932 291 966 319 ab
979 291 1040 319 aliis
1053 291 1146 319 audias
1172 302 1332 331 magnorum
1356 293 1478 321 virorum
1500 299 1524 321 et
1541 293 1677 331 justorum

932 336 1036 373 laudes,
1054 337 1184 366 efferaris.
1200 337 1286 367 Vides
1302 337 1373 376 quod
1386 337 1458 366 ludis
1482 337 1508 366 in
1529 337 1609 366 rebus
1624 348 1676 366 non

932 380 1044 409 ludicris
1056 383 1069 409 ῖ’
1084 380 1177 409 laudes
1185 381 1255 410 enim
1271 382 1425 421 repellimus
1437 382 1552 410 aliarum
1564 382 1676 410 laudum

931 426 1075 463 desiderio,
1089 434 1118 455 ut
1131 427 1227 456 iterum
1241 429 1342 468 majora
1357 439 1530 467 assequamur
1544 430 1675 463 encomia,

932 480 960 501 ut
972 473 1058 512 major
1075 473 1110 502 sit
1131 472 1284 503 admiratio.
1312 476 1406 512 ltaque
1431 474 1538 512 quando
1561 486 1612 503 non
1627 475 1675 503 ad-

931 519 1063 547 mittimus
1076 519 1170 548 laudes
1181 543 1187 553 ‚
1209 527 1237 548 ut
1255 531 1298 549 eas
1313 531 1458 559 augeamus
1473 521 1523 549 hoc
1538 521 1651 550 facimus
1667 533 1673 548 :

929 572 955 593 et
966 565 1078 593 omniaa
1090 565 1167 594 nobis
1182 566 1250 595 fiunt
1263 566 1296 594 ad
1310 567 1443 605 gloriam,
1459 577 1510 595 non
1526 568 1560 594 ad
1576 568 1675 596 verita-

929 618 992 640 tem.
1009 612 1152 650 Propterea
1169 619 1231 640 sunt
1247 613 1336 641 omnia
1348 612 1436 641 inania
1448 635 1457 648 ‚
1471 612 1561 641 omnia
1580 612 1673 642 dubia.

1007 231 1054 252 XI.
1086 231 1202 253 IIOMIL.
1234 231 1356 254 xxvllt.

931 658 1114 693 Quamobrem
1131 669 1197 697 rogo
1220 666 1250 687 ut
1273 669 1344 687 nunc
1363 659 1456 688 saltem
1478 659 1633 688 abstineatis
1658 671 1673 688 a

928 711 1013 732 matre
1037 704 1170 732 malorum
1194 705 1266 733 inani
1287 705 1386 743 gloria,
1404 712 1429 734 et
1447 705 1545 734 vivatis
1560 713 1589 734 ut
1615 707 1672 734 Deo

926 752 1032 790 placet:
1049 758 1077 779 ut
1099 751 1189 779 futura
1204 762 1310 790 quoquc
1326 751 1394 781 bona
1418 762 1628 791 consequamur,
1644 753 1671 781 in

925 798 1032 827 Christo
1047 799 1110 828 Jesu
1127 798 1242 827 Domino
1259 806 1360 828 nostro.

519 900 615 928 ML‘TI
622 899 694 928 ANO
716 899 971 929 SCHOLASTICO
994 898 1250 930 INTERPRETE.

98 984 244 1021 malorum,
259 983 293 1012 ab
307 984 368 1013 aliis
382 990 471 1012 autem
483 984 533 1013 nisi
546 994 704 1022 magnorum
714 985 848 1023 justorum
862 983 955 1012 laudes
968 983 1062 1012 audias
1073 1006 1080 1019 ‚
1091 984 1265 1023 exasperaris.
1281 985 1395 1014 Intueris
1410 986 1536 1024 quoniam
1552 987 1672 1016 laudaris

100 1033 126 1060 iu
139 1032 219 1060 rebus
234 1042 285 1060 non
301 1031 445 1060 laudandis
460 1031 473 1059 ἶ)
486 1031 593 1060 Etenim
610 1031 703 1059 laudes
718 1031 866 1070 cupiditate
882 1031 997 1059 aliarum
1015 1031 1127 1059 laudum
1144 1032 1310 1070 repellimus,
1325 1040 1353 1061 ut
1368 1035 1482 1073 majores
1502 1035 1599 1063 iterum
1614 1046 1672 1064 me-

99 1089 220 1113 reamur,
239 1085 267 1106 ut
282 1079 368 1116 magis
385 1078 411 1106 in
426 1078 603 1107 admiratione
615 1078 710 1106 simus.
726 1078 843 1106 Proinde
858 1089 1027 1116 nequaquam
1039 1078 1171 1106 desiderio
1182 1079 1295 1107 landum
1305 1087 1462 1119 appetamus
1476 1081 1669 1118 humilitatem,

99 1132 129 1154 ut
143 1125 235 1154 laudes
250 1132 345 1153 nostrae
359 1125 569 1164 amplificentur.
583 1125 611 1153 Si
628 1125 699 1153 enim
712 1125 800 1153 omnia
814 1133 924 1164 propter
933 1125 1048 1163 gloriam
1063 1125 1195 1154 faciamus
1205 1148 1212 1160 ‚
1229 1127 1298 1154 nihil
1315 1134 1422 1166 propter
1440 1129 1590 1158 veritatem.
1607 1132 1672 1159 Pro—

103 1179 192 1212 pterea
205 1179 300 1200 cuncta
314 1182 414 1207 vacua,
432 1178 526 1200 cuncta
538 1172 631 1200 soenea.
648 1171 753 1200 Idcirco
768 1172 878 1200 obsecro
890 1195 897 1207 ,
913 1180 943 1201 ut
956 1172 1000 1201 vel
1012 1182 1084 1200 nune
1096 1172 1251 1201 recedamus
1263 1184 1278 1201 a
1296 1181 1380 1202 matre
1390 1176 1523 1204 malorum
1538 1178 1671 1211 omnium,

99 1219 150 1247 hoc
164 1225 203 1247 est
218 1229 231 1246 a
248 1228 315 1246 vana
333 1218 436 1256 gloria,
453 1225 479 1247 et
502 1218 627 1247 vivamus
647 1217 795 1246 secundum
808 1218 881 1257 quod
896 1219 952 1247 Deo
969 1219 1077 1258 placet,
1093 1225 1123 1246 ut
1143 1218 1283 1248 valeamus
1303 1220 1393 1248 sutura
1410 1221 1479 1249 bona
1494 1221 1606 1261 adipisci
1617 1246 1626 1258 ,
1644 1224 1671 1251 in

100 1264 206 1293 Christo
220 1265 284 1294 Jesu
298 1264 415 1293 Domino
429 1271 536 1302 nostro,
553 1275 615 1293 cum
630 1275 683 1303 quo
701 1265 773 1293 Patri
791 1265 874 1303 gloria
885 1288 894 1301 ,
912 1276 964 1294 una
975 1275 1036 1294 cum
1052 1271 1142 1294 sancto
1155 1272 1181 1294 et
1195 1265 1265 1295 bono
1281 1266 1337 1305 ejus
1353 1266 1456 1306 Spiritu
1466 1289 1473 1302 ‚
1484 1278 1554 1296 nunc
1565 1275 1589 1297 et
1603 1280 1673 1298 scm-

100 1321 162 1350 per,
175 1318 200 1339 et
212 1310 239 1340 in
252 1311 346 1343 saecula
362 1306 532 1340 saeculorum.
547 1314 641 1340 Amen.

375 1493 509 1522 OMIAIA
537 1491 588 1528 κη’.
876 1491 912 1510 ²⁵¹⁵
1146 1493 1304 1523 HOMILIA
1327 1493 1460 1525 XXVIII.

885 1519 905 1540 A

926 1586 994 1614 CAP.
1010 1585 1061 1615 XI.
1076 1597 1103 1615 v.
1117 1588 1164 1615 57.
1179 1588 1363 1616 circuierunt
1376 1590 1407 1616 in
1419 1589 1551 1624 melotis,
1566 1591 1596 1617 in
1605 1590 1668 1628 pel-

966 1633 1041 1661 libus
1052 1635 1192 1672 caprinis,
1210 1641 1336 1673 egentes,
1351 1637 1523 1674 angustiati,
1541 1636 1650 1674 afflicti
1660 1649 1670 1669 ;

966 1680 1014 1708 58.
1032 1681 1135 1718 quibus
1151 1681 1256 1718 dignus
1270 1690 1328 1708 non
1347 1687 1409 1708 erat
1421 1681 1604 1715 mundun-iri
1619 1692 1668 1710 so-

967 1725 1140 1754 litudinibus
1152 1732 1293 1762 errantes,
1302 1728 1333 1754 in
1346 1728 1500 1764 montibus,
1509 1729 1540 1755 in
1555 1728 1670 1766 spelun-

966 1774 1008 1799 cis
1023 1777 1050 1799 et
1061 1773 1092 1799 in
1102 1773 1234 1800 cavernis
1246 1778 1339 1801 terroe.

98 1585 247 1624 Περιῆλθον
260 1585 286 1613 ἐν
302 1586 455 1623 μηλωταῖς,
471 1586 497 1613 ἔν
513 1585 620 1624 αἰγείοις
640 1584 778 1623 δέρμασιν,
799 1586 871 1614 ὓστε-

142 1630 275 1669 ρούμενοι,
292 1631 441 1669 θλιῧόμενοι
453 1653 460 1666 ,
475 1631 700 1670 κακουχούμενοι·
715 1626 751 1659 ὧν
774 1631 820 1660 οὖν.
840 1627 871 1665 ἦν

141 1675 210 1709 ἄξιος
221 1679 235 1705 ὁ
249 1676 346 1715 κόσμος
358 1672 447 1709 οὗτος·
463 1678 488 1706 ἐν
503 1676 625 1716 ἐρημίαις
643 1676 811 1713 πλανώμενοι
826 1677 872 1705 καὶ

139 1723 212 1760 ὄρεσι
223 1723 267 1751 καὶ
281 1722 419 1758 σπηλαίοις
434 1723 479 1751 καὶ
496 1727 553 1756 ταῖς
569 1725 645 1755 ὀπαῖς
663 1724 711 1757 τῆς
724 1725 781 1760 γῆς.

965 1866 991 1892 1.
1005 1865 1116 1904 Semper
1130 1864 1240 1903 quidem
1252 1887 1259 1901 ,
1272 1866 1390 1894 maxime
1401 1872 1491 1894 autem
1503 1866 1612 1904 quando
1624 1877 1670 1895 co·

98 1913 309 1951 κατορΟώματα,
325 1913 384 1941 τότε
408 1925 452 1951 μοι
476 1913 618 1952 ἐπέρχεται
643 1914 815 1953 ἀπαγορεύειν
836 1914 870 1943 τὰ
924 1910 980 1949 gito
988 1921 1030 1939 res
1044 1917 1130 1949 gestas
1142 1917 1306 1949 sanctorum,
1319 1918 1382 1940 tunc
1393 1911 1460 1940 mihi
1472 1912 1545 1941 venit
1560 1912 1586 1940 in
1594 1923 1669 1941 men-

97 1960 156 1986 κατ’
171 1958 293 1995 ἐμαυτὸν,
303 1958 344 1987 ὅτι
358 1959 416 1987 οὐδὲ
432 1959 497 1999 ὄναρ
508 1963 601 1997 πεῖραν
613 1958 742 1996 ἐλάὸομεν
755 1955 794 1993 οἷς
803 1961 869 1988 ἐκεῖ·
886 1962 904 1984 Β
924 1963 977 1985 tem
990 1956 1023 1984 de
1034 1967 1077 1985 me
1092 1956 1243 1996 desperare,
1255 1956 1328 1994 quod
1340 1967 1388 1985 nec
1402 1967 1450 1995 per
1465 1967 1589 1985 somnum
1603 1958 1670 1995 qui-

923 2002 985 2031 dem
1014 2004 1118 2041 experti
1160 2012 1253 2030 sumus
1264 2024 1272 2038 ,
1295 2002 1322 2030 in
1348 2002 1447 2040 quibus
1472 2002 1524 2031 viri
1547 2002 1587 2030 illi
1612 2010 1668 2032 toto

923 2056 1042 2088 tempore
1069 2056 1131 2077 sunt
1152 2048 1249 2078 versati
1270 2070 1280 2083 ‚
1303 2059 1355 2077 non
1381 2055 1551 2088 peccatorum
1576 2060 1666 2088 poenas

922 2096 1038 2131 luentes,
1050 2095 1096 2123 sed
1108 2105 1188 2134 opera
1202 2094 1271 2122 bona
1285 2094 1422 2130 facientes,
1434 2100 1461 2122 et
1476 2104 1579 2133 semper
1598 2095 1669 2123 affli-

921 2143 966 2171 cti.
985 2142 1055 2170 Nam
1073 2140 1160 2180 cogita
1171 2140 1240 2169 mihi
1254 2140 1354 2177 Eliam,
1365 2139 1401 2168 ad
1417 2150 1497 2178 quem
1508 2139 1588 2168 hodie
1598 2139 1668 2169 redit

138 1867 145 1877 2
180 1868 186 1877 Χ
229 1867 235 1878 Ἴ
312 1868 317 1877 l
421 1868 441 1878 *xl
466 1868 478 1879 e!
559 1869 576 1877 Ν
619 1868 629 1879 Β
653 1868 660 1878 Ι
713 1869 721 1879 9
776 1868 783 1879 l
856 1868 863 1881 ἱ

143 1870 190 1897 Ast
207 1880 264 1906 μεν,
281 1869 397 1905 μαλιστα
418 1879 445 1898 οε
463 1879 524 1896 οταν
541 1880 592 1897 των
616 1881 696 1907 αγιων
709 1880 823 1903 εννοησω
836 1881 869 1898 τα

96 2015 135 2032 νοι
146 2004 190 2032 τὸν
204 2004 309 2032 ἅπαντα
321 2004 413 2043 χρόνον
426 2004 590 2043 ἐνδιέτριψαν
603 2004 695 2043 ἄνδρες
704 2027 711 2039 ,
724 2005 773 2043 οὐχ
784 2005 870 2043 ἁμαρ-

96 2050 223 2087 τημάτων
237 2049 350 2082 τίνοντες
366 2050 452 2084 δίκην,
471 2051 528 2079 ἀλλ’
544 2049 584 2078 ἀεὶ
599 2053 803 2089 κατορθοῦντες,
824 2051 869 2079 καὶ

97 2096 137 2124 ἀεὶ
151 2095 310 2133 θλιὸόμενοι.
325 2095 466 2130 Ἐννόησον
480 2096 532 2136 γάρ
549 2108 593 2134 μοι
607 2096 651 2125 τὸν
666 2095 772 2131 Ἠλίαν,
789 2098 824 2129 εἷς
839 2097 867 2125 ὃν

95 2144 159 2179 ἡμῖν
170 2143 184 2171 ὁ
195 2141 270 2180 λόγος
281 2142 404 2180 περιήκει
415 2142 482 2180 τήμε
488 2154 544 2182 ρον’
557 2142 618 2181 περὶ
629 2143 708 2171 αὐτοῦ
719 2142 771 2181 γάρ
784 2154 863 2182 φησιν

515 2240 691 2270 MUTIANO
713 2240 971 2270 SCHOLASTICO
993 2239 1248 2269 INTERPRETE.

134 2329 348 2357 Circnmierunt
362 2330 394 2356 in
407 2327 537 2364 melotis,
553 2328 584 2355 in
595 2327 721 2365 pellibus
739 2328 884 2366 caprinis,
905 2332 1038 2365 egentes,
1052 2325 1196 2360 tribulati,
1217 2324 1325 2364 afflicti
1339 2335 1347 2351 :
1364 2324 1469 2361 quibus
1486 2323 1591 2361 dignus
1604 2334 1664 2351 non

92 2381 155 2403 erat
168 2374 292 2403 mundus
304 2376 358 2403 iste
374 2385 382 2401 :
394 2375 425 2402 in
439 2373 648 2402 solitudinibus
663 2379 794 2401 errantes
805 2379 833 2401 et
842 2374 873 2400 in
882 2374 1027 2401 montibus
1036 2378 1063 2400 et
1073 2373 1104 2400 in
1115 2371 1258 2410 speluncis
1268 2376 1295 2398 et
1308 2372 1340 2398 in
1351 2371 1486 2399 cavernis
1499 2375 1594 2404 terrm,
1609 2375 1660 2397 etc.

91 2421 203 2460 Semper
214 2419 325 2459 quidem
336 2442 345 2457 ,
362 2420 481 2448 maxime
493 2426 582 2448 autem
596 2430 659 2448 cum
673 2426 828 2448 sanctorum
843 2419 959 2458 recogito
979 2419 1092 2448 virtutes
1113 2425 1139 2446 et
1162 2416 1336 2446 rectitudines
1360 2426 1472 2455 operum
1488 2439 1496 2453 ‚
1513 2423 1576 2444 tunc
1594 2415 1662 2444 mihi

90 2466 208 2496 occurrit
221 2466 369 2506 desperatio
386 2467 438 2495 mei
453 2478 458 2494 :
473 2467 537 2505 quia
552 2477 637 2505 neque
649 2466 693 2495 vel
706 2466 734 2495 in
749 2466 848 2495 somnis
862 2465 1076 2506 experimentum
1097 2464 1245 2504 accipimus
1268 2463 1402 2491 bonorum
1415 2485 1423 2500 ‚
1436 2462 1546 2500 quaeilli
1560 2473 1608 2501 per
1619 2469 1662 2490 to-

90 2520 150 2542 tum
163 2514 227 2543 vitae
238 2524 292 2542 suae
306 2520 411 2553 tempus
427 2513 555 2552 gerebant
564 2536 572 2550 ,
586 2513 639 2542 viri
656 2513 702 2551 qui
717 2523 769 2542 non
781 2524 829 2553 pro
842 2513 957 2553 peccatis
969 2513 1080 2542 luebant
1098 2511 1233 2551 supplicia
1243 2533 1253 2545 ‚
1273 2509 1319 2539 sed
1344 2520 1451 2549 semper
1470 2508 1507 2538 ad
1521 2508 1663 2538 rectitudi-

92 2571 153 2589 nem
162 2560 358 2600 proficiscentes
368 2567 394 2589 et
408 2571 512 2600 semper
527 2560 738 2590 tribulabantur.
752 2561 874 2600 Intellige
887 2561 988 2601 qnippe
1004 2560 1120 2597 Heliam,
1133 2558 1167 2588 ad
1180 2569 1260 2598 quem
1274 2557 1356 2587 hodie
1365 2567 1452 2586 sermo
1467 2563 1556 2585 noster
1565 2566 1666 2596 perve-

94 2607 134 2636 nit
148 2619 154 2634 :
170 2607 260 2647 ipsum
271 2607 372 2648 quippe
382 2608 433 2637 hoc
445 2608 472 2637 in
486 2609 544 2638 Ioco
558 2608 700 2647 nominat,
720 2616 746 2638 et
766 2609 792 2638 in
813 2609 871 2648 ipso
889 2609 1015 2639 definivit
1029 2608 1152 2646 exempla
1170 2619 1176 2635 :
1192 2605 1266 2645 qnod
1284 2612 1340 2635 erat
1360 2604 1493 2634 familiare
1509 2604 1623 2633 istorum
1638 2610 1666 2632 et

259 2670 331 2688 Torx.
358 2672 413 2690 xii.
1510 2659 1547 2686 ‘24
