1906 2846
417 183 449 206 ΙΝ
474 182 582 205 EPtST.
612 182 657 204 AD
684 177 852 204 HEBRAELOS.

82 247 190 287 χρόνον,
218 249 381 285 γεγηρακυῐα
408 245 459 284 γὰρ
477 241 508 280 ἧν
530 246 625 278 ὄντως·
643 247 660 280 ἢ
678 246 704 274 δὲ
733 244 786 273 ἀπὸ
804 241 852 274 τ’ἶς

1586 164 1652 199 305

908 238 1102 278 susceptionem
1117 239 1244 267 virtutem
1260 237 1362 277 aceepit
1373 247 1433 276 quae
1444 243 1564 266 emortua
1577 243 1632 265 erat
1643 259 1651 273 ‚

882 176 961 200 CAP.
990 178 1038 201 Xl.
1069 177 1190 201 uomit„
1221 176 1320 201 xxm.

83 293 181 332 φύσεως
192 315 199 328 ,
215 297 305 330 στεῖρα
321 291 372 330 γὰρ
389 294 431 326 ἠν.
446 291 526 319 ἸΟθεν
540 291 584 319 καὶ
600 291 624 324 ἐξ
640 291 694 323 ἑνὸς
715 288 852 328 ἐγεννήθη·
864 295 967 327 ..Ἢψιῖῠ
990 285 1098 315 sterilis.
1122 285 1232 324 Duplex
1253 285 1324 313 enim
1347 290 1403 312 erat
1428 283 1564 320 defectus,
1583 293 1653 311 unus

84 350 132 367 σαν
156 339 179 366 οἱ
201 338 317 372 πάντες,
340 337 385 365 καὶ
410 339 494 365 ταῦτα
526 337 737 375 νενεκρωμένου,
763 337 799 368 ὡς
822 336 855 364 τὰ

85 384 170 423 ἄστρα
182 386 227 412 τοῦ
245 384 353 423 οὐρανοῦ
370 385 408 422 τῷ
429 383 539 418 πλήθει,
567 383 612 411 καὶ
636 382 699 411 ὡσεὶ
727 383 815 420 ἄμμος
838 385 854 416 ἡ

85 429 160 468 παρὰ
180 430 210 458 τὸ
223 431 310 468 χεῖλος
321 430 369 462 ’.ἧς
386 429 520 462 Θαλάσσης
537 432 553 463 ἦ
567 428 752 467 ἀναρίθμητος.
763 428 856 462 “()Οεν,

85 474 163 514 φησὶ,
178 475 223 503 καὶ
244 474 268 507 ἓξ
285 475 339 507 ἑνὸς
361 474 535 512 ἐγεννήθησαν
559 476 582 503 οἱ
599 475 703 506 πάντες.
726 475 765 502 Οὐ
781 477 858 502 τοῦτο

88 521 165 559 μόνον
178 522 288 549 ἐνταῦθα
302 520 371 558 λέγει
381 542 388 552 ‚
406 520 445 548 ὅτι
462 520 608 558 ἐγέννησεν,
624 521 682 548 ἀλλ’
698 520 739 549 ὅτι
756 520 800 548 καὶ
815 531 858 547 το-

88 566 186 596 σούτων
200 566 302 605 ἐγένετο
314 566 404 605 μήτηρ
415 588 422 601 ,
439 565 505 594 ὅσων
519 566 577 594 οὐδὲ
593 568 619 594 αἱ
639 566 743 604 εὔφοροι
757 565 856 604 γαστέ-

88 625 143 652 ρες·
158 613 208 646 Ὡς
227 613 261 642 τὰ
286 613 384 652 ἄστρα,
400 612 473 651 φησί.
491 613 552 644 Πῶς
575 607 617 641 οἶν
640 611 730 644 αὐτοὺς
752 614 857 650 ἀριθμεῖ

86 659 214 692 πολλάκις
226 682 233 695 ,
247 659 333 687 καίτοι
347 670 376 696 γε
392 658 481 691 εἰπὼν,
497 658 523 687 ὃν
542 658 638 696 τρόπον
653 658 698 686 οὐκ
710 658 855 697 ἐξαριθμη-

87 706 195 740 θήσεται
207 704 241 733 τὰ
256 705 341 743 ἄστρα
356 706 401 732 τοῦ
418 705 528 742 οὐρανοῦ
541 726 547 739 ,
561 703 642 736 οὕτως
656 703 714 732 οὐδὲ
725 704 755 732 τὸ
777 704 857 742 σπέρ-

87 763 124 790 μα
139 753 226 789 ὑμῶν;
244 750 324 779 Ἤτοι
336 751 395 779 καθ’
411 749 560 788 ὑπερῧολήν
586 750 642 778 ἐστι
662 752 755 785 τοῦτο,
777 748 794 784 ἦ
815 749 857 777 διὰ

85 797 144 830 τοὺς
156 797 196 825 ἀεὶ
213 797 408 835 ἐπιγινομένους
422 795 503 828 οὕτως
520 790 587 824 εἶπε.
607 797 633 823 Μ
640 800 679 827 ιᾶς
695 796 741 833 μὲν
756 795 807 834 γὰρ
821 797 856 824 οἰ-

86 843 145 876 κίας
169 843 277 871 δυνατὸν
299 841 382 874 *τοὺς
406 841 547 880 προγόνους
573 842 733 880 ἀριθμῆσαι,
760 837 821 877 οἷον,
845 844 858 870 ὁ

87 889 159 917 δεῖνα
170 891 216 917 τοῦ
228 890 308 922 δεῖνος
320 911 327 924 ,
343 887 388 916 καὶ
402 890 415 916 ὁ
430 889 503 915 δεῖνα
519 889 564 915 τοῦ
580 888 675 920 δεῖνος·
689 889 800 916 ἐνταῦθα
813 887 839 915 δὲ
850 909 857 921 ,

88 930 123 963 E‘Bv
146 934 176 963 τὸ
197 934 270 973 γένος
287 936 324 972 τῷ
339 933 434 968 πλήθει
454 934 505 961 τῶν
526 932 629 971 ἄστρων
649 933 838 971 παρεικάζεται
850 954 857 967 ,

87 981 134 1008 οὐκ
148 979 212 1009 ἔστι.

118 1068 246 1095 Τοιαῦται
260 1069 286 1095 αἱ
299 1065 454 1105 ἐπαγγελίαι
465 1069 510 1095 τοῦ
521 1067 606 1101 Θεοῦ,
619 1064 700 1097 οὕτως
712 1065 858 1103 εὐμήχανοι

88 1113 167 1141 αὐτοῦ
182 1114 209 1141 αἱ
223 1112 389 1151 ὑποσχέσεις.
405 1114 437 1141 Εἰ
452 1112 479 1141 δὲ
495 1113 563 1150 ἅπερ
575 1113 601 1140 ἐν
614 1112 767 1150 προσθήκης
783 1112 858 1151 μέρει

87 1158 230 1197 ὑπέσχετο,
242 1157 310 1187 οὕτω
325 1157 464 1195 Θαυμαστὰ
473 1181 480 1193 ,
496 1157 562 1186 οὕτω
575 1157 721 1196 παράδοξα,
734 1158 801 1187 οὕτω
814 1170 859 1196 με·

87 1203 243 1243 γαλόδωρα,
266 1203 326 1232 τίνα
344 1203 418 1232 ἔσται
434 1206 536 1240 ἐκεῖνα,
552 1199 588 1232 ὧν
609 1208 692 1233 ταῦτα
709 1205 858 1243 προσθήκη,

87 1244 124 1277 [i‘w
139 1250 168 1277 ἐκ
188 1249 340 1287 περιουσίας
353 1253 452 1285 ταῦ-τος
465 1250 519 1278 ἱ’Τί
534 1250 619 1278 τοίνυν
638 1253 690 1279 ’τῶν
713 1252 858 1290 ἐπιτυγχα-

87 1294 184 1323 νόντων
229 1295 428 1333 μακαριώτερον
441 1308 447 1331 ;
481 1296 507 1323 τί
537 1298 588 1324 τῶν
621 1296 856 1335 ἀποτυγχανόντων

89 1340 247 1380 ἀθλιώτερον
259 1352 266 1375 3
281 1342 314 1368 Ei
328 1340 379 1380 γὰρ
393 1341 520 1379 πατρίδος
533 1353 572 1373 τις
583 1341 778 1379 ἐκὸεῧλημένος
787 1365 794 1378 ,
807 1342 858 1370 ὑπὸ

88 1385 194 1414 πάντων
219 1388 348 1421 ε’λεεῐται,
370 1386 415 1414 καὶ
437 1387 616 1425 κληρονομίαν
637 1387 770 1419 ἀπολέσας
788 1389 859 1416 δοκεῖ

88 1431 163 1469 παρὰ
182 1436 261 1460 πᾶσιν
283 1431 392 1463 ἐλεεινὸς
413 1428 495 1460 εἶναι·
513 1434 526 1460 ὃ
541 1435 586 1461 τοῦ
601 1434 708 1472 οὐρανοῦ
723 1433 859 1462 ἐκπίπτων

90 1477 135 1505 καὶ
151 1479 203 1505 τῶν
219 1477 400 1513 ἀποκειμένων
412 1479 516 1515 ἀγαθῶν
529 1479 592 1513 ἐκεῖ,
605 1479 695 1510 πόσοις
707 1479 804 1517 ὀφείλει
816 1479 861 1507 δά-

91 1533 168 1561 κρυσι
184 1522 359 1561 δακρύεσθαις
382 1524 482 1560 μᾶλλον
502 1523 529 1552 δὲ
543 1524 601 1552 οὐδὲ
620 1524 779 1563 δακρύεσθαι
790 1537 796 1542 ·
812 1526 860 1554 δα-

91 1568 199 1606 κρύεται
219 1568 270 1607 γάρ
287 1581 326 1601 τις
341 1569 402 1597 ὅταν
419 1581 444 1597 τι
459 1569 547 1607 πάθῃ,
571 1565 606 1598 ὧν
628 1571 676 1598 οὐκ
694 1571 771 1603 αὐτός
791 1572 861 1600 ἐστιν

92 1613 173 1647 αἴτιος
184 1626 190 1631 ·
205 1614 266 1642 ὅταν
290 1615 317 1642 δὲ
334 1614 360 1647 ἐξ
375 1614 472 1648 οἰκείας
487 1615 594 1653 γνώμης
611 1616 704 1644 ἑαυτὸν
717 1616 861 1656 περιπείρῃ

125 1708 137 1721 “
155 1708 230 1741 [ch-
243 1711 293 1737 τοὺς
302 1713 454 1740 ἀπογόνους...
465 1711 542 1738 δεῖνος
562 1711 591 1734 ὧν
603 1711 626 1734 δὲ
637 1714 662 1735 τῇ
675 1721 696 1741 γ,
714 1710 850 1741 Dunaeus.]

874 337 892 357 Α
910 330 1018 368 quidem
1041 341 1075 359 ex
1101 338 1235 370 tcmpore3
1251 341 1343 359 revera
1367 330 1438 358 euim
1463 335 1653 363 consenuerat;

910 377 976 404 alter
996 387 1010 404 a
1031 384 1143 412 uatura;
1161 384 1217 405 erat
1241 377 1312 406 euim
1335 376 1443 405 sterilis.
1462 378 1509 405 w.
1530 377 1656 414 Propter

911 424 990 461 quod
1013 426 1101 452 eciam
1128 426 1164 452 ab
1183 434 1241 452 uno
1267 425 1322 451 orti
1343 429 1410 451 sunt
1437 432 1556 458 omnes,
1581 428 1656 450 tam-

911 481 1001 509 quam
1020 471 1118 499 sidera
1142 472 1207 500 coelz·
1226 473 1257 498 in
1280 470 1513 504 multitudinem,
1533 476 1559 498 et
1582 471 1656 498 slent

911 527 1003 545 arena
1019 528 1082 554 quoe
1099 523 1139 545 est
1160 518 1201 545 ad
1213 527 1294 545 oram
1313 517 1403 544 muris
1417 515 1653 544 irmumerabilis.

912 564 1030 599 l’ropcei
1050 564 1141 601 quod,
1159 563 1260 601 inquit,
1275 564 1364 591 etiam
1384 572 1420 590 εἰ·
1440 572 1499 590 uno
1514 563 1571 589 orii
1589 567 1655 589 sunt

912 620 1019 637 omncs.
1036 610 1094 638 Non
1115 609 1182 638 dicit
1206 609 1291 637 solum
1309 619 1366 637 cain
1388 607 1518 646 genuisse,
1541 606 1587 635 sed
1601 614 1655 635 tam

911 654 1059 683 multorum
1071 655 1153 683 fuisse
1164 662 1284 690 matrem,
1298 661 1361 692 quot
1374 664 1421 682 nec
1431 652 1547 682 soeeundi
1564 652 1631 694 uteri
1646 665 1652 680 :

914 701 1077 740 Tamquam
1100 702 1214 737 sidera,
1238 701 1334 739 inquit.
1360 699 1503 734 Quomodo
1526 709 1588 736 ergo
1611 710 1655 727 eos

912 757 981 785 sa'pe
1000 753 1137 781 numerat,
1152 747 1255 775 etiamsi
1278 746 1379 774 dixerit
1397 758 1403 774 :
1420 744 1655 780 Quemadmodum

913 802 965 820 nou
989 793 1201 820 nuiueraluiutur
1225 792 1311 820 sidera
1334 791 1392 820 caeli
1414 791 1472 819 :ita
1497 802 1544 819 nec
1568 801 1657 819 semen

913 846 1040 867 vestrum.
1056 841 1109 867 Aut
1131 839 1198 867 dicit
1220 850 1267 878 per
1288 838 1454 878 hyperbolen
1466 861 1474 876 7
1491 845 1537 866 aut
1550 845 1659 877 propter

913 895 957 913 eos
971 885 1017 922 qui
1033 895 1136 923 semper
1149 885 1201 913 sibi
1218 884 1374 913 succedunt.
1392 884 1480 914 Unius
1494 884 1596 923 quippe
1610 884 1660 912 do-

913 941 973 958 mus
991 931 1103 968 majores
1118 931 1253 958 numerari
1270 937 1398 969 possunt,
1411 931 1488 959 verbi
1509 930 1593 967 gratia
1609 930 1659 958 hu-

910 975 955 1013 jus
972 976 1014 1004 vel
1042 975 1136 1012 illius;
1153 975 1198 1003 hic
1221 983 1327 1011 autem,
1343 976 1389 1003 ubi
1405 986 1488 1013 genus
1511 975 1580 1004 illud
1604 986 1660 1004 nu-

913 1030 986 1048 mero
1000 1020 1084 1048 stellis
1098 1027 1278 1058 comparatur,
1295 1031 1346 1049 non
1363 1021 1434 1050 item.

953 1066 982 1093 5.
997 1065 1077 1093 Tales
1090 1072 1151 1093 sunt
1164 1065 1211 1094 Dei
1223 1066 1441 1104 pollicitationes,
1454 1073 1507 1094 tam
1519 1066 1596 1095 facile
1604 1067 1662 1106 ejus

913 1110 1061 1149 implentur
1080 1111 1223 1149 promissa.
1242 1112 1271 1140 Si
1286 1119 1377 1139 autem
1401 1123 1460 1149 quae
1485 1112 1661 1140 additamenti

913 1156 973 1185 loco
989 1157 1129 1196 promisit,
1147 1163 1208 1185 sunt
1228 1157 1293 1185 adeo
1315 1157 1502 1193 admirabilia,
1518 1158 1584 1186 adeo
1602 1170 1660 1187 ma-

914 1204 1012 1241 gnifica
1028 1211 1053 1232 et
1068 1204 1226 1243 splendida,
1252 1204 1405 1243 cujusmodi
1429 1211 1507 1232 erunt
1525 1205 1581 1239 illa,
1599 1205 1662 1242 qui-

914 1250 966 1279 bus
980 1250 1038 1278 haec
1053 1257 1114 1279 sunt
1128 1249 1311 1278 additamenta
1334 1261 1369 1278 ex
1388 1250 1635 1289 superabundantia
1648 1251 1661 1279 Ρ

915 1296 990 1331 Quid
1005 1307 1069 1335 ergo
1083 1297 1187 1325 beatius
1201 1303 1240 1324 est
1259 1296 1291 1325 iis
1306 1297 1353 1334 qni
1376 1296 1581 1333 assequuntur?
1597 1297 1662 1334 quid

915 1342 1039 1370 miserius
1058 1342 1090 1370 iis
1113 1341 1160 1379 qui
1183 1352 1235 1370 nou
1255 1342 1458 1379 assequuntur?
1472 1341 1500 1370 Si
1517 1341 1588 1369 enim
1605 1341 1662 1380 ejus

915 1388 960 1426 qui
977 1394 1016 1416 est
1030 1398 1044 1416 e
1057 1388 1143 1427 patria
1159 1388 1258 1426 ejectus
1275 1398 1367 1416 omnes
1388 1387 1559 1422 miserentur,
1574 1394 1599 1415 et
1613 1387 1661 1425 qui

914 1434 1004 1462 amisit
1018 1433 1194 1462 hereditatem
1209 1433 1316 1462 videtur
1338 1433 1464 1461 omnibus
1480 1432 1640 1461 miserabilis
1655 1444 1660 1459 :

915 1480 961 1518 qui
975 1491 990 1508 a
1004 1480 1069 1508 ezelo
1084 1479 1183 1508 excidit
1199 1486 1224 1508 et
1238 1479 1341 1508 abonis
1355 1490 1415 1517 qum
1430 1479 1487 1507 illic
1504 1486 1566 1507 sunt
1582 1489 1662 1518 repo-

915 1525 979 1561 sita,
1000 1536 1081 1563 quam
1098 1525 1191 1554 multis
1216 1525 1317 1564 plurari
1332 1525 1411 1553 debet
1436 1525 1589 1564 lacrymis?
1607 1525 1662 1552 imo

916 1582 979 1600 vero
992 1582 1040 1599 nec
1054 1571 1155 1611 plorari
1166 1583 1174 1607 ;
1186 1571 1306 1610 ploratur
1320 1571 1390 1599 enim
1403 1570 1539 1610 quispiam
1553 1570 1661 1608 quando

916 1617 1020 1656 aliquid
1043 1618 1067 1646 ei
1088 1617 1224 1655 acciderit,
1244 1618 1321 1657 cujus
1345 1618 1402 1657 ipse
1423 1628 1475 1646 non
1497 1624 1536 1646 est
1560 1628 1638 1646 causa
1650 1630 1659 1655 ;

918 1717 929 1729 ι
951 1711 999 1735 Hic
1009 1710 1101 1735 desiuit
1111 1710 1216 1735 homilia
1227 1711 1346 1743 vigesima
1358 1711 1430 1734 tertia
1442 1710 1467 1735 in
1483 1709 1576 1735 Codice
1585 1709 1657 1735 Colb.

510 1808 686 1837 MUTIANO
707 1807 962 1837 SCHOLASTICO
983 1808 1235 1837 INTERPRETE.

91 1901 154 1941 plex
164 1901 236 1930 enim
246 1907 301 1930 erat
313 1900 464 1940 praeclusio‚
474 1911 526 1929 una
536 1911 570 1929 ex
586 1907 704 1940 tempore
714 1912 721 1938 ς
732 1908 855 1930 senuerat
868 1901 969 1941 quippe
977 1902 1033 1940 jam
1049 1913 1055 1929 ι
1070 1901 1123 1930 alia
1137 1912 1201 1931 vero
1215 1912 1249 1931 ex
1259 1909 1364 1938 natura,
1375 1902 1472 1931 sterilis
1482 1902 1579 1931 etenim
1593 1910 1657 1932 erat.

90 1950 204 1978 Idcirco
211 1951 301 1977 etiam
315 1959 418 1977 exano
430 1951 523 1987 geniti
534 1955 602 1977 sunt
615 1949 904 1985 onznes‚s1·cutstellae
917 1950 1030 1985 coeli,et
1039 1951 1112 1978 sicut
1122 1960 1214 1977 arena
1227 1960 1291 1988 quoe
1302 1956 1345 1978 est
1359 1950 1399 1979 ad
1407 1960 1489 1978 oram
1502 1951 1600 1978 maris.
1610 1951 1659 1979 Id-

90 1997 168 2024 circo
182 2006 260 2035 ergO,
274 1995 373 2033 inquit,
384 2006 420 2024 ex
435 2005 493 2023 uno
507 1997 599 2034 geniti
612 2001 679 2024 sunt
693 2004 791 2023 omnes
805 2006 814 2021 :
827 2005 879 2023 non
897 1995 946 2023 hoc
958 1995 1046 2024 solum
1062 1995 1154 2024 volens
1167 1995 1319 2034 significare
1331 1996 1393 2034 quia
1407 1996 1567 2034 genuit‚sed
1579 1997 1658 2026 etiam

90 2043 153 2081 quia
166 2050 300 2072 tantorum
315 2050 400 2071 mater
422 2042 514 2071 effecta
537 2049 585 2079 est,
595 2049 757 2080 quantorum
768 2052 852 2080 neque
862 2043 1001 2071 soecundae.
1016 2043 1095 2072 Sicut
1116 2043 1227 2079 steHoe,
1237 2043 1335 2081 inquit,
1346 2044 1421 2072 eceli.
1438 2043 1580 2081 Quomodo
1595 2055 1659 2083 ergo

91 2090 188 2129 saepius
211 2100 255 2119 eos
278 2096 433 2127 enumerat,
450 2100 512 2118 cum
532 2089 653 2118 dixerit:
669 2089 907 2125 Quemadmodum
931 2101 983 2119 non
1012 2097 1187 2119 numerantur
1202 2090 1285 2118 stellae
1310 2090 1382 2127 caeli,
1404 2091 1442 2119 sic
1465 2101 1549 2129 neque
1570 2102 1658 2121 semen

90 2144 219 2166 vestrum.
238 2139 292 2166 Aut
312 2137 395 2176 igitur
418 2137 593 2176 hyperbolice
616 2136 704 2175 dixit,
720 2144 767 2166 aut
782 2144 851 2183 certe
867 2148 959 2166 omnes
978 2137 1143 2176 significavit
1154 2160 1161 2172 ,
1178 2137 1224 2175 qui
1240 2148 1344 2177 semper
1364 2148 1397 2166 ex
1412 2138 1458 2166 illa
1473 2138 1576 2177 origine
1591 2150 1658 2178 pro-

91 2192 222 2214 creantur.
239 2185 328 2214 Unius
352 2191 443 2214 autem
462 2184 560 2214 domus
583 2185 767 2225 progenitores
792 2195 933 2214 numerare
952 2185 1031 2214 facile
1056 2191 1113 2213 est:
1130 2185 1180 2213 llle
1201 2184 1275 2214 illius
1300 2191 1375 2224 pater
1397 2192 1443 2214 aut
1459 2185 1533 2215 filius
1546 2209 1553 2223 ‚
1574 2193 1598 2216 et
1614 2187 1660 2216 ille

91 2232 166 2261 illius
182 2233 238 2260 ***.

130 2280 159 2309 Si
181 2279 208 2309 in
223 2280 272 2309 hac
286 2280 340 2309 vita
360 2280 425 2309 tales
439 2279 656 2319 repromissiones
672 2280 722 2308 Dei
738 2279 775 2308 sic
791 2279 867 2307 facile
887 2279 1044 2319 implentur,
1062 2279 1084 2307 si
1107 2289 1165 2317 quae
1189 2279 1215 2307 in
1230 2279 1378 2307 additionis
1398 2279 1457 2308 loco
1478 2280 1602 2319 promisit
1621 2281 1657 2310 ita

91 2327 226 2356 mirabilia
238 2335 300 2356 sunt
313 2334 338 2357 et
353 2327 468 2367 gloriosa
479 2351 487 2364 ,
502 2327 575 2356 etita
591 2327 733 2366 magnifica
749 2339 755 2354 :
770 2327 860 2365 qualia
877 2334 956 2356 erunt
971 2327 1035 2364 illa,
1051 2337 1167 2365 quorum
1182 2326 1233 2355 ista
1255 2326 1437 2356 additamenta
1454 2335 1516 2356 sunt
1527 2351 1534 2364 ,
1558 2328 1656 2366 quibus

90 2375 147 2404 haec
162 2386 195 2404 ex
211 2374 375 2404 abundantia
391 2374 492 2403 dantur
513 2374 549 2403 ad
569 2375 734 2403 cumulum?
749 2373 825 2411 Quid
846 2373 930 2413 igitur
951 2381 998 2403 aut
1013 2373 1223 2413 adipiscentibus
1237 2374 1359 2411 beatius,
1376 2381 1422 2403 aut
1436 2385 1487 2403 non
1503 2375 1656 2415 adipiscen-

93 2423 165 2452 tibus
176 2422 308 2451 infelicius
321 2423 334 2451 Ξ)
346 2423 376 2452 Si
390 2422 461 2451 enim
476 2422 562 2461 patria
577 2422 637 2461 quis
652 2422 797 2462 expulsus,
812 2422 846 2450 ab
858 2422 1015 2451 hominibus
1028 2421 1189 2451 miserabilis
1200 2421 1359 2461 judicum-5
1376 2431 1401 2451 ct
1414 2423 1534 2461 quisquis
1550 2423 1657 2453 heredi-

95 2476 172 2499 tatem
185 2470 320 2507 amiserst,
338 2469 446 2499 videtur
461 2469 586 2498 omnibus
607 2480 664 2498 esse
679 2469 811 2499 dolendus
827 2481 833 2497 τ
849 2470 895 2509 qui
919 2470 982 2499 caelo
999 2469 1140 2509 privatur,
1154 2469 1199 2508 qui
1224 2469 1280 2498 illic
1294 2470 1418 2509 repositis
1431 2470 1526 2508 bonis,
1551 2471 1658 2509 quantis

96 2517 221 2557 lacrymis
237 2518 286 2547 iste
308 2516 477 2557 plangendus
501 2517 563 2545 est?
578 2517 662 2556 magis
681 2524 770 2546 autem
787 2518 798 2555 [
812 2517 830 2545 l.
847 2527 931 2556 neque
952 2517 1064 2557 plang.]
1079 2515 1246 2556 plangendus
1259 2528 1265 2544 ε
1279 2517 1416 2556 plangitur
1430 2517 1501 2546 enim
1514 2518 1657 2558 quisquam

99 2575 158 2594 cum
171 2575 263 2605 passus
276 2565 356 2595 suerit
371 2564 492 2604 aliquid,
509 2565 586 2604 cujus
601 2564 656 2605 ipse
670 2575 748 2594 eausa
764 2575 815 2595 non
831 2571 887 2603 est;
902 2575 963 2594 cum
976 2571 1064 2594 autem
1079 2575 1112 2594 ex
1127 2564 1235 2603 propria
1250 2565 1385 2595 voluntate
1399 2566 1569 2606 semetipsum
1584 2567 1656 2605 quis<

1671 699 1725 719 Gru.
1735 697 1811 720 1346.
