1906 2846
357 180 389 202 tn
415 179 522 203 ttPtST.
553 178 596 202 AD
623 176 791 202 uEBnAEos.
821 175 898 199 CAP.
928 176 976 200 Xl.
1006 177 1124 201 llOMlL.
1144 177 1227 200 xxti.
1532 161 1600 210 295

32 244 183 279 ἐκζητοῦσιν
207 240 283 271 αὑτὸν
310 241 342 269 δι’
369 240 451 280 ἔργων
478 241 523 270 καὶ
549 241 591 270 διὰ
612 242 660 275 τῆς
681 239 801 279 γνώσει-»ς
853 237 941 267 omnia
959 248 1021 266 casu
1042 239 1084 277 agi
1097 245 1122 267 et
1137 238 1200 267 l'erri
1217 236 1322 272 dicunt,
1340 242 1365 265 et
1379 245 1431 265 non
1446 242 1603 275 exspectant

32 288 246 323 Βμκτθσιτιτοδότηις
257 286 366 325 γίνεται.
855 284 1111 321 remunerationem,
1139 291 1168 313 ut
1185 294 1269 322 neque
1294 290 1392 321 gentes.
1407 282 1443 311 Iis
1468 282 1539 310 enim
1557 281 1603 319 qui

855 329 943 369 ipsum
962 330 1101 369 inquirunt
1116 342 1164 370 per
1178 341 1258 370 opera
1276 336 1302 359 et
1315 329 1495 369 cognitionem
1508 335 1546 357 est
1560 338 1605 356 rc-

855 384 1019 406 munerator.

71 425 148 454 Ἐπεὶ
170 421 213 454 οὖν
231 424 325 464 ἔχομεν
343 424 555 461 μισθαποδότην,
579 423 666 452 πάντα
680 423 802 464 πράττω-
896 423 923 450 5.
939 423 1007 451 Cum
1024 433 1086 463 ergo
1104 423 1251 452 babeamus
1266 428 1503 455 remuneratorem,
1516 420 1607 450 omnia

35 484 92 509 μεν,
108 470 175 500 ὥστε
188 470 225 508 μὴ
239 471 453 507 ἀποστερηθῆναι
466 472 517 498 τῶν
531 472 631 507 μισθῶν
645 471 696 498 τῶν
709 470 752 498 ἐπὶ
771 472 803 509 τῇ
821 475 838 498 D
857 468 985 497 faciamus
998 492 1006 504 ‚
1022 479 1054 497 ne
1079 469 1218 508 privemur
1243 468 1364 497 mercede
1385 479 1444 505 qua:
1468 468 1548 495 datur
1571 467 1606 495 ob

36 519 129 556 ἀρετῇ·
145 515 250 556 καὶγὰρ
262 516 367 544 πολλῶν
379 515 498 554 δακρύων
511 516 580 549 ἄξιον
593 515 715 550 τοιαύτης
728 518 803 554 otum-
859 513 985 542 virtutem
999 526 1004 541 :
1020 521 1059 543 est
1075 515 1145 543 enim
1160 514 1254 542 multis
1277 513 1391 551 dignum
1416 513 1544 552 lacrymis
1568 519 1609 540 ta-

36 562 86 596 δ’ἦς
106 562 252 602 ὑπεριδεῖν,
271 560 394 595 τοιαύτης
416 560 571 594 ἀντιδόσεως
592 564 802 601 καταφρονῆσαι,
859 560 910 588 lem
930 560 1066 600 despicere
1087 560 1336 589 remunerationem.
1359 560 1396 588 Ut
1417 559 1488 587 enim
1503 558 1535 586 iis
1562 557 1609 595 qui

35 608 142 648 θὨσπερ
164 607 216 646 γὰρ
242 612 295 640 τοῖς
319 608 471 642 ἐκζητοῦσιν
506 608 581 636 αὐτὸν
611 609 806 646 μισθαποδότης
860 607 947 645 ipsum
962 614 1086 645 quaerunt
1097 629 1105 643 ,
1121 614 1159 635 est
1174 606 1293 635 redditor
1302 605 1441 641 mercedis,
1454 605 1488 633 ita
1503 604 1547 642 iis,
1562 604 1611 642 qui

44 654 154 693 γίνεται,
169 654 238 682 οὕτω
248 658 301 686 τοῖς
316 654 353 691 μὴ
371 655 476 687 ζητοῦσι
492 654 521 682 τὸ
536 654 668 683 ἐναντίον·
683 655 804 689 Ζητεῖτε,
860 652 949 691 ipsum
963 663 1014 680 non
1030 660 1163 691 (puerunt,
1174 652 1353 680 contrarium:
1366 650 1610 689 Quoerite‚i11quit,
1624 656 1762 685 Manhqq.

37 700 82 729 καὶ
99 699 234 739 εὑρήσετε,
247 699 320 737 φησί.
338 700 400 731 Πῶς
414 699 440 727 δὲ
457 699 513 728 ἔστι
525 701 567 729 τὸν
584 700 678 738 Κύριον
701 702 804 739 εὑρεῑν;
861 704 887 726 et
912 700 1076 727 invenietis.
1099 698 1243 733 Quomodo
1273 705 1363 726 autem
1387 704 1472 736 potest
1494 695 1610 725 inveniri

37 745 179 780 Ἐννόησον
198 748 254 777 πῶς
268 745 419 784 εὑρίσκεται
435 745 464 774 τὸ
478 746 600 784 χρυσίον,
623 746 690 784 μετὰ
709 747 807 775 πολλοῦ
816 770 851 788 207
861 744 994 772 Dominus
1005 744 1017 771 ἕ*
1030 744 1124 782 Cogita
1135 743 1272 782 quomodo
1285 744 1421 772 invenitur
1430 754 1536 779 aurum,
1547 753 1609 771 cum

37 791 127 821 πόνου.
138 793 205 824 Ταῖς
216 791 293 831 χερσί
310 803 373 829 μου,
388 791 466 830 φησὶ,
483 792 574 824 νυκτὸς
590 792 705 820 ἐναντίον
719 794 806 828 αὐτοῦ,
826 798 843 819 Λ
862 789 954 817 multis
976 789 1126 819 laboribus.
1146 792 1286 818 Manibus
1297 813 1304 825 ‚
1322 790 1420 828 iuquit,
1438 791 1508 818 meis
1521 795 1608 818 noctu
1620 795 1754 824 Ps111.56.3

38 838 83 866 καὶ
95 839 141 866 οὐκ
161 837 313 872 ἠπατήθην.
331 838 491 871 Τουτέστιν,
508 837 598 877 ὥσπερ
621 838 650 867 τὸ
672 839 808 871 ἀπολωλὸς
861 842 965 863 contra
979 846 1055 870 eum,
1069 842 1096 864 et
1111 846 1169 863 non
1179 846 1243 864 sum
1255 837 1398 874 deceptus.
1412 836 1469 864 Hoc
1484 842 1538 873 est,
1554 835 1607 863 sic-

37 885 181 922 ζητοῧμεν,
195 883 264 912 οὕτω
280 883 324 911 τὸν
336 884 404 912 Θεὸν
420 884 586 922 ζητήσωμεν,
602 884 671 923 Οὐχὶ
691 884 735 912 τὸν
748 887 807 912 νοῦν
863 887 891 909 ut
912 880 1058 918 quzrrimus
1074 881 1144 919 quod
1162 882 1258 920 periit,
1276 882 1312 910 ita
1333 883 1420 910 Deum
1442 892 1607 920 qua-ramus.

39 931 93 958 ἐκεῖ
114 931 311 968 συστρέφομεν;
339 929 397 967 οὐχὶ
422 930 523 962 πάντας
556 929 723 967 ἐξετάζομεν5
749 929 808 968 οὖχὶ
863 928 958 954 Annon
976 933 1057 954 totam
1081 934 1195 955 mentem
1216 928 1281 956 illuc
1296 928 1478 956 convertimus
1494 928 1506 955 Ξ)
1522 938 1610 956 annon

40 975 191 1012 ἀποδημίαν
216 974 375 1012 ποιούμεθας
401 975 459 1014 οὐχὶ
489 975 617 1013 χρήματα
648 975 807 1014 ἐπαγγελλό-
863 971 1263 1001 omnesexaminarn1rs?an110n
1273 984 1383 1012 peregre
1394 974 1612 1013 proficiscimur?

40 1023 126 1059 μεθα;
141 1016 220 1056 Οἶον,
246 1021 313 1049 ἔστω
333 1031 371 1052 τις
390 1022 453 1057 ἡμῖν
473 1020 526 1051 υἱὸς
551 1018 697 1051 ἀπολωλώς
709 1031 715 1036 ·
731 1020 756 1047 τί
779 1021 807 1048 οὐ
863 1027 949 1045 annon
965 1017 1107 1056 pecuniam
1121 1018 1302 1057 pollicemur?
1318 1021 1373 1056 Ut,
1388 1020 1504 1060 exempli
1521 1031 1611 1056 causa,

39 1066 190 1105 πράττομεν
202 1077 209 1100 ;
223 1065 301 1094 ποίαν
321 1067 385 1103 γῆν,
401 1063 479 1093 ποίαν
504 1064 637 1092 θάλατταν
652 1066 681 1092 οὖ
705 1075 809 1103 περινο-
863 1062 884 1090 si
902 1062 1010 1100 perierit
1023 1063 1100 1091 nobis
1124 1063 1221 1101 aliquis
1238 1064 1325 1099 filius,
1342 1066 1406 1103 quid
1423 1077 1474 1095 non
1486 1066 1612 1105 agimus?

39 1115 170 1150 στοῧμεν;
185 1111 243 1150 οὐχὶ
258 1110 303 1139 καὶ
317 1110 458 1150 χρήματα,
480 1109 526 1138 καὶ
547 1109 646 1146 οἰκίας,
661 1110 706 1138 καὶ
721 1110 808 1139 πάντα
864 1119 945 1147 quam
968 1116 1066 1138 terram
1084 1132 1091 1146 ,
1116 1111 1189 1148 quod
1211 1122 1284 1139 mare
1305 1122 1357 1140 non
1382 1113 1509 1142 obimus?
1524 1125 1612 1143 aunon

39 1158 147 1198 δεύτερα
161 1157 287 1195 τιθέμεθα
297 1159 345 1191 τῆς
360 1156 500 1194 εὑρέσεως;
516 1155 564 1183 κᾶν
579 1155 697 1195 εὕρωμεν
708 1178 715 1191 ‚
732 1156 809 1185 κατέ·
863 1154 1008 1194 pecunias,
1026 1163 1051 1184 et
1065 1155 1176 1193 domos,
1194 1163 1219 1185 et
1234 1158 1324 1186 omnia
1340 1157 1455 1196 denique
1470 1159 1551 1199 liujus
1574 1160 1613 1189 in-

38 1216 136 1243 χομεν,
161 1202 366 1241 ἐπισφίγγομεν,
388 1203 435 1230 οὐκ
457 1202 735 1240 ἐγκαταλιμπάνομεν.
757 1202 809 1231 Καὶ
864 1202 990 1231 ventione
1005 1201 1152 1240 posteriora
1170 1201 1320 1231 ducimus?
1335 1203 1394 1232 etsi
1410 1204 1592 1234 invenerimus
1604 1229 1611 1243 ,

41 1250 179 1288 μέλλοντες
209 1251 310 1285 ζητεῖν,
341 1248 428 1277 πάντα
455 1248 713 1287 πραγματευόμεθα,
741 1248 810 1277 ὥστε
864 1247 1014 1276 detinemus
1025 1269 1032 1283 ‚
1049 1248 1276 1286 constringimus,
1300 1259 1351 1277 non
1376 1249 1561 1288 relinquimus.
1579 1252 1614 1280 Et

40 1298 122 1334 εὑρεῖν
137 1294 168 1322 τὸ
181 1293 337 1331 ζητούμενον
351 1305 357 1311 ·
373 1294 447 1332 πόσῳ
462 1293 489 1322 δὲ
506 1294 605 1330 μᾶλλον
621 1293 664 1322 ἐπὶ
678 1296 723 1323 τοῦ
739 1296 809 1322 Θεοῦ
828 1304 845 1325 Β
864 1292 1005 1331 quaesituri
1018 1293 1107 1321 omnia
1124 1294 1244 1332 gerimus
1259 1301 1289 1322 ut
1313 1295 1482 1323 inveniamus
1499 1295 1525 1323 id
1540 1296 1614 1334 quod

40 1344 117 1369 τοῦτο
137 1340 190 1379 χρὴ
206 1344 291 1368 ποιεῖν
301 1363 308 1375 ‚
326 1339 417 1377 ὥσπερ
430 1351 456 1367 τι
472 1341 524 1368 τῶν
539 1339 689 1378 ἀναγκαίων
704 1342 809 1376 ζητοῧν-
865 1339 994 1377 (Ῑιιῑοῐίῑυι-
1007 1351 1012 1367 :
1025 1346 1124 1377 quanto
1140 1340 1226 1378 magis
1240 1340 1268 1369 id
1282 1340 1308 1369 in
1318 1341 1374 1369 Deo
1387 1348 1425 1369 est
1440 1342 1592 1370 faciendum
1603 1365 1612 1380 ,

41 1398 105 1421 τας;
121 1387 219 1424 μᾶλλον
235 1384 261 1413 δὲ
280 1387 330 1423 οὐχ
347 1384 429 1416 οὕτως
439 1407 446 1420 ,
460 1384 528 1413 ἀλλὰ
547 1384 592 1413 καὶ
613 1386 703 1424 πολλῷ
718 1385 808 1414 πλέον.
866 1392 1002 1423 tamquam
1017 1385 1200 1423 quaerentibus
1221 1386 1327 1425 aliquid
1341 1387 1522 1415 necessarium
1537 1387 1544 1418 Σ
1560 1389 1615 1418 imo

42 1431 119 1466 Πλὴν
135 1432 193 1460 ἀλλ’
212 1430 303 1466 ἐπειδὴ
324 1432 439 1462 ἀσθενεῖς
459 1431 553 1468 ἐσμεν,
568 1431 616 1458 κᾶν
632 1432 667 1463 ὡς
687 1430 720 1459 τὰ
741 1431 810 1470 χρή·
867 1442 930 1460 vero
944 1442 995 1460 non
1008 1432 1053 1469 ita,
1062 1432 1107 1460 sed
1116 1433 1202 1462 multo
1214 1434 1310 1472 magis.
1323 1433 1376 1463 Sed
1385 1434 1512 1472 quoniam
1523 1446 1617 1464 sumus

44 1478 117 1515 ματ-ά
140 1489 185 1506 σου
208 1478 308 1512 ζητεῖς,
329 1476 346 1510 ἢ
372 1476 415 1504 τὸν
439 1477 508 1511 υἱὸν,
533 1477 644 1511 ζήτησον
666 1477 709 1506 τὸν
733 1478 811 1507 (-)εόν.
866 1478 1014 1514 imbecilli,
1029 1479 1123 1507 saltem
1139 1479 1208 1508 sicut
1228 1486 1258 1508 tu
1273 1480 1373 1518 qureris
1387 1482 1514 1520 pecunias
1534 1488 1614 1517 tuas,

43 1524 112 1563 0137}-
128 1525 274 1562 ἅπθδημεῖς
290 1523 354 1561 ὑπὲρ
376 1523 482 1559 ῒῡύῖθυὶ
501 1518 552 1562 ἆριιι
571 1524 616 1551 οὐκ
635 1523 811 1561 ἀπεδήμησάς
866 1531 912 1553 aut
927 1525 1027 1563 silium,
1043 1536 1132 1564 quaere
1145 1526 1242 1555 Deum.
1256 1527 1307 1555 Pro
1320 1537 1350 1556 eo
1365 1537 1451 1556 annon
1462 1527 1616 1567 peregriua-

74 1632 84 1643 ἢ
104 1625 134 1649 In
148 1624 200 1649 baec
209 1622 283 1649 rerba
295 1623 385 1648 desinit
397 1623 508 1649 bomilia.
520 1624 552 1648 Et
562 1623 677 1656 quscdaru
688 1625 713 1649 in
724 1623 800 1650 Colb.
813 1626 875 1650 mire
887 1627 990 1652 confusa
1003 1633 1028 1652 et
1037 1629 1161 1660 permixta
1170 1634 1237 1653 sunt.

468 1725 645 1754 MCTIANO
673 1724 931 1756 SCHOLASTICO
955 1727 1203 1757 INTERPRETE

45 1820 102 1860 regi
117 1830 148 1849 ac
167 1819 228 1848 ferri
245 1826 339 1848 cuncta
356 1818 461 1855 dicunt,
476 1825 501 1846 et
517 1828 568 1847 non
582 1825 688 1857 sperant
707 1819 920 1856 retributionem,
937 1831 988 1849 non
1004 1820 1108 1859 placent
1124 1821 1189 1857 Deo,
1202 1820 1280 1849 sicuti
1297 1822 1402 1861 pagani.
1419 1822 1619 1861 inquirentibus

49 1879 164 1906 namque
175 1878 255 1907 opera
266 1867 346 1903 bona,
363 1873 388 1895 et
403 1877 450 1906 per
462 1866 628 1894 intellectum
643 1866 772 1894 mercedis
784 1867 928 1896 retributor
940 1868 1064 1896 eflicitur.

91 1916 163 1952 Quia
177 1926 240 1955 ergo
257 1915 388 1944 babemus
403 1913 533 1943 mercedis
548 1914 738 1943 retributorem
756 1937 765 1950 ,
779 1914 817 1943 sic
828 1922 921 1943 cuncta
936 1926 1060 1953 geramus
1070 1939 1078 1951 ‚
1097 1924 1126 1945 ut
1141 1927 1192 1946 non
1207 1917 1347 1957 privemur
1358 1916 1543 1953 mercedibus,
1560 1929 1619 1956 quae

50 1964 146 1993 virtuti
162 1971 224 1992 suut
239 1963 401 1992 constitutae.
415 1962 521 1990 Etenim
538 1962 631 1990 multis
644 1962 773 2001 lacrymis
788 1969 826 1990 est
842 1962 956 2002 dignum
970 1986 978 2000 ‚
994 1970 1024 1991 ut
1044 1964 1105 1992 talis
1120 1964 1278 1993 vicissitudo
1290 1964 1475 2004 despiciatur,
1494 1965 1555 1993 talis
1574 1976 1620 1994 re-

51 2011 164 2040 tributio
177 2017 370 2039 contemnatur.
386 2010 463 2038 Sicut
478 2009 622 2037 enimcum
644 2009 842 2047 inquirentibus
856 2008 986 2038 mercedis
1002 2011 1147 2039 retributor
1161 2011 1278 2039 eflicitur
1295 2023 1300 2038 :
1316 2011 1352 2039 ita
1369 2011 1449 2039 etiam
1465 2022 1515 2040 non
1531 2011 1620 2050 inqui-

51 2058 172 2088 rentibus
192 2059 279 2087 Deum
300 2063 407 2085 econtra
432 2056 559 2085 eveniet:
579 2056 845 2093 Quaerite‚i11quit,
868 2063 895 2084 et
917 2058 1077 2086 invenietis.
1100 2058 1243 2092 Quomodo
1266 2064 1355 2086 autem
1380 2058 1511 2087 Dominus
1536 2065 1621 2097 potest

51 2105 188 2135 inveniri?
205 2105 329 2143 lntellige
349 2102 485 2142 quomodo
510 2103 648 2132 invenitur
669 2114 784 2138 aurum,
799 2113 859 2131 cum
880 2104 965 2133 multo
987 2104 1088 2133 labore.
1110 2106 1252 2134 Manibus
1271 2108 1342 2134 meis
1360 2107 1496 2144 quaesivi,
1518 2105 1618 2143 inquit,

53 2160 136 2183 nocte
146 2156 177 2182 in
187 2160 339 2192 conspectu
351 2154 432 2191 ejus,
446 2157 472 2179 et
498 2162 556 2179 non
575 2151 819 2190 smnfraudatus.
838 2151 894 2179 lloc
911 2158 949 2180 est
963 2174 970 2189 ,
988 2152 1057 2180 sicut
1072 2153 1217 2190 quaerimus
1234 2152 1306 2190 qimd
1328 2153 1460 2192 perierat,
1476 2153 1513 2181 sic
1534 2154 1622 2181 Deum
1642 2173 1644 2175 -

53 2201 230 2239 requiramus.
244 2202 337 2229 Nonne
352 2209 413 2228 cum
426 2198 531 2237 aliquid
542 2198 743 2238 perdiderimus
761 2221 768 2234 ,
784 2206 898 2227 mentem
915 2206 1033 2228 nostram
1047 2199 1113 2228 illuc
1127 2200 1332 2228 convertimus?
1346 2210 1433 2229 nonne
1449 2210 1540 2229 omnes
1555 2210 1620 2228 exa-

53 2249 186 2277 minamus
200 2248 213 2276 ¹?
229 2257 331 2283 nonne,
347 2246 368 2275 si
386 2257 453 2286 opus
475 2246 554 2275 fuerit
576 2257 623 2286 per
638 2247 732 2275 itinera
749 2246 827 2284 longa
851 2257 976 2286 pergere,
998 2247 1145 2276 vadimus?
1160 2258 1247 2276 nonne
1270 2247 1395 2287 pecunias
1413 2248 1621 2287 promittimus?

53 2295 138 2326 Verbi
156 2295 240 2334 gratia
253 2317 259 2331 ,
275 2305 343 2334 pone
362 2294 452 2323 filium
466 2294 542 2323 uobis
555 2295 653 2334 perisse
666 2317 673 2330 ,
689 2293 754 2332 quid
770 2305 821 2322 non
836 2295 964 2333 agimus?
978 2305 1058 2333 quam
1068 2302 1165 2324 terram
1176 2318 1184 2333 ,
1200 2295 1271 2335 quod
1285 2306 1357 2324 mare
1369 2306 1419 2324 non
1432 2306 1598 2334 peren-amus
1608 2295 1621 2322 ,⁹

53 2352 141 2371 nonne
150 2348 175 2370 et
189 2341 315 2380 pecunias
329 2350 470 2379 erogamus
483 2362 492 2378 7
509 2347 533 2369 et
553 2347 647 2368 cuncta
671 2346 820 2378 prostremo
843 2340 957 2368 facimus
977 2347 1007 2368 ut
1028 2341 1105 2369 illum
1124 2341 1314 2370 inveniamus?
1337 2342 1370 2369 At
1385 2341 1406 2369 si
1423 2341 1621 2378 invenerimus,

54 2388 235 2424 continemus,
252 2387 461 2426 constringimus
476 2409 483 2423 ,
506 2386 713 2425 amplexamur,
730 2396 780 2414 non
805 2385 1029 2424 derelinquimus.
1050 2387 1085 2415 Et
1108 2387 1262 2425 inquisituri
1285 2387 1373 2415 omnia
1393 2386 1577 2425 negotiamur,
1592 2393 1621 2415 ut

54 2435 222 2465 inveniamus
232 2435 304 2473 quod
318 2436 464 2473 quaerimus
475 2457 483 2470 ,
499 2441 523 2462 et
539 2433 702 2462 invenientes
712 2433 860 2472 plurimum
876 2433 1025 2471 gaudemus
1041 2445 1047 2461 ε
1062 2441 1163 2472 quanto
1174 2434 1260 2473 magis
1271 2444 1334 2473 ergo
1349 2434 1375 2462 in
1390 2433 1551 2462 inveniendo
1564 2434 1621 2462 Deo

54 2482 106 2512 hoc
117 2483 202 2512 facere
216 2482 340 2511 convenit
354 2482 444 2511 ?sicut
457 2492 519 2510 cum
534 2480 637 2518 aliquid
654 2481 864 2509 necessariorum
878 2481 1041 2519 requirimus
1053 2504 1062 2519 ,
1076 2482 1162 2521 magis
1176 2489 1265 2510 autem
1279 2492 1326 2511 nec
1340 2482 1394 2517 sic,
1408 2480 1454 2509 sed
1468 2481 1552 2509 multo
1564 2492 1621 2509 am-

57 2530 136 2569 plius.
159 2530 350 2560 Verumtamen
372 2530 435 2568 quia
457 2528 558 2557 infirmi
581 2538 696 2564 sumus,
713 2529 807 2558 saltem
827 2529 896 2558 sicut
917 2530 1044 2568 pecunias
1066 2537 1124 2558 tuas
1140 2530 1252 2568 inquiris
1274 2530 1315 2559 vel
1339 2528 1429 2558 silium
1442 2552 1449 2564 ,
1467 2529 1503 2557 ita
1518 2529 1622 2567 require

58 2578 153 2607 Deum.
170 2578 221 2606 Pro
243 2577 294 2607 boe
317 2578 343 2606 in
367 2577 462 2606 itinera
479 2577 583 2616 prolixa
606 2587 657 2605 non
681 2587 813 2606 eommeas
826 2577 838 2605 ?
850 2577 935 2616 Rogo,
951 2588 1015 2606 num
1031 2577 1177 2616 aliquando
1191 2588 1239 2617 pro
1255 2577 1304 2606 hac
1325 2587 1404 2606 eausa
1418 2575 1507 2616 aliqua
1527 2576 1621 2605 itinera
