1906 2846
402 178 433 201 {N
463 178 570 201 EPtST.
602 179 645 200 AD
673 179 843 202 HEBRFOS.
874 180 952 203 CAP.
982 181 1042 204 ΧΠ.
1073 181 1190 204 HOMIL.
1221 182 1316 204 xxm.
1603 170 1670 213 405

95 240 138 268 καὶ
158 239 280 278 μερισταὶ
295 239 425 278 γινόμενοι
441 241 485 269 καὶ
500 241 634 275 κοινωνοὶ,
650 241 695 270 καὶ
717 244 764 277 τ’ῆς
787 242 868 278 ἀλλή-
922 243 1001 279 ferre,
1011 242 1168 282 aspicientes
1179 243 1212 271 ad
1225 242 1372 272 mercedem
1386 243 1560 282 propositam.
1573 243 1673 281 Alter,
1688 249 1742 270 (ιίιΙ,
1756 249 1777 270 (ἰ.
1789 256 1812 270 3,

93 287 145 313 λων
160 283 308 324 σωτηρίας,
324 285 370 313 καὶ
389 286 436 319 τῆς
452 285 518 317 ἰδίας
539 284 660 317 ἕκαστος.
676 285 868 324 Ὑπομένωμεν
923 288 1021 327 inquit,
1041 289 1163 318 alterius
1183 299 1273 317 onera
1291 295 1418 328 portate,
1437 295 1463 317 et
1489 291 1531 318 ita
1554 290 1673 328 implete

93 330 178 359 τοίνυν
193 330 239 359 καὶ
252 329 374 369 φέροντές
389 331 421 359 τὰ
437 331 559 365 ἀλλήλων
580 331 665 370 βάρη,
682 331 726 359 καὶ
742 331 867 371 ἕλέγχον-
924 337 1014 376 legem
1027 338 1145 366 Christi.
1161 336 1206 366 Sic
1218 347 1281 375 ergo
1296 343 1321 365 et
1341 336 1575 376 reprehendentes,
1591 344 1616 365 et
1632 337 1671 365 al-

92 389 148 413 τες,
163 376 205 405 ἵνα
218 376 339 415 τύχωμεν
352 378 404 404 τῶν
417 376 621 415 ἐπηγγελμένων
636 380 699 416 ἡμῖν
712 379 828 416 ἀγαθῶν,
842 380 869 407 ἓν
888 384 905 407 C
925 389 964 410 ter
981 383 1096 411 alterum
1112 383 1240 419 ferentes,
1255 393 1398 422 possumus
1416 383 1530 422 implere
1551 383 1670 412 aedifica-

93 424 201 463 Χριστῷ
214 423 302 459 Ἰησοῦ
317 425 354 462 τῷ
371 423 461 463 Κυρίῳ
476 427 563 462 ἡμῶν.
924 429 1024 458 tionem
1044 429 1146 458 Christi
1167 442 1173 457 :
1194 437 1219 458 et
1244 430 1282 458 sic
1301 429 1378 458 nobis
1395 430 1481 459 levem
1504 430 1607 459 facietis
1628 431 1672 460 la-

923 476 1013 505 borem
1024 499 1031 512 ,
1049 476 1127 505 nobis
1146 487 1223 516 opem
1241 477 1353 506 serentes
1368 477 1394 505 in
1418 477 1559 513 omnihus,
1572 484 1597 506 et
1616 489 1672 507 ma-

923 532 987 550 num
1001 521 1163 561 praebentes,
1175 521 1263 550 effecti
1279 521 1423 561 participes
1436 528 1462 550 et
1479 522 1554 557 socii,
1568 529 1593 550 et
1606 523 1673 551 alter

921 569 1032 597 alterius
1050 568 1144 597 salutis
1159 575 1184 597 et
1200 579 1253 597 suae
1275 568 1466 607 unusquisque.
1485 569 1672 598 Sustineanius

922 625 985 653 ergo
1007 622 1033 643 et
1055 615 1123 644 alter
1144 614 1256 643 alterius
1276 625 1354 643 onera
1377 621 1520 653 gestantes,
1542 622 1567 643 et
1590 626 1672 654 argu—

922 668 994 690 entes
1013 673 1018 688 2
1042 668 1071 689 ut
1092 672 1267 699 assequamur
1291 661 1361 690 bona
1383 661 1460 690 nobis
1476 661 1607 701 promissa
1619 685 1626 698 ‚
1645 662 1671 690 iu

923 708 1031 736 Christo
1046 709 1109 737 Jesu
1124 708 1242 736 Domino
1255 715 1358 744 nostro,
1375 719 1435 737 cum
1450 719 1504 747 quo
1521 709 1595 738 Patri
1612 709 1670 748 glo-

921 755 972 791 ria,
987 765 1039 784 una
1055 765 1117 784 cum
1132 762 1221 784 sancto
1234 755 1338 794 Spiritu
1355 762 1404 784 etc.

515 856 692 885 MUTIANO
715 856 972 885 SCHOLASTICO
995 855 1250 886 INTERPRETE.

84 933 133 973 pit,
149 934 181 964 ad
194 934 267 963 illius
277 934 323 973 qui
337 934 485 975 corripitur
496 935 641 964 utilitatem
653 943 678 964 et
692 936 804 964 tolerare
812 936 891 964 debet
900 943 924 964 et
934 936 1029 973 facere,
1041 936 1184 976 respiciens
1195 936 1230 965 ad
1240 936 1403 971 mercedem,
1412 947 1470 975 quae
1482 937 1528 965 tati
1538 936 1669 966 voluntati

85 981 199 1021 reposita
211 989 372 1012 reservatur.
387 984 527 1018 Invicem,
541 983 639 1021 inquit,
651 994 741 1012 onera
751 990 852 1012 vestra
859 990 984 1022 portate,
997 990 1024 1012 et
1036 985 1078 1011 sic
1086 984 1286 1022 adimplebitis
1296 984 1385 1023 legem
1398 984 1518 1012 Christi.
1529 983 1574 1013 Sic
1584 983 1667 1022 igitur

84 1035 109 1057 et
120 1029 293 1069 corripientes
304 1029 418 1059 invicem
434 1036 458 1058 et
468 1030 611 1058 tolerantes
623 1029 845 1066 ‚aedificationem
856 1037 979 1058 mutuam
993 1030 1139 1069 poterimus
1155 1030 1265 1069 implere
1279 1042 1285 1056 z
1298 1037 1323 1058 et
1341 1030 1419 1058 nobis
1434 1030 1554 1059 laborem
1567 1030 1669 1059 facietis

84 1075 222 1110 leviorem,
237 1076 264 1104 in
279 1076 405 1105 omnibus
416 1087 464 1105 nos
475 1075 637 1115 adjuvantes
650 1082 675 1104 et
688 1075 829 1104 dexteram
851 1076 1019 1115 porrigentes
1031 1099 1037 1113 ,
1053 1082 1079 1104 et
1094 1075 1238 1115 participes
1249 1075 1403 1104 efficiemini
1415 1083 1439 1104 et
1452 1076 1516 1104 socii
1530 1083 1555 1105 et
1568 1083 1669 1105 mutuae

85 1123 178 1155 salutis
190 1130 215 1152 et
227 1123 353 1163 propriae.
365 1124 552 1153 Sustineamus
566 1123 650 1163 igitur
663 1130 754 1152 mutua
769 1123 886 1164 pondera
899 1131 1034 1163 portantes
1057 1123 1174 1152 invicem
1186 1130 1211 1152 et
1223 1123 1410 1163 corripientes,
1428 1131 1457 1152 ut
1478 1124 1663 1163 adipiscamur

85 1170 155 1198 hona
167 1182 226 1209 qum
238 1171 369 1210 promissa
384 1178 455 1206 sunt,
471 1171 498 1199 in
512 1171 620 1200 Christo
632 1172 696 1201 Jesu
708 1171 825 1200 Domino
842 1178 942 1210 nostro,
956 1182 1019 1200 cum
1032 1181 1085 1210 quo
1100 1171 1174 1200 Patri
1191 1181 1244 1200 una
1260 1181 1322 1199 cum
1336 1178 1427 1199 sancto
1441 1171 1544 1210 Spiritu
1563 1172 1662 1211 gloria,

88 1227 158 1244 nunc
172 1223 197 1246 ct
213 1228 328 1256 semper,
343 1224 369 1246 et
382 1218 410 1246 in
422 1218 520 1247 saecula
536 1218 706 1247 saeculorum.
729 1219 821 1247 Amen.

369 1388 504 1417 otttAtA
527 1388 578 1418 λα’.
1153 1389 1305 1418 HOMILIA
1328 1388 1433 1418 XXXI.

86 1481 202 1521 Εἰρήνην
218 1485 227 1497 ³
239 1481 347 1510 διώκετε
360 1481 427 1519 μετὰ
440 1481 546 1510 πάντων
565 1481 610 1509 καὶ
625 1481 668 1510 τὸν
680 1481 820 1520 ἁγιασμὸν,
833 1478 861 1511 οὗ
879 1487 897 1508 D
916 1484 983 1512 Cap.
1000 1483 1062 1512 XII.
1078 1494 1104 1513 v.
1121 1485 1168 1513 14.
1185 1485 1296 1512 Pacem
1314 1485 1471 1523 sequimini
1488 1494 1553 1512 cum
1569 1486 1664 1512 omni-

237 1527 319 1566 χωρὶς
334 1527 417 1560 οὐδεὶς
435 1527 527 1566 ὄψεται
544 1527 588 1555 τὸν
602 1526 699 1566 Κύριον
957 1531 1008 1558 bus
1023 1536 1050 1558 et
1068 1532 1314 1565 sanctimoniam,
1332 1532 1395 1559 sine
1407 1540 1467 1570 qua
1481 1541 1564 1559 nemo
1580 1531 1663 1558 vide-

956 1578 996 1605 bit
1011 1578 1182 1606 Dominam.

124 1673 218 1702 Πολλὰ
234 1672 281 1711 μέν
298 1675 353 1702 ἐστι
367 1672 400 1701 τὰ
415 1672 645 1712 χαρακτηρίζοντα
656 1672 699 1701 τὸν
712 1684 861 1712 spica-mu-
957 1670 983 1698 1,
1008 1669 1096 1697 Multa
1120 1669 1230 1707 quidem
1245 1676 1308 1698 sunt
1329 1681 1389 1708 quae
1409 1670 1565 1710 exprimunt
1581 1670 1663 1698 Chri-

84 1719 161 1757 σμὸν,
175 1720 275 1758 μᾶλλον
289 1719 315 1748 δὲ
328 1718 432 1748 πάντων
444 1719 490 1747 καὶ
503 1723 622 1757 κρεῖττον
633 1718 756 1747 ἁπάντων
770 1722 785 1753 ἦ
798 1720 862 1758 πρὸς
913 1716 1084 1744 stianismum
1099 1728 1104 1743 ε
1123 1716 1208 1754 magis
1219 1723 1309 1744 autem
1318 1727 1399 1754 quam
1411 1717 1513 1755 omnia,
1528 1724 1553 1745 et
1566 1717 1663 1745 melius

86 1765 215 1800 ἀλλήλους
230 1765 321 1804 ἀγάπη
337 1765 382 1794 καὶ
400 1767 416 1799 ἡ
435 1765 536 1804 εἰρήνη.
552 1765 603 1793 Διὰ
617 1768 693 1793 τοῦτο
708 1765 753 1793 καὶ
768 1767 781 1793 ὁ
793 1765 860 1803 Χρι-
915 1769 1007 1790 mutua
1023 1763 1092 1790 inter
1107 1773 1133 1790 se
1142 1762 1251 1790 dilectio
1267 1770 1290 1790 et
1300 1773 1363 1801 pax.
1379 1763 1442 1792 Ideo
1452 1763 1578 1792 Christus
1593 1774 1658 1801 quo-

84 1812 144 1845 στός
158 1824 251 1851 φησιν·
267 1812 383 1851 Εἰρήνην
398 1812 444 1846 τὴν
461 1811 527 1849 ἐμὴν
546 1811 642 1849 δίδωμι
654 1813 715 1849 ὑμῖν
726 1823 732 1828 ·
749 1811 794 1839 καὶ
809 1811 860 1840 πά-
913 1820 964 1848 que
978 1808 1046 1837 dicit
1062 1822 1068 1836 :
1086 1809 1195 1836 Pacem
1210 1818 1305 1836 meam
1328 1809 1365 1836 [Io
1387 1810 1489 1842 vobis;
1504 1815 1529 1837 et
1544 1820 1637 1838 rursus
1650 1831 1659 1847 ,
1675 1818 1747 1837 ,lnam
1778 1817 1816 1851 34,

84 1859 135 1894 λιν,
151 1858 196 1887 Ἐν
212 1858 297 1897 τούτῳ
312 1857 458 1897 γνώσονται
473 1858 583 1893 πάντες,
604 1858 645 1886 ὅτι
661 1858 719 1895 ἐμοὶ
741 1857 860 1895 μαθηταί
912 1858 949 1884 ln
965 1857 1018 1884 ltoc
1031 1857 1123 1883 scient
1139 1864 1238 1882 omnes
1251 1855 1331 1893 quod
1348 1855 1485 1893 discipali
1499 1857 1556 1883 mei
1570 1858 1657 1893 estis,
1674 1855 1712 1900 ξὲ
1728 1853 1749 1869 “¹
1765 1849 1801 1871 ¹³·

85 1905 142 1932 ἐστε
152 1927 159 1939 ,
171 1903 216 1932 ἐὰν
230 1905 350 1942 ἀγαπᾶτε
365 1903 502 1938 ἀλλήλους,
518 1903 569 1931 Διὰ
580 1908 656 1932 τοῦτο
668 1904 713 1932 καὶ
727 1906 741 1932 ὁ
753 1905 859 1935 Παῦλος
911 1905 937 1931 si
950 1903 1110 1931 dilexeritis
1123 1902 1258 1930 invicem.
1276 1900 1339 1928 Ideo
1357 1900 1457 1929 Paulus
1476 1901 1556 1929 etiam
1573 1901 1639 1929 dicit
1653 1913 1658 1928 ε

82 1953 126 1978 νῦν
142 1962 237 1989 φησιν·
255 1949 369 1988 Εἰρήνην
392 1948 500 1978 διώκετε
524 1949 593 1987 μετὰ
615 1949 721 1978 πάντων
746 1949 792 1978 καὶ
814 1950 858 1978 τὸν
913 1949 1022 1977 Pacem
1045 1949 1202 1986 sequimini
1218 1957 1284 1975 cum
1308 1947 1443 1975 omnibus
1460 1953 1487 1976 et
1513 1950 1658 1976 sanctita-

116 2049 126 2060 ’ἱ
145 2042 175 2066 Iu
188 2040 253 2065 hauc
263 2040 393 2065 homiliam
407 2047 431 2065 et
445 2042 469 2065 iu
482 2047 627 2074 sequentem
640 2040 746 2065 alterum
758 2039 933 2065 Colbertinum
945 2038 1076 2064 habemus.

504 2135 680 2164 MUTIANO
702 2134 961 2164 SCHOLASTICO
983 2132 1239 2162 INTERPRETE.

124 2223 231 2251 Pacem
245 2224 400 2251 sectamini
412 2233 477 2251 cum
490 2224 623 2251 omnibns
635 2229 661 2251 et
673 2224 904 2252 sanctimoniam
919 2245 925 2257 ‚
941 2223 1004 2250 sine
1016 2232 1075 2260 qna
1092 2231 1175 2249 nemo
1197 2221 1309 2250 videbit
1324 2223 1418 2250 Dcnm
1433 2233 1440 2248 .-
1455 2223 1656 2262 contemplan-

82 2278 123 2300 tes
135 2282 171 2300 ne
182 2272 246 2310 quis
259 2271 332 2299 desit
346 2273 449 2310 gratioe
459 2272 533 2301 Dei:
547 2282 582 2300 ne
595 2282 654 2310 qua
666 2272 754 2300 mdia·
768 2271 977 2300 amaritudinis
987 2281 1100 2300 sursum
1114 2272 1285 2309 germinans
1294 2271 1434 2308 impediat
1443 2293 1451 2306 ,
1467 2277 1493 2299 et
1506 2282 1558 2310 per
1571 2273 1655 2301 illam

80 2320 272 2357 inquinentur
286 2319 391 2347 malti:
410 2329 445 2347 ne
458 2318 716 2357 qitissornicatoi·‚
729 2325 780 2347 aut
801 2319 946 2358 profanus
957 2340 964 2353 ‚
987 2324 1018 2346 ut
1034 2318 1118 2346 Esaii
1129 2340 1137 2351 ,
1153 2320 1203 2356 qni
1219 2324 1338 2355 propter
1352 2327 1442 2345 unam
1462 2328 1559 2347 escam
1576 2330 1653 2348 ven-

80 2366 155 2394 didit
167 2367 319 2405 primitiva
333 2377 396 2395 sua.
409 2367 517 2395 Scitote
527 2368 604 2395 enim
618 2368 757 2406 quoniam
771 2372 798 2395 ct
809 2372 911 2405 postea
926 2368 1045 2405 cupiens
1066 2365 1229 2394 hereditare
1245 2366 1492 2401 benedictionem,
1512 2369 1654 2405 reproba-

81 2420 126 2443 tus
147 2421 189 2443 est
206 2426 215 2442 :
232 2425 291 2443 non
307 2417 385 2443 enim
397 2417 511 2444 invenit
532 2417 711 2454 poenitentioe
734 2415 844 2451 locum,
864 2416 998 2454 quamvis
1013 2425 1078 2443 cum
1093 2414 1236 2450 laccrmis
1249 2415 1416 2452 inquisisset
1437 2425 1512 2443 eam.
1530 2415 1653 2444 Plurima

80 2461 190 2500 quidem
202 2469 275 2497 sunt,
293 2473 353 2500 quae
364 2462 479 2491 sormam
496 2461 737 2500 discretionemque
749 2461 962 2490 Christianitatis
981 2461 1141 2499 ostendunt3
1159 2459 1203 2488 sed
1216 2460 1277 2499 plus
1292 2459 1419 2488 omnibus
1433 2471 1463 2489 ac
1478 2461 1575 2490 melius
1590 2473 1654 2491 mu-

81 2516 132 2538 tuae
146 2510 264 2539 caritatis
278 2510 390 2539 affectus
404 2518 429 2539 et
441 2521 511 2550 pax,
524 2521 584 2548 quzc
599 2510 741 2539 hominum
755 2509 835 2539 corda
857 2510 1002 2539 consociat.
1027 2512 1172 2549 Propterea
1193 2507 1273 2536 etiam
1296 2507 1421 2536 Christus
1433 2508 1504 2538 dixit
1520 2521 1526 2536 :
1543 2511 1654 2538 Pacem

82 2566 175 2584 meam
190 2557 227 2585 do
238 2559 341 2592 vobis;
357 2558 490 2586 etiterum
502 2580 509 2594 ‚
522 2559 560 2587 In
582 2558 636 2586 hoc
649 2564 819 2597 cognoscent
831 2568 931 2586 omnes
945 2560 1016 2597 quia
1026 2559 1083 2586 mei
1097 2559 1165 2585 estis
1180 2556 1316 2594 discipuli
1325 2578 1334 2593 ‚
1351 2557 1377 2584 si
1389 2556 1551 2585 dz'leoeeritis
1570 2559 1650 2585 invi—

82 2613 151 2632 cem.
166 2603 310 2644 Propterea
320 2604 401 2634 etiam
417 2604 518 2634 Paulus
530 2605 668 2645 apostolus
683 2617 688 2633 ι
707 2606 832 2642 Pacem,
849 2604 954 2644 inquit,
970 2605 1125 2634 sectamini
1136 2614 1200 2632 cum
1215 2604 1348 2632 erunibus
1364 2609 1391 2632 et
1401 2605 1631 2633 sanctimoniam
1642 2627 1651 2644 ,
