1906 2846
108 974 190 995 Jlatrli.
209 974 230 994 S.

105 1011 143 1027 20.

107 1572 246 1600 .1i!.1r.29.

261 212 328 246 362

259 285 342 313 oratio
363 296 367 310 :
385 284 418 311 dc
441 282 487 309 illo
503 281 574 308 enim
596 280 639 307 hic
658 279 939 314 dicit,circuierunt
965 280 996 306 ιίι

259 331 371 358 melotis
381 351 388 362 ,
400 335 423 355 et
436 327 461 355 in
471 337 530 354 cum
545 325 670 353 desinunt
681 324 766 363 ipsius
773 323 895 362 exempla
909 323 996 361 :quod

259 384 312 405 crat
342 375 472 403 familiare
495 373 552 401 istis
576 379 601 400 ct
623 372 770 411 proprium.
791 370 826 399 Et
843 371 997 399 memoratis

258 421 383 460 apostolis
394 418 465 457 quod
483 419 508 446 in
533 418 664 446 occisione
687 416 770 455 gladii
798 416 851 444 sint
876 416 975 445 mortui
989 439 996 451 ‚

257 465 330 504 quod
354 464 480 504 lapidati,
498 463 617 492 ascendit
645 472 738 491 rursus
763 462 796 490 ad
820 461 909 490 Eliam
926 484 935 499 ,
952 462 997 500 qui

257 512 347 540 cadem
369 522 428 549 quae
454 510 504 549 ipsi
529 520 621 549 passus
642 516 689 538 est.
711 510 780 538 Nam
794 509 921 547 quoniam
943 516 998 537 erat

259 557 405 586 verisimile
418 567 462 586 cos
471 556 504 584 de
518 555 644 594 apostolis
657 555 777 583 nondum
789 561 889 583 tantam
901 565 998 584 conce-

257 605 326 643 pisse
344 603 512 643 opinionem,
528 602 562 629 ab
576 611 606 630 eo
622 601 669 639 qui
687 601 737 629 suit
761 608 894 629 assumtus
907 623 914 635 ‚
929 607 954 629 et
970 600 997 629 in

257 650 374 678 maxima
385 648 492 677 habitus
504 654 542 675 est
558 646 750 683 admiratione,
769 647 846 675 affert
868 646 997 675 exhorta-

257 696 355 724 tionem
378 702 402 723 et
418 693 634 722 consolationem.
655 693 840 721 circuierunt
852 692 922 721 enim
932 715 940 727 ,
955 692 996 721 in-

257 741 324 778 quit,
336 743 365 768 in
379 740 501 772 melotis,
514 741 545 766 in
559 739 685 776 pellibus
705 740 832 776 caprinis
842 760 850 775 ‚
865 744 996 776 egentes,

258 787 435 824 angustiati,
459 784 566 823 afflicti
581 797 588 811 :
611 786 714 823 quihus
734 785 840 823 dignus
861 793 919 811 non
936 790 998 812 erat

260 832 394 860 mundus.
426 832 466 859 Ne
490 837 588 858 vestem
600 829 719 868 quidem,
742 829 844 867 inquit,
867 829 1000 858 habebant

259 886 368 918 propter
382 889 514 907 summam
525 878 708 914 afflictionem,
719 888 771 906 non
784 877 920 906 civitatem
928 899 936 913 ,
947 887 999 905 non

259 925 370 953 domum
384 947 391 960 ‚
416 935 468 952 non
488 924 672 952 habitaculum
691 935 696 951 :
713 923 764 951 hoc
787 922 860 961 quod
877 922 1000 951 Christus

259 971 383 1007 dicebat,
397 970 492 998 Filius
515 976 612 998 autem
635 970 762 998 hominis
775 979 834 997 non
850 969 937 997 habet
951 969 1001 996 ubi
1017 967 1036 989 D

259 1024 347 1054 caput
365 1017 496 1045 reclinet.
513 1015 588 1054 Quid
607 1015 668 1044 dico
685 1038 692 1051 ‚
716 1025 769 1044 non
784 1014 971 1043 babitaculum
986 1014 1000 1042 Ξ)

259 1074 290 1091 ne
303 1063 443 1091 stationem
457 1061 566 1100 quidem
584 1073 589 1088 :
605 1071 667 1089 nam
683 1071 767 1099 neque
788 1071 850 1089 cum
865 1060 999 1089 venissent

258 1109 283 1137 in
299 1108 480 1143 solitudinem,
492 1107 607 1145 quietem
622 1107 735 1145 agebant
748 1118 753 1133 :
768 1117 821 1134 non
834 1105 905 1134 enim
917 1106 994 1139 dicit,

258 1154 391 1183 Sedebant
414 1153 440 1181 in
456 1152 599 1181 solitudine
610 1175 617 1188 ‚
631 1151 678 1180 sed
701 1159 728 1180 et
747 1162 808 1180 cum
824 1151 880 1180 illic
895 1158 979 1179 essent
989 1174 996 1187 ,

258 1200 396 1238 fugiebant
409 1205 435 1227 et
460 1198 535 1226 illinc
556 1197 772 1237 expellebantur,
787 1207 839 1225 non
862 1196 948 1225 solum
963 1207 997 1225 ex

262 1253 329 1274 terra
344 1244 473 1279 habitata,
490 1244 537 1272 sed
556 1243 635 1272 etiam
657 1254 690 1271 ex
710 1242 891 1271 inhabitabili.
916 1242 951 1270 Et
970 1243 997 1271 in

261 1291 416 1320 memoriam
430 1290 468 1318 eis
481 1297 587 1318 revocat
600 1291 658 1318 loca
669 1291 695 1318 in
709 1290 808 1328 quibus
823 1289 957 1325 sederunt,
973 1296 999 1318 et

262 1347 302 1365 res
315 1347 372 1375 quae
385 1336 441 1364 illic
451 1336 526 1364 facim
539 1342 600 1364 sunt
613 1347 619 1362 :
631 1337 767 1374 Egeram,
780 1335 896 1376 afflicti.
911 1335 996 1363 Dein-

260 1382 294 1410 de
308 1392 367 1416 vos,
380 1381 478 1419 inquit,
491 1388 614 1409 accusant
629 1388 737 1420 propter
752 1380 898 1414 Christum,
912 1387 936 1408 et
946 1380 996 1408 hoc
1006 1396 1042 1414 255

261 1427 401 1467 patrabant
416 1434 505 1455 contra
521 1426 609 1454 Eliam
625 1437 631 1453 :
646 1426 713 1464 quid
737 1426 870 1454 habebant
894 1425 928 1454 de
944 1437 995 1463 quo
1015 1424 1034 1445 Α

260 1484 320 1502 enm
332 1479 495 1507 accusarent,
504 1483 552 1500 eur
561 1472 731 1511 expellerent,
740 1478 958 1510 persequerentur
972 1478 996 1500 et

259 1531 321 1548 cum
336 1521 404 1548 fame
418 1519 563 1548 conflictari
583 1519 730 1557 cogerent}³
747 1518 829 1553 Quod
848 1518 877 1546 hi
892 1529 997 1556 quoque

261 1573 323 1594 tnnc
337 1565 523 1605 patiebantur:
541 1572 677 1604 propterea
691 1564 755 1592 alibi
766 1564 888 1599 dicebat,
903 1565 998 1593 Decre-

262 1618 370 1647 rerunt‚
395 1610 481 1649 inquit
494 1633 502 1647 ‚
527 1610 631 1639 mittere
654 1610 692 1638 eis
716 1609 762 1647 qui
787 1609 945 1648 affliguntur
965 1620 999 1638 ex

295 1702 305 1711 ⁸
327 1700 375 1734 [In
387 1702 415 1724 Α.
427 1701 454 1724 Β.
470 1706 493 1724 et
505 1699 625 1724 Commel.
640 1699 731 1723 absunt
742 1699 803 1730 haec,
816 1701 864 1725 053³:
877 1702 931 1726 αὐτὸ
943 1712 1015 1725 κατα-

262 1744 338 1769 )ιπων,
347 1748 401 1771 quse
414 1738 488 1763 etiam
498 1744 565 1762 xetus
577 1739 748 1770 recentiorque
758 1739 868 1770 Interpr.
882 1738 1013 1767 omittunt,

262 1784 337 1803 recte.
361 1777 412 1803 Sed
432 1778 546 1807 proxima
574 1785 672 1809 quoque
695 1781 751 1812 ὅπερ
783 1781 861 1803 οἰκεῖον
884 1781 958 1807 αὐτοῖς
981 1782 1014 1809 ἦν,

263 1817 355 1842 habent
368 1816 461 1849 aliquid
477 1815 640 1841 incommodi.
649 1815 754 1841 Videtur
766 1816 860 1849 aliquid
873 1816 1014 1850 excidisse]

593 220 620 242 S.
649 219 787 241 JOANNJS
814 217 995 240 cuni'sosT.
1026 206 1180 241 ARCHIEl‘.
1209 218 1477 242 CONSTANTiNOP.

1049 281 1160 307 ἐνταῦθα
1175 280 1204 308 τὸ
1215 302 1222 315 ,
1244 280 1391 319 Περιῆλθον
1409 282 1434 308 ἐν
1452 282 1601 318 μηλωταῖς,
1617 283 1660 310 καὶ
1683 285 1717 315 εἰς
1740 283 1815 311 αὐτὸν

1051 326 1122 364 αὐτῷ
1137 326 1246 364 τελευτᾷ
1264 325 1297 354 τὰ
1313 325 1495 364 ὑποδείγματα
1508 327 1602 363 Voti&
1625 329 1687 357 αὐτὸ
1707 331 1816 357 καταλι-

1050 370 1119 408 πών]
1127 383 1133 388 ·
1148 372 1212 410 ὅπερ
1225 374 1317 400 οἰκεῖον
1330 373 1415 405 αὐτοῖς
1428 368 1468 407 ἦν.
1482 372 1532 400 Καὶ
1543 372 1623 401 εἰπὼν
1635 373 1668 401 τὰ
1679 374 1746 402 κατὰ
1758 374 1817 406 τοὺς

1051 417 1225 453 ἀποστόλους,
1240 418 1279 446 ὅτι
1292 420 1317 447 ἐν
1332 418 1402 458 φόνῳ
1417 419 1552 457 μαχαίρας
1562 419 1700 455 ἀπέθανον,
1711 419 1751 448 ὅτι
1765 421 1817 448 ἔλι·

1052 462 1195 499 θέο-θησαν,
1207 464 1290 492 ἄνεισι
1310 464 1389 492 πάλιν
1405 465 1447 493 ἐπὶ
1467 465 1511 494 τὸν
1526 464 1630 501 Ἠλίαν,
1644 465 1687 493 τὸν
1703 464 1736 493 τὰ
1751 465 1817 494 αὐτὰ

1052 509 1168 537 παθόντα
1179 509 1287 542 τούτοις.
1299 509 1410 545 Ἐπειδὴ
1423 509 1474 548 γὰρ
1488 511 1556 543 εἰκὸς
1569 506 1601 545 ἦν
1613 509 1704 543 αὐτοὺς
1715 511 1817 540 οὐδέπω

1052 555 1112 593 περὶ
1133 557 1184 583 τῶν
1206 555 1360 584 ἀποστόλων
1376 554 1450 588 δόξαν
1466 556 1536 594 ἔχειν
1552 556 1693 592 τοσαύτην,
1707 556 1816 586 ἀπὸτοῦ

1051 600 1255 639 ἀναληφθέντος,
1273 601 1316 629 καὶ
1329 601 1445 638 μάλιστα
1459 602 1666 639 θαυμασθέντος,
1686 602 1757 640 φέρει
1768 601 1815 636 τὴν

1051 646 1217 685 παράκλησιν
1241 646 1285 674 καὶ
1304 646 1352 680 τὴν
1366 646 1545 685 παραμυθίαν.
1561 648 1727 686 ἑ’Περιῖἶ-,λθον
1750 647 1816 686 γὰρ,

1052 691 1139 730 φησιν,
1152 694 1178 721 ἐν
1190 693 1339 729 μηλωταῖς,
1352 693 1377 720 ἐν
1390 692 1494 730 αἰγείοις
1505 692 1642 731 δέρμασιν,
1655 692 1816 732 ὑστερούμε-

1051 749 1103 772 νοι,
1122 738 1286 776 Θλιέόμενοι,
1309 738 1531 777 κακουχούμενοι·
1552 735 1588 767 ὧν
1603 740 1649 768 οὐκ
1664 735 1696 774 ἦν
1715 739 1784 773 ἄξιος
1803 742 1817 768 ὁ

1052 783 1149 821 κόσμος
1163 780 1244 817 οὗτος.
1267 784 1335 813 Οὐδὲ
1354 784 1458 822 ἱμάτιον
1479 780 1558 823 εἶχον,
1582 785 1656 824 φησὶ,
1673 785 1816 824 περιῧαλέ-

1053 833 1113 858 σθαι
1126 831 1158 868 τῇ
1171 830 1303 868 ὑπερὸολῇ
1315 831 1366 858 τῶν
1380 830 1500 868 θλίψεων,
1516 832 1544 859 οὐ
1559 830 1645 867 πόλιν,
1661 834 1708 859 οὐκ
1722 830 1817 866 οἰκίαν,

1053 877 1081 904 οὖ
1096 875 1260 914 καταγώγιον
1271 887 1276 893 ”
1289 878 1364 903 τοῦτο
1373 898 1380 911 ,
1398 875 1463 913 ὅπερ
1475 878 1488 904 ὃ
1500 876 1614 914 Χριστὸς
1625 876 1723 914 ἔλεγεν,
1741 875 1775 905 ‘O
1789 877 1817 905 δὲ

1053 922 1116 954 Υἱὸς
1128 925 1172 950 τοῦ
1188 920 1326 961 ἀνθρώπου
1342 922 1387 950 οὐκ
1402 921 1457 959 ἔχει
1473 923 1523 950 ποῦ
1537 921 1585 956 τὴν
1598 921 1714 960 κεφαλὴν
1729 921 1817 961 κλίνῃ.

1054 968 1090 996 Τι’
1103 967 1173 1006 λέγω
1185 990 1192 1003 ,
1208 969 1236 996 οὔ
1251 966 1433 1006 καταγώγιον;
1448 969 1476 995 οὖ
1491 967 1597 996 στάσιν·
1619 967 1678 996 οὐδὲ
1697 967 1749 1006 γὰρ
1769 967 1818 1003 τὴν

1053 1014 1149 1053 ἔρημον
1166 1013 1374 1048 καταλαὸόντες,
1397 1013 1509 1052 ἡσυχίαν
1525 1009 1604 1052 ἦγον·
1619 1015 1648 1042 οὐ
1669 1013 1720 1054 γὰρ
1735 1009 1817 1050 εἶπεν,

1052 1061 1079 1088 ἐν
1093 1060 1185 1099 ἐρήμῳ
1197 1060 1338 1094 ἐκάθηντο,
1352 1059 1418 1088 ἀλλὰ
1434 1060 1479 1088 καὶ
1494 1061 1548 1088 ἐκεῖ
1562 1059 1633 1092 ὄντες
1646 1058 1753 1098 ἔφευγον
1772 1060 1816 1088 καὶ

1052 1107 1148 1134 ἐκεῖθεν
1160 1105 1302 1140 ἠλαύνοντο
1310 1127 1317 1140 ,
1328 1107 1373 1133 οὐκ
1385 1105 1414 1132 ἐκ
1425 1107 1472 1139 τῆς
1485 1105 1638 1142 οἰκουμένης
1649 1104 1737 1142 μόνον,
1749 1105 1817 1134 ἀλλὰ

1051 1151 1096 1179 καὶ
1109 1152 1138 1179 ε’κ
1149 1153 1194 1185 τῆς
1206 1146 1339 1185 ἀοικήτου.
1354 1150 1407 1179 Καὶ
1420 1150 1616 1188 ἀναμιμνήσκει
1627 1150 1714 1179 τόπων
1725 1150 1817 1183 αὐτοὺς

1051 1198 1110 1226 ἔνθα
1135 1196 1262 1231 ἐκάθηντο
1273 1218 1280 1231 ,
1313 1196 1357 1224 καὶ
1381 1196 1546 1234 πραγμάτιον
1576 1198 1630 1224 ἐκεῖ
1655 1195 1815 1233 γενομένων·

1051 1242 1266 1281 (Υστερούμενοι,
1283 1242 1440 1279 θλιέόμενοι.
1461 1237 1566 1276 1Ἰῆται,
1582 1243 1669 1280 φησὶν,
1682 1243 1744 1278 ὑμῖν
1763 1242 1818 1269 ἔνε-

1051 1289 1145 1317 κοίλουν
1159 1288 1201 1316 διὰ
1212 1288 1254 1316 τὸν
1270 1287 1395 1325 Χριστὸν,
1409 1286 1454 1314 καὶ
1465 1289 1549 1315 ταῦτα
1562 1286 1663 1315 ἐποίουν
1671 1288 1709 1325 τῷ
1722 1285 1816 1325 Ἠλίου

1051 1334 1075 1362 τί
1089 1333 1192 1372 ἔχοντες
1209 1333 1338 1370 ἐγκαλεῖν,
1358 1331 1469 1366 ἤλαυνον
1485 1331 1560 1360 αὐτὸν
1580 1332 1625 1360 καὶ
1638 1331 1755 1367 ἐδίωκον,
1771 1332 1816 1361 καὶ

1051 1381 1122 1417 λιμῷ
1143 1378 1265 1407 παλαίειν
1285 1377 1446 1416 ἧνοίγκαζον;
1469 1379 1582 1415 [Ταῦτα
1603 1377 1722 1410 διέξεισιν
1738 1378 1766 1417 ἃ]
1779 1377 1817 1407 “O

1052 1425 1096 1452 καὶ
1111 1421 1181 1452 οἷτοι
1196 1423 1254 1452 τότε
1270 1423 1385 1461 ἔπασχον
1398 1435 1403 1440 ·
1422 1423 1464 1452 διὰ
1486 1426 1562 1452 τοῦτο
1576 1423 1662 1462 ἔλεγεν
1684 1424 1817 1463 ἀλλαχοῦ,

1051 1469 1178 1508 Ἔκριναν
1195 1471 1255 1507 γοῦν
1277 1468 1382 1507 πέμψαι
1407 1470 1431 1497 οἱ
1453 1469 1559 1508 ἀδελφοὶ
1580 1473 1634 1501 τοῖς
1655 1469 1818 1508 θλιὸομένοις

1052 1517 1103 1544 τῶν
1129 1517 1262 1553 μαθητῶν.
1281 1514 1397 1547 ὃΚαθὼς
1416 1514 1467 1553 γὰρ
1481 1515 1622 1554 ηὖπορεῖτό
1641 1527 1694 1551 τις,
1719 1515 1818 1554 ὥρισαν

1053 1562 1162 1594 ἕκαστος
1176 1563 1260 1590 αὐτῶν
1274 1564 1311 1594 εἷς
1323 1561 1455 1590 διακονίαν
1468 1561 1571 1600 πέμψαι
1586 1565 1640 1594 τοῖς
1653 1565 1817 1591 κατοικοῦσιν

1053 1611 1079 1638 ἐν
1094 1610 1126 1646 τῇ
1139 1608 1255 1648 Ἰουδαίᾳ
1267 1609 1395 1647 ἀδελφοῖς.
1407 1607 1458 1645 [⁰0
1475 1608 1520 1636 καὶ
1531 1607 1629 1637 τούτων
1642 1603 1701 1646 ἦν]
1714 1609 1819 1637 Κακου-

1097 1706 1107 1718 ⁸
1125 1697 1198 1723 Colb.
1211 1697 1252 1722 hic
1271 1697 1400 1722 homiliam
1416 1698 1514 1730 incipit..

1097 1739 1110 1757 b
1128 1737 1246 1771 [Savilius
1265 1742 1330 1765 ἔστω,
1343 1742 1448 1771 ἵησιν...-
1458 1742 1552 1764 {moion-1·
1566 1745 1598 1770 τῷ
1606 1736 1664 1771 ἁλία
1676 1743 1698 1763 τί
1711 1742 1746 1770 ἔχ.
1761 1738 1820 1762 Mox

1065 1778 1096 1802 A.
1110 1778 1137 1801 B.
1161 1777 1259 1801 Corum.
1283 1783 1308 1800 et.
1328 1783 1432 1808 uterque
1452 1778 1578 1809 Interpres
1594 1781 1736 1809 ἠνάγκαζονς
1754 1781 1766 1803 ὃ
1783 1781 1820 1803 καὶ

1066 1817 1127 1843 οὗτοι
1136 1822 1188 1842 τότε
1198 1820 1304 1849 ἔπασχον,
1315 1815 1383 1849 quod
1394 1816 1569 1848 praetulimus]

1099 1863 1110 1874 ε
1126 1856 1198 1887 [Quae
1209 1861 1346 1887 sequuntur
1363 1854 1455 1880 biblica
1468 1854 1544 1881 verba
1559 1854 1622 1882 nihil
1639 1855 1687 1880 nisi
1706 1854 1819 1879 inutilem

683 1927 856 1956 MUTIANO
878 1927 1129 1957 SCHOLASTICO
1150 1926 1400 1956 INTERPRETE.

261 2012 411 2052 proprium.
427 2011 462 2040 Et
474 2022 536 2040 cum
547 2011 658 2040 dixisset
670 2021 699 2040 ea
713 2021 772 2049 quae
791 2011 861 2040 circa
873 2011 1007 2050 apostolos
1019 2018 1092 2050 gesta
1107 2018 1186 2048 sunt,
1197 2012 1260 2050 quia
1272 2012 1298 2040 in
1307 2012 1439 2041 occisione
1451 2012 1533 2051 gladii
1549 2013 1648 2041 mortui
1663 2019 1736 2050 sunt,
1750 2013 1820 2052 lapi-

263 2060 318 2088 dati
332 2067 409 2093 sunt,
435 2059 548 2088 recurrit
559 2058 594 2087 ad
611 2058 730 2094 Heliam,
743 2059 790 2096 qui
806 2058 898 2087 eadem
917 2069 1011 2098 passus
1026 2066 1073 2088 est.
1094 2059 1226 2088 Fortassis
1255 2059 1323 2088 enim
1336 2081 1344 2095 ,
1359 2059 1423 2097 quia
1439 2059 1553 2088 necdum
1566 2060 1600 2088 de
1616 2061 1742 2099 apostolis
1761 2066 1819 2088 tan-

262 2113 316 2134 tam
326 2106 478 2145 opinionem
487 2105 637 2142 habebant,
651 2105 747 2133 merito
760 2116 794 2134 ex
808 2105 855 2133 illo
867 2127 877 2142 ‚
893 2105 940 2143 qui
955 2112 1090 2134 assumtus
1102 2112 1158 2142 est,
1172 2115 1319 2134 sermonem
1332 2106 1395 2134 facit
1405 2128 1414 2143 ,
1431 2106 1478 2143 qui
1494 2106 1612 2134 maxime
1621 2107 1715 2135 eratin
1726 2106 1819 2135 admi-

264 2153 373 2181 ratione.
391 2153 436 2181 Ex
449 2152 499 2181 hoc
507 2162 569 2190 ergo
584 2152 680 2180 afferre
690 2153 835 2180 orationem
847 2153 889 2191 [f.
907 2152 1106 2190 hortationem]
1121 2159 1146 2181 et
1157 2152 1362 2181 consolationem
1377 2152 1474 2181 voluit.
1487 2153 1709 2190 circumierunt,
1720 2153 1818 2191 inquit⁷

264 2200 294 2225 in
317 2198 446 2235 melotis,
464 2204 490 2225 et
507 2199 538 2225 in
555 2198 681 2236 pellibus
697 2199 842 2236 caprinis,
858 2204 989 2236 egentes,
1007 2199 1154 2233 tribulati,
1171 2198 1293 2239 qfflicu',
1306 2200 1410 2237 quibus
1423 2199 1527 2238 dignus
1542 2209 1601 2226 non
1617 2206 1681 2228 erat
1695 2200 1820 2228 mundus

263 2246 326 2273 iste.
338 2246 431 2283 Neque
444 2244 631 2273 vestimentum
641 2244 775 2274 habebant
786 2267 794 2279 ‚
812 2244 899 2282 inquit
913 2267 920 2278 ‚
937 2244 983 2273 sed
993 2251 1048 2273 erat
1063 2245 1101 2274 eis
1115 2245 1238 2273 nimietas
1251 2245 1434 2274 tribulationis
1445 2267 1454 2280 ,
1469 2255 1521 2273 non
1534 2245 1668 2273 civitatem
1680 2267 1689 2282 ,
1703 2255 1754 2274 non
1766 2245 1819 2273 do—

264 2301 337 2320 mum
350 2315 357 2328 ‚
370 2302 422 2320 non
442 2291 648 2331 receptaculum.
667 2291 749 2325 Quod
772 2291 851 2319 etiam
875 2291 1000 2320 Christus
1023 2292 1127 2321 dicebat
1145 2305 1152 2320 .·
1172 2293 1316 2331 Quoniam
1336 2293 1434 2321 Filius
1449 2294 1575 2321 hominis
1594 2302 1653 2320 non
1666 2293 1753 2320 habet
1771 2293 1821 2320 ubi

264 2345 350 2377 caput
362 2349 446 2368 suum
460 2338 589 2367 reclinet.
611 2337 686 2372 Quid
698 2337 759 2366 dico
773 2338 970 2376 receptaculum
994 2349 1046 2367 non
1061 2339 1218 2368 habebant?
1233 2349 1280 2368 nec
1294 2346 1364 2368 stare
1384 2339 1608 2378 permittebantur
1625 2350 1631 2366 :
1648 2348 1734 2376 noque
1748 2339 1819 2366 enim

266 2386 306 2414 vel
321 2397 381 2416 cum
405 2386 440 2414 ad
452 2386 524 2425 ipsas
543 2384 700 2414 solitudines
711 2384 852 2413 veniebant
863 2408 870 2421 ‚
886 2385 965 2414 otiosi
988 2394 1072 2416 erant.
1089 2388 1150 2416 Non
1175 2387 1246 2416 enim
1259 2386 1346 2424 dixit,
1362 2387 1392 2415 In
1403 2386 1594 2415 solitudinibus
1610 2385 1756 2422 sedebant,
1772 2384 1820 2413 sed

264 2432 344 2460 etiam
354 2432 393 2460 ibi
405 2432 553 2470 fugiebant,
569 2438 595 2460 et
606 2430 667 2459 inde
681 2430 887 2469 exagitabantur
899 2441 950 2459 non
965 2440 998 2461 ex
1011 2431 1113 2461 mundo
1128 2439 1242 2467 tantum,
1255 2432 1300 2461 sed
1316 2432 1397 2461 etiam
1411 2442 1445 2460 ex
1466 2431 1689 2460 inhabitabilibus
1706 2430 1817 2467 locis‚**

266 2489 324 2515 qua:
345 2479 383 2507 ibi
393 2479 461 2507 sacta
475 2485 547 2506 sunt.
562 2478 607 2507 Sic
619 2484 677 2516 est,
694 2477 800 2516 inquit,
815 2487 862 2505 nos
876 2477 986 2517 culpant
996 2486 1106 2519 propter
1117 2480 1256 2508 Christum
1272 2492 1278 2507 :
1292 2479 1396 2508 Heliam
1408 2489 1471 2508 vero
1487 2479 1514 2507 in
1528 2489 1582 2517 quo
1597 2483 1740 2517 potuerunt
1759 2476 1820 2505 cul-

267 2534 328 2561 pare
339 2525 352 2553 ,³
367 2525 547 2563 Exagitabant
557 2525 635 2554 illum
647 2531 672 2553 et
683 2524 889 2562 insequebantur
899 2547 906 2561 ,
925 2532 950 2554 et
967 2536 1030 2555 cum
1050 2527 1119 2556 fame
1129 2537 1249 2567 pugnare
1259 2527 1387 2566 cogebant
1400 2538 1406 2555 :
1421 2526 1494 2565 quod
1504 2526 1584 2555 etiam
1597 2524 1642 2554 isti
1654 2531 1718 2553 tune
1732 2523 1819 2563 patie-

265 2571 370 2599 bantur.
384 2573 590 2609 Decreverunt‚
604 2571 700 2610 inquit,
715 2572 775 2601 illis
787 2574 899 2601 mittere
901 2573 1017 2611 fratres
1028 2596 1035 2610 ‚
1046 2576 1086 2602 eis
1099 2576 1149 2613 qui
1161 2575 1379 2603 tribulabantur
1389 2573 1547 2611 discipulis.
1563 2571 1725 2602 Secundum
1736 2571 1816 2610 quod
