1875 2856
81 257 165 280 Marde.
181 267 202 289 7.

82 291 158 312 2:223.

78 1132 145 1152 Pwil.
167 1130 217 1153 118.

82 1163 116 1184 ns.

81 1365 99 1386 Π
111 1374 146 1386 ωε.
155 1372 160 1386 t
169 1382 173 1386 .
182 1371 218 1387 22.

84 1688 148 1711 luas.
162 1694 211 1717 ¹¹-7

110 1930 146 1944 ,un
159 1925 222 1952 7³4.

239 143 328 182 1062

233 229 284 258 quc
291 218 427 248 manifesta
437 217 561 246 omnibus
571 220 648 243 erunt
659 213 963 253 ejusoperaTalcssuut

233 260 251 287 ii
263 259 309 296 qui
321 258 408 286 dicent
418 257 482 294 Regi
498 256 524 283 in
534 254 630 282 dieilla
643 266 649 281 :
661 255 792 285 Domine,
804 263 899 282 nonne
913 263 966 281 no-

232 302 309 326 mine
319 304 367 325 tuo
379 298 501 324 virtutes
508 294 757 331 inaltassecimus?
764 292 797 320 Et
806 292 966 331 respondens

232 339 289 366 Rex
300 336 369 364 dicct
378 335 416 363 eis
426 346 432 362 z
444 335 543 362 Amen
551 334 615 361 dico
628 334 722 367 vobis,
735 333 831 360 nescio
840 341 905 360 vos.
918 331 965 360 Vi-

229 376 287 411 des,
299 376 389 408 frater,
401 374 479 402 talem
496 374 629 400 hominem
641 372 742 399 nullam
757 370 966 399 misericordiam

229 415 356 444 obtinere.
365 414 406 442 Tu
418 422 481 451 ergo
489 411 628 440 recordare
639 411 781 439 verborum
794 420 852 448 quae
865 410 943 438 audis
956 431 964 445 ‚

229 461 254 483 et
268 454 355 491 dirige
368 453 440 481 viam
452 459 533 480 tuam.
546 452 618 480 Cave
629 451 699 478 sinas
713 449 876 478 oblivionem
892 449 966 477 veni-

229 504 274 529 re,
289 500 314 521 et
327 492 414 531 abripi
430 501 459 519 ca
471 501 486 519 a
502 489 582 519 corde
596 496 642 518 tuo
655 502 660 517 :
680 499 744 518 cave
758 489 828 517 sinas
843 499 903 517 aves
917 489 966 516 de-

228 532 366 568 scendere,
385 537 410 560 et
423 530 501 559 edere
516 539 603 558 semen
618 529 668 557 Dei
681 540 686 555 :
702 529 758 567 ipse
770 538 883 566 namque
901 527 967 556 dicit

229 582 318 600 semen
330 581 386 599 csse
403 569 530 606 verbum,
550 568 622 607 quod
637 568 759 596 audistis.
776 566 916 596 Absconde
927 577 967 595 se-

228 621 289 639 men
312 611 338 639 iu
360 610 419 638 siuu
435 615 528 645 tcrrm;
550 608 577 636 id
596 614 650 644 est,
665 607 797 636 absconde
812 607 924 635 verbum
939 607 965 634 in

228 650 316 678 medio
329 649 418 678 cordis
429 648 483 682 tui,
497 654 526 676 ut
543 648 659 676 fructum
674 647 789 675 Domino
801 646 867 675 ferat
884 646 912 674 iu
929 646 967 673 ti-

230 699 315 719 more.
327 689 394 717 Cum
416 698 479 716 vero
494 688 588 725 legeris
598 709 605 721 ,
621 693 742 714 accurate
757 693 782 714 et
796 697 857 714 cum
877 685 967 713 labore

227 729 301 766 lege,
321 738 381 756 cum
405 727 550 756 attentione
571 725 655 754 multa
678 736 786 754 versum
801 725 944 754 decurrens
957 747 965 759 ‚
977 744 1012 762 3¹9

228 778 311 806 neque
330 777 406 795 cures
424 766 511 795 solum
535 765 598 793 folia
617 765 759 801 evolvere;
781 764 826 793 sed
841 787 848 800 ‚
863 765 884 793 si
899 775 967 803 opus
987 774 1006 793 Λ

228 807 277 842 sit,
295 817 326 835 ne
340 806 428 845 segnis
440 812 507 841 esto,
523 805 582 840 bis,
607 811 645 832 ter
666 811 712 832 aut
728 804 829 843 pluries
843 805 965 832 eumdem

228 846 314 884 legere
328 855 435 874 versum
445 869 452 879 ‚
464 851 493 873 ut
508 844 565 873 vim
578 844 635 883 ejus
648 843 790 882 intelligas.
801 844 869 871 Cum
878 850 967 871 autem

229 896 349 914 sessurus
363 886 532 922 lecturusque
552 893 579 911 es
589 905 598 920 ‚
618 883 660 911 vel
675 883 758 911 alium
773 883 903 921 legentem
914 893 967 910 au-

229 925 336 953 diturus
349 946 357 961 ,
381 924 468 963 primo
486 923 632 951 Dominum
655 933 765 961 precare
784 922 893 951 dicens:
911 923 968 950 Do-

229 965 300 992 mine
315 965 379 993 Jesu
405 963 527 999 Christe,
543 962 617 1001 aperi
637 972 713 990 aures
733 968 758 990 et
772 962 864 990 oculos
878 962 967 989 cordis

230 1004 281 1031 mei
294 1025 301 1038 ‚
319 1010 347 1031 ut
363 1002 471 1031 audiam
491 1002 604 1030 verbum
622 1008 716 1035 tuum,
740 1008 765 1030 et
779 1001 925 1039 intelligam
942 1007 967 1029 et

230 1043 326 1071 faciam
346 1043 509 1071 voluntatem
531 1048 622 1075 tuam,
635 1041 757 1075 Domine,
778 1041 839 1078 quia
864 1040 966 1069 advena

230 1092 277 1121 ego
289 1093 347 1110 sum
360 1082 386 1110 in
399 1088 478 1109 terra.
492 1081 531 1109 Ne
541 1080 688 1108 abscondas
697 1091 711 1108 a
722 1091 763 1108 me
774 1080 896 1108 mandata
912 1087 968 1116 tua,

231 1122 277 1150 sed
288 1122 398 1149 Revela
407 1121 506 1149 oculos
517 1130 605 1153 meos,
619 1120 807 1148 considerabo
821 1121 968 1148 mirabilia

230 1161 265 1190 dc
285 1161 353 1198 lege
369 1167 419 1188 tua
431 1172 440 1187 .-
461 1160 488 1188 in
510 1166 536 1188 te
554 1159 624 1187 enirn
650 1159 772 1198 speravi,
789 1160 861 1187 Deus
876 1169 967 1195 meus,

231 1207 261 1229 ut
275 1207 303 1229 tu
314 1200 449 1228 illumines
463 1209 508 1227 cor
519 1209 619 1230 meum.
635 1198 723 1227 Etiam
734 1220 741 1232 ,
757 1199 838 1226 frater
849 1198 885 1226 mi
900 1222 908 1235 ‚
919 1198 968 1226 ob-

232 1250 304 1268 secro
319 1262 325 1274 ,
352 1239 390 1267 sic
414 1249 517 1278 semper
542 1248 648 1277 precare
672 1239 758 1265 Deum
768 1260 776 1273 ,
800 1245 829 1266 ut
855 1245 967 1266 mentem

232 1286 304 1307 tuam
320 1278 464 1312 illuminet,
481 1285 506 1306 ct
521 1277 640 1306 ostendat
667 1277 716 1305 tibi
739 1287 890 1305 sermonum
907 1287 967 1305 suo-

232 1330 292 1347 rum
303 1319 440 1347 virtutem.
451 1317 531 1346 Multi
540 1317 610 1345 enim
622 1318 648 1344 in
657 1327 771 1344 errorem
778 1316 886 1344 deducti
898 1323 967 1349 sunt,

232 1358 380 1397 prudentiae
394 1368 448 1385 suae
462 1357 585 1393 fidentes3
597 1363 623 1384 et
638 1357 773 1384 Dicentes
783 1366 813 1384 se
827 1358 968 1393 sapientes

231 1408 305 1433 esse,
323 1398 405 1426 stulti
418 1397 494 1433 facti
511 1403 586 1430 sunt,
605 1406 656 1423 non
672 1395 847 1433 intelligentes
867 1404 895 1422 ea
910 1405 968 1432 qum

231 1437 331 1475 scripta
343 1443 456 1472 eraut,et
469 1434 618 1463 inciderunt
630 1436 657 1463 in
670 1434 862 1473 blasphemiam
876 1441 900 1462 et
909 1445 968 1472 per—

232 1477 330 1504 ierunt.
341 1476 369 1504 Si
383 1485 445 1513 ergo
465 1475 530 1503 dum
544 1475 610 1512 legis
630 1474 749 1502 invenias
765 1474 876 1501 verbum
887 1473 967 1501 intel-

233 1517 304 1544 lectu
320 1515 431 1543 difficile
443 1537 450 1548 ,
468 1525 532 1542 cave
548 1524 579 1541 ne
593 1520 617 1541 te
630 1514 721 1541 doceat
734 1513 867 1550 malignus
881 1512 970 1541 dicere

233 1556 259 1583 in
279 1555 382 1593 teipso:
398 1555 455 1582 Non
478 1554 513 1581 ita
527 1563 553 1581 se
572 1563 612 1580 res
631 1553 709 1580 habet
721 1575 728 1587 ,
743 1559 772 1580 ut
791 1552 835 1580 hic
848 1551 967 1590 dicitur3

232 1593 365 1632 quomodo
379 1601 464 1632 potest
482 1593 517 1621 ita
533 1591 609 1621 esse?
628 1599 651 1621 et
664 1591 762 1620 similia
775 1604 781 1619 z
795 1592 840 1620 sed
851 1615 857 1625 ,
874 1591 897 1620 si
914 1593 970 1621 Deo

234 1634 330 1669 credis5
343 1633 419 1661 crede
432 1633 513 1661 etiam
523 1632 611 1660 verbis
626 1632 694 1670 ejus,
711 1638 735 1659 ct
746 1631 791 1660 dic
806 1631 923 1670 maligno
937 1632 971 1659 il-

235 1674 253 1701 li
270 1685 276 1700 :
294 1673 368 1702 vade
383 1679 451 1700 retro
464 1683 505 1700 me
517 1694 525 1707 ‚
545 1678 634 1700 satana
654 1683 660 1697 ε
681 1681 729 1710 cgo
744 1672 814 1700 enim
831 1672 885 1700 scio
899 1673 971 1700 Elo-

235 1714 306 1750 quia
330 1713 451 1740 Domini
470 1722 525 1739 esse
549 1712 665 1749 eloquia
690 1717 772 1739 casta
786 1733 792 1746 ,
819 1718 970 1750 argentum

233 1754 300 1790 igne
310 1753 522 1786 examinatum,
534 1756 689 1789 purgalum
704 1751 971 1789 septuplummiliil-

236 1802 287 1829 que
303 1791 372 1819 ineis
381 1801 436 1819 esse
446 1797 594 1818 tortuosum
604 1796 649 1817 aut
664 1790 813 1828 obliquum,
825 1790 870 1818 sed
883 1790 972 1818 omnia

236 1831 306 1859 bona
329 1830 536 1869 intelligentibus
550 1842 555 1856 :
571 1840 619 1867 ego
634 1836 722 1857 autem
741 1829 861 1868 indoctus
873 1840 931 1858 sum
948 1837 972 1858 et

237 1880 288 1898 non
299 1880 444 1907 cognosco:
459 1869 512 1897 scio
527 1876 612 1897 tamen
630 1868 675 1896 illa
687 1869 861 1907 spiritualiter
874 1870 970 1908 scripta

237 1920 291 1938 esse
302 1921 308 1936 t
321 1909 389 1937 dicit
402 1909 473 1937 enim
487 1909 623 1947 apostolus
637 1919 644 1938 ε
663 1909 723 1936 Lex
741 1909 901 1946 spiritualis
918 1916 968 1938 esc.

236 1948 340 1977 Deinde
351 1948 451 1987 respice
466 1948 491 1976 in
506 1949 602 1976 caelum
613 1970 620 1981 ,
635 1954 660 1976 et
671 1947 733 1975 dic:
751 1948 875 1984 Domine,
893 1947 972 1976 credo

237 1988 327 2016 verbis
340 1989 408 2016 tuis:
420 1998 469 2016 non
485 1994 575 2015 contra
587 1987 656 2020 dico,
669 1986 714 2015 sed
727 1987 832 2017 conlido
847 1988 873 2015 in
886 1988 973 2016 verbis

237 2028 354 2066 Spiritus
379 2027 471 2055 sancti.
498 2027 542 2055 Tu
563 2037 634 2064 ergo,
649 2027 762 2055 Domine
774 2049 780 2061 ,
803 2027 909 2055 salvum
932 2038 973 2055 me

237 2068 278 2095 sac
292 2074 321 2095 ut
332 2067 467 2094 inveniam
476 2067 589 2104 gratiam
601 2076 688 2094 coram
703 2073 735 2095 te.
752 2066 810 2104 Ego
821 2067 892 2094 enim
903 2067 972 2094 nibil

238 2106 314 2135 aliud
327 2116 416 2144 quaero
426 2128 433 2141 ‚
445 2106 497 2134 nisi
508 2113 536 2134 ut
549 2106 640 2134 salvus
650 2106 715 2140 sim,
727 2112 752 2134 et
763 2116 908 2143 consequar
923 2106 974 2134 mi-

239 2145 410 2174 sericordiam
431 2152 518 2179 tuam,
532 2155 547 2173 0
567 2145 734 2179 misericors,
752 2145 815 2183 quia
839 2152 915 2173 tuum
936 2152 975 2174 est

239 2195 350 2224 regnum
365 2191 389 2213 et
404 2184 546 2224 imperium
560 2184 589 2212 in
603 2184 706 2213 stecula.
729 2187 821 2213 Amen.
843 2184 954 2213 Posside
966 2208 973 2220 ,

238 2225 337 2260 frater,
359 2225 486 2262 quictem,
513 2223 588 2262 quasi
613 2234 721 2252 murum
741 2224 848 2253 firmum
869 2236 875 2252 ε
900 2225 975 2262 quies

240 2264 310 2292 enim
322 2271 347 2292 te
355 2264 495 2291 affectibus
508 2263 671 2302 superiorem
686 2263 773 2292 reddit
787 2277 794 2292 z
808 2271 837 2292 tu
851 2264 921 2292 enim
933 2275 977 2292 su-

240 2313 320 2342 perne
333 2313 445 2342 pugnas,
459 2303 503 2331 illa
518 2313 580 2331 vero
596 2303 706 2331 inferne.
716 2303 825 2332 Posside
837 2313 900 2341 ergo
913 2314 975 2331 cum

239 2343 335 2370 timore
350 2342 398 2371 Dei
410 2343 541 2380 quietem,
557 2352 603 2370 nec
614 2342 662 2370 tibi
677 2343 808 2371 nocebunt
821 2343 909 2371 omnia
925 2343 974 2371 tela

241 2381 342 2410 inimici
361 2394 367 2409 :
383 2382 458 2419 quies
472 2382 542 2410 enim
563 2392 622 2409 cum
640 2382 735 2410 timore
750 2382 799 2410 Dei
821 2383 974 2421 conjuncta,

241 2427 280 2448 est
293 2431 387 2449 currus
409 2421 510 2458 igneus.
533 2420 564 2448 ld
581 2421 629 2449 tibi
649 2421 808 2460 persuadeat
823 2421 896 2450 Elias
914 2433 976 2461 pro-

244 2459 330 2497 pheta,
343 2460 389 2498 qui
403 2459 498 2489 dilexit
509 2460 625 2498 quietem
634 2468 659 2489 et
672 2461 793 2490 timorem
807 2461 854 2490 Dei
866 2468 890 2490 et
901 2461 977 2500 quasi

275 2561 284 2573 ¹
304 2555 312 2586 [
324 2555 393 2579 Fort.
408 2562 440 2586 μὴ
453 2559 540 2584 niara.

937 152 1067 177 Spuma.

1020 216 1129 253 Πνεῦμα
1150 216 1179 244 τὸ
1193 216 1279 254 ἅγιον,
1292 215 1306 245 ὃ
1318 215 1409 244 ἔλαὸεν
1424 218 1449 245 ἐν
1464 217 1550 255 ἡμέρᾳ
1565 216 1769 256 ἀπολυτρώσῃ-ις
1779 238 1788 251 ,

1019 254 1033 283 ὃ
1051 256 1121 283 δοκεῖ
1132 255 1212 294 ἔχειν.
1227 255 1278 284 Καὶ
1290 255 1388 294 γίνεται
1400 258 1414 284 ὁ
1426 259 1540 288 τοιοῦτος
1554 256 1686 294 ἄνθρωπος
1698 257 1789 295 ὥσπερ

1021 294 1145 333 κεράμιον
1158 294 1226 335 οἶνοι)
1240 297 1328 333 ῥῆγμα
1342 295 1485 330 πεποιηκὸς
1497 316 1504 329 ,
1522 295 1566 323 καὶ
1579 296 1612 323 δι’
1624 297 1700 324 αὐτοῦ
1718 298 1786 324 ιιίποβ

1019 334 1131 366 λιολεκὸς
1141 334 1184 362 τὸν
1198 336 1265 362 οἶνον
1276 344 1282 351 ·
1297 334 1361 372 ὅπερ
1373 334 1467 367 πάντες
1482 335 1529 371 μὲν
1544 337 1568 363 οἱ
1582 336 1707 373 ὁρῶντες,
1723 337 1734 349 “”“
1748 334 1786 371 μὴ

1021 371 1117 404 ἰδόντες
1135 372 1164 400 τὸ
1184 373 1305 411 γεγονὸς,
1327 374 1431 401 δοκοῦσι
1452 374 1547 411 μεστὸν
1572 369 1639 402 εἶναι
1651 385 1656 390 ·
1680 373 1742 401 ὅταν
1761 373 1788 401 δὲ

1022 413 1162 450 ἐρευνηθῇ,
1173 412 1232 441 τότε
1247 415 1400 450 φανεροῦται
1411 417 1502 448 πᾶσιν,
1517 413 1555 441 ὅτι
1569 412 1642 441 κενόν
1661 413 1717 441 ἐστι
1730 412 1788 440 κεί-

1023 462 1107 487 μενον.
1122 451 1213 484 Οὕτως
1227 448 1269 481 οὖν
1290 451 1334 479 καὶ
1352 454 1366 480 ὃ
1382 455 1497 484 τοιοῦτος
1511 452 1646 490 ἄνθρωπος
1661 450 1728 480 κατὰ
1740 450 1791 486 τὴν

1022 490 1123 528 ἡμέραν
1142 490 1242 526 ἐκείνην
1259 493 1306 525 -ι-’ἧς
1330 490 1439 530 κρίσεως
1454 491 1649 530 ἐρευνώμενος,
1672 490 1789 529 εὑρίσκε-

1022 540 1083 557 ται·
1106 529 1149 558 καὶ
1172 530 1230 558 τότε
1254 530 1352 569 φανερὰ
1371 535 1436 558 πᾶσι
1451 530 1483 559 τὰ
1505 532 1564 559 κατ’
1581 531 1657 558 αὐτὸν
1676 530 1788 568 γίνεται.

1023 569 1144 598 Τοιοῦτοί
1161 570 1211 597 εἶσι
1233 570 1278 598 καὶ
1297 571 1321 597 οἱ
1345 571 1461 608 ἐροῦντες
1474 568 1512 609 τῷ
1533 570 1636 607 ΙΒασιλεῖ
1657 570 1683 597 ἐν
1702 568 1789 607 ἐκείνῃ

1023 609 1055 645 τῇ
1072 609 1159 647 ἡμέρα
1171 620 1177 625 ·
1192 608 1273 648 Κύριε
1282 631 1289 643 ,
1302 610 1331 637 οὐ
1344 611 1382 647 τῷ
1406 611 1443 648 σῷ
1457 610 1566 646 ὀνόματι
1583 609 1706 646 δυνάμεις
1719 609 1788 636 πολ-

1023 648 1069 680 λὰς
1081 649 1259 686 ἐποιήσαμεν;
1277 648 1328 676 Καὶ
1343 648 1493 687 ἀποκριθεὶς
1506 650 1520 676 ὁ
1542 647 1661 685 βασιλεὺς
1673 648 1725 686 ἐρεῖ
1740 647 1789 674 αὖ-

1023 691 1075 719 τοὶς
1085 698 1091 704 ·
1115 686 1196 724 Ἀμὴν
1221 687 1290 726 λέγω
1321 688 1382 724 ὑμῖν
1395 709 1402 722 ,
1425 683 1529 716 onmia&
1555 689 1632 724 ὑμᾶς.
1656 685 1770 718 Βλέπεις
1779 707 1789 721 ,

1025 726 1128 765 ἀδελφὲ,
1139 727 1178 755 ὅτι
1189 727 1260 755 οὐδὲν
1276 726 1344 758 ἔλεος
1356 726 1412 765 ἔχει
1422 728 1436 754 ὃ
1446 729 1568 759 τοιοῦτος.
1583 725 1622 754 Σὺ
1633 721 1676 754 οῧν
1689 725 1791 762 μνημό-

1023 777 1081 794 νευε
1096 768 1147 794 τῶν
1158 765 1243 803 λόγων
1257 762 1293 794 ὧν
1309 766 1425 801 ἀκούεις,
1440 766 1484 794 καὶ
1495 765 1659 804 κατόρθωσον
1673 764 1722 799 τὴν
1732 763 1792 792 ὁδόν

1024 816 1079 834 σου.
1092 805 1177 834 Βλέπε
1190 805 1226 842 μὴ
1240 806 1317 843 ἐάσῃς
1330 805 1376 840 τὴν
1391 806 1474 841 λήθην
1487 806 1632 840 κατελθεῖν,
1643 805 1689 832 καὶ
1699 803 1791 843 ἁρπά-

1015 856 1069 874 ,σαι
1086 844 1162 873 αὐτὸν
1177 846 1207 872 ἐκ
1225 847 1273 879 τῆς
1294 844 1402 883 καρδίας
1422 856 1482 873 σου·
1500 844 1580 882 βλέπε
1601 843 1638 881 μὴ
1659 843 1738 882 ἐάσῃς
1756 843 1790 871 τὰ

1582 883 1589 892 ι

1024 884 1130 913 πετεινὰ
1153 885 1303 924 κατελθεῖν,
1319 884 1364 913 καὶ
1384 889 1544 922 καταφαγεῖν
1567 895 1596 911 το
1615 882 1722 921 σπέρμα
1745 885 1792 911 τοῦ

1023 925 1101 952 (9203-
1116 923 1191 956 αὐτὸς
1204 923 1256 962 γὰρ
1272 926 1342 952 εἶπεν
1351 946 1359 959 ,
1373 924 1413 952 ὅτι
1427 923 1457 951 τὸ
1472 923 1579 962 σπέρμα
1595 922 1665 951 ἐστὶν
1678 924 1692 949 ὁ
1702 920 1790 959 λόγος,

1023 963 1050 991 ὃν
1063 963 1203 997 ἠκούσατε.
1219 963 1322 1001 Κρύψον
1339 963 1369 991 τὸ
1386 963 1492 1002 σπέρμα
1506 964 1542 994 εἷς
1557 961 1604 995 τὰς
1616 961 1729 1000 λαγόνας
1742 963 1791 994 τῆς

1023 1004 1079 1039 Υῆς·
1093 1002 1223 1038 τουτέστι,
1235 1003 1332 1040 κρύψον
1348 1002 1390 1030 τὸν
1402 1003 1477 1040 λόγον
1493 1003 1518 1030 ἐν
1535 1001 1608 1040 μέσῳ
1624 1003 1670 1034 τῆς
1680 999 1789 1038 καρδίας

1023 1054 1082 1076 σου,
1098 1041 1169 1074 ὅπως
1192 1042 1380 1081 καρποφορῆσῃ
1401 1044 1438 1080 τῷ
1460 1041 1549 1080 Κυρίῳ
1564 1042 1590 1069 ἐν
1606 1039 1690 1079 ‹otigo›-
1703 1039 1788 1067 ιγΟταν

1023 1081 1049 1109 δὲ
1065 1080 1261 1120 ἀναγινώσκῃς,
1275 1082 1403 1118 ἐπιμελῶς
1419 1080 1462 1108 καὶ
1477 1080 1597 1118 ε’μπόνως
1611 1078 1789 1115 ἀναγίνωσκε,

1023 1123 1049 1150 ἐν
1060 1121 1144 1158 πολλῇ
1162 1121 1322 1148 καταστάσει
1338 1119 1503 1158 διερχόμενος
1519 1119 1562 1147 τὸν
1579 1118 1679 1156 στίχον,
1691 1117 1736 1153 καὶ
1749 1117 1788 1154 μὴ

1023 1160 1151 1193 σπούδαζε
1162 1160 1194 1188 τὰ
1206 1160 1290 1198 φύλλα
1304 1160 1380 1197 μόνον
1393 1160 1552 1198 διέρχεσθαι,
1564 1157 1632 1186 ἀλλὰ
1645 1156 1688 1185 ἐὰν
1699 1156 1789 1195 χρεία,

1024 1199 1059 1237 μὴ
1077 1200 1188 1237 ὀκνήσῃς
1205 1200 1242 1231 δἰς
1262 1200 1306 1226 καὶ
1321 1199 1375 1236 τρὶς
1389 1199 1434 1227 καὶ
1448 1197 1601 1229 πλειστάκις
1616 1197 1724 1225 διελθεῖν
1741 1195 1788 1223 τὸν

1023 1239 1128 1277 στίχον,
1142 1238 1212 1271 ὅπως
1235 1238 1329 1276 νοήσῃς
1347 1237 1394 1272 τὴν
1415 1238 1522 1274 δύναμιν
1546 1238 1632 1265 αὐτοῦ.
1653 1235 1737 1273 ιὈιίιιν
1759 1234 1788 1263 δὲ

1024 1279 1120 1316 μέλλῃς
1140 1280 1297 1311 καθεσθῆναι
1318 1276 1362 1305 καὶ
1377 1275 1566 1314 ἀναγνῶναι,ἢ
1581 1275 1625 1304 καὶ
1638 1275 1719 1303 πάλιν
1738 1273 1787 1302 ἅλ-

1022 1320 1067 1346 λου
1091 1316 1312 1355 ἀναγινώσκοντος
1339 1316 1462 1350 ἀκοῦσαι,
1484 1315 1590 1349 δεήθητι
1615 1315 1716 1352 πρῶτον
1733 1317 1788 1351 ’τοῦ

1023 1359 1091 1385 Θεοῦ
1112 1356 1194 1393 λέγων
1205 1378 1211 1390 ,
1229 1355 1309 1394 Κύριε
1323 1354 1410 1389 Ἰησοῦ
1427 1354 1541 1393 Χριστὲ,
1555 1352 1654 1385 ἄνοιξον
1676 1352 1710 1380 τὰ
1730 1353 1787 1379 ὦτα

1024 1396 1067 1424 καὶ
1083 1396 1141 1426 τοὺς
1157 1395 1303 1434 ὀφθαλμοὺς
1324 1396 1371 1428 τ’ἧς
1394 1393 1503 1433 καρδίας
1528 1405 1593 1430 μου,
1609 1395 1654 1420 τοῦ
1677 1391 1787 1420 ἀκοῦσαί

1025 1448 1057 1472 με
1071 1435 1114 1463 τὸν
1134 1435 1209 1472 λόγον
1227 1445 1272 1462 σου
1282 1457 1289 1469 ,
1305 1434 1350 1462 καί
1366 1434 1494 1467 συνιέναι,
1510 1433 1555 1461 καὶ
1576 1434 1688 1466 ποιῆσαι
1701 1431 1732 1459 τὸ
1746 1431 1787 1459 θέ-

1023 1475 1097 1512 λημά
1109 1485 1164 1509 σου,
1179 1473 1268 1510 Κύριε,
1279 1473 1319 1502 ὅτι
1332 1473 1457 1511 πάροικος
1469 1471 1520 1510 ἐγώ
1534 1473 1588 1510 εἶμι
1600 1472 1626 1499 ἐν
1637 1473 1670 1509 τῇ
1680 1472 1725 1508 γῇ.
1739 1469 1789 1507 Μὴ

1023 1514 1177 1552 ἀποκρόψῃς
1194 1514 1238 1540 ἀπ’
1251 1514 1314 1549 ἐμοῦ
1325 1513 1372 1544 τὰς
1386 1512 1492 1545 ἐντολάς
1516 1523 1561 1540 σου
1571 1533 1578 1546 ,
1595 1511 1652 1538 ἀλλ’
1668 1509 1786 1538 Ἀποκά-

1024 1555 1103 1593 λυψον
1118 1553 1176 1585 τοὺς
1189 1552 1336 1590 ὀφθαλμούς
1357 1563 1406 1590 μου
1416 1574 1422 1586 ,
1440 1552 1485 1580 καὶ
1499 1549 1655 1584 κατανοήσω
1670 1549 1703 1578 τὰ
1724 1551 1789 1577 θαυ-

1027 1594 1109 1632 μάσια
1125 1594 1154 1621 ἐκ
1167 1596 1211 1621 τοῦ
1225 1591 1304 1629 νόμου
1320 1603 1374 1620 σου·
1389 1591 1432 1620 ἐπὶ
1444 1591 1484 1619 σοὶ
1499 1590 1550 1630 γὰρ
1564 1589 1665 1624 ἤλπισα
1675 1610 1683 1623 ,
1694 1589 1707 1616 ὁ
1720 1588 1791 1619 Θεός

1027 1645 1075 1671 μου
1085 1655 1092 1667 ,
1107 1632 1149 1661 ἵνα
1168 1631 1199 1660 σύ
1215 1642 1264 1668 μου
1287 1632 1402 1670 φωτίσῃς
1419 1630 1465 1665 τὴν
1482 1630 1601 1668 καρδίαν.
1617 1627 1679 1664 Ναὶ,
1694 1627 1790 1665 ἀδελφέ

1027 1685 1087 1711 μου,
1102 1672 1262 1710 παρακαλῶ,
1277 1670 1345 1699 οὕτω
1359 1671 1471 1699 πάντοτε
1484 1668 1562 1708 εὔχου
1578 1670 1616 1707 τῷ
1631 1668 1708 1701 Θεῶ,
1717 1667 1789 1698 ὅπως

1026 1712 1128 1751 φωτίσῃ
1144 1722 1189 1739 σου
1208 1710 1252 1738 τὸν
1272 1713 1346 1744 νοῦν,
1365 1711 1409 1739 καὶ
1432 1709 1538 1747 δηλώσῃ
1556 1720 1597 1737 σοι
1611 1707 1659 1742 τὴν
1694 1706 1789 1742 ι’)ναμιν

1025 1753 1076 1780 τῶν
1092 1751 1173 1789 λόγων
1189 1752 1275 1779 αὐτοῦ.
1291 1750 1390 1778 Πολλοὶ
1409 1748 1466 1787 γὰρ·
1480 1748 1664 1787 ἐπλανήθησαν
1688 1745 1790 1784 θαῤῥή-

1027 1802 1116 1822 σαντες
1130 1792 1161 1828 τῇ
1184 1789 1285 1818 συνέσει
1300 1790 1382 1817 αὐτῶν
1391 1811 1398 1824 ,
1408 1790 1452 1817 καὶ
1467 1788 1620 1819 Φάσκοντες
1633 1789 1699 1814 εἶναι
1716 1785 1791 1823 σοφοὶ

1026 1830 1228 1869 ἐμωράνθησαν,
1245 1828 1282 1866 μὴ
1297 1832 1412 1860 νοοῦντες
1433 1827 1467 1856 τὰ
1481 1826 1667 1866 γεγραμμένα,
1680 1824 1732 1865 καὶ
1739 1835 1790 1852 πε<

1029 1871 1150 1909 ριέπεσαν
1165 1870 1200 1901 εἷς
1212 1867 1391 1906 βλασφημίαν,
1403 1867 1448 1896 καὶ
1462 1866 1608 1894 ἀπώλοντο,
1622 1864 1688 1893 Ἐὰν
1703 1865 1746 1891 οὖν
1763 1865 1790 1891 ἐν

1027 1912 1064 1948 τῷ
1079 1907 1266 1945 ἀναγινώσκειν
1279 1919 1307 1935 σε
1319 1906 1394 1945 εὕρῃς
1404 1906 1480 1943 λόγον
1496 1905 1645 1940 δυσνόητον,
1659 1903 1739 1941 βλέπε
1752 1902 1789 1939 μή

1028 1961 1055 1978 σε
1071 1948 1159 1985 διδάξῃ
1174 1949 1187 1975 ὁ
1199 1946 1310 1985 πονηρὸς
1329 1946 1413 1986 λέγειν
1429 1947 1455 1974 ἐν
1476 1946 1575 1984 ἑαυτῷ,
1589 1943 1631 1973 ὅτι
1647 1944 1697 1981 οὐχ
1711 1941 1792 1973 οὕτως

1026 1989 1106 2021 ἐστὶν,
1123 1989 1158 2019 ὡς
1173 1987 1244 2023 λέγει
1259 1988 1272 2014 ὁ
1288 1985 1363 2023 λόγος
1377 1988 1463 2017 οὗτος·
1478 1986 1534 2016 πῶς
1548 1983 1600 2022 γὰρ
1620 1982 1727 2010 δύναται
1749 1981 1791 2009 οὕ-

1025 2040 1076 2060 τως
1102 2022 1182 2058 εἶναις
1204 2026 1248 2053 καὶ
1275 2025 1308 2053 τὰ
1335 2028 1456 2053 τοιαῦτα·
1473 2025 1548 2058 ἀλλ’,
1567 2023 1590 2051 εἷ
1604 2021 1734 2053 πιστεύεις
1752 2022 1792 2058 τῷ

1026 2068 1103 2106 Θεῷ,
1118 2066 1225 2094 πίστευε
1245 2064 1289 2092 καὶ
1303 2069 1356 2096 τοῖς
1371 2064 1456 2102 λόγοις
1480 2065 1558 2091 αὐτοῦ
1569 2083 1576 2094 ,
1591 2061 1636 2090 καὶ
1649 2060 1709 2099 λε’γε
1727 2059 1792 2097 πρὸς

1026 2107 1069 2135 τὸν
1081 2106 1204 2144 πονηρὸν,
1216 2103 1325 2140 πορεύου
1338 2105 1373 2136 εἰς
1385 2103 1419 2132 τέι
1433 2102 1518 2131 ὀπίσω
1529 2113 1586 2140 μου,
1598 2104 1708 2129 σατανᾶ.
1719 2098 1792 2136 Ἐγὼ

1028 2147 1077 2184 γὰρ
1096 2140 1153 2174 οἶδα
1167 2144 1210 2173 Τὰ
1234 2143 1311 2181 λόγια
1325 2146 1370 2171 τοῦ
1385 2144 1463 2177 Θεοῦ,
1476 2141 1552 2179 λόγια
1567 2140 1634 2178 ἁγνά
1648 2140 1728 2172 ἐστιν,
1747 2139 1794 2176 ἀρ-

1028 2184 1116 2224 γύριον
1134 2183 1322 2222 πεπυρωμένον
1337 2181 1536 2212 ἑπταπλασίως·
1551 2179 1596 2208 καὶ
1610 2177 1683 2207 οὐδὲν
1697 2178 1724 2205 ἔν
1742 2178 1792 2205 αὗ-

1029 2229 1081 2257 τοῖς
1105 2224 1208 2252 σκολιὸν
1219 2245 1226 2258 ,
1245 2221 1302 2251 οὐδὲ
1324 2221 1550 2259 στραγγαλιῶδες,
1565 2218 1634 2247 ἀλλὰ
1650 2217 1738 2246 πάντα
1759 2216 1794 2244 τὰ

1030 2263 1115 2301 ἀγαθὰ
1129 2262 1238 2292 ἐνώπιον
1254 2266 1306 2293 τοῖς
1321 2263 1460 2301 συνιοῦσιν·
1476 2258 1528 2297 ἐγὼ
1544 2258 1571 2287 δὲ
1586 2256 1709 2288 ἀσύνετός
1723 2257 1793 2294 εἰμι,

1029 2304 1073 2331 καὶ
1093 2305 1121 2331 οὗ
1137 2302 1270 2340 γινώσκω·
1290 2296 1347 2328 οἶδα
1362 2303 1405 2329 οὖν
1421 2301 1460 2328 ὅτι
1475 2298 1658 2334 πνευματικῶς
1667 2305 1795 2343 εγεγριαμ·

1031 2343 1096 2380 μένα
1120 2342 1179 2370 εἶσί·
1193 2341 1263 2379 λε’γει
1285 2341 1335 2377 γὰρ
1350 2340 1395 2380 καὶ
1406 2341 1419 2367 ὁ
1436 2338 1594 2371 ἀπόστολος,
1609 2336 1650 2364 ὅτι
1677 2336 1702 2364 Ο
1717 2345 1795 2372 νομος

1029 2381 1204 2419 πνευματικός
1232 2381 1313 2408 ἐστιν.
1337 2380 1392 2407 Εἶθ’
1413 2379 1493 2410 οὕτως
1517 2376 1662 2414 dirime-,pov
1688 2374 1725 2407 εἷς
1749 2373 1794 2401 τὸν

1029 2421 1137 2460 οὐρανὸν
1147 2443 1154 2456 ,
1169 2419 1213 2448 καὶ
1230 2419 1303 2453 εἰπὲ,
1318 2418 1415 2457 Κύριε,
1434 2416 1550 2446 πιστεύω
1564 2419 1619 2447 τοῖς
1632 2413 1718 2452 λόγοις
1731 2423 1789 2441 σου·

1030 2463 1076 2490 οὐκ
1100 2460 1242 2498 ἀντιλέγω,
1257 2458 1323 2486 ἀλλὰ
1347 2458 1435 2495 θαῤῥῶ
1462 2461 1516 2488 τοῖς
1540 2454 1626 2493 λόγοις
1652 2456 1698 2483 τοῦ
1720 2451 1799 2490 ἁγίου
