1906 2846
404 174 436 196 IN
466 174 572 197 EPIST-

83 234 192 271 μηδέπω
210 233 467 268 καταῧαπτισῡέντες
490 240 543 268 τοῖς
562 235 612 264 ὑπὸ
626 238 672 272 τ’ἧς
680 236 766 274 ’μέθης
781 238 848 266 ἀπο-

80 280 203 316 λωλόσιν,
220 281 244 308 οἱ
262 279 421 318 ὑγιαίνοντες
440 284 494 312 τοῖς
512 282 664 318 κάμνουσιν,
683 284 706 311 οἱ
726 282 848 322 νήφοντες

80 330 132 358 τοῖς
145 324 320 363 μαινομένοις,
335 327 358 353 οἱ
374 326 472 364 ἑδραῖοι
486 330 537 358 τοῖς
551 327 764 367 περιφερομένοις
774 340 779 345 ·
793 341 848 366 μη-

80 370 131 403 δεὶς
142 392 149 405 ,
165 371 312 409 παρακαλῶ
324 393 330 405 ,
344 371 422 408 χάριν
437 374 484 406 τῆς
500 373 630 410 σωτηρίας
644 376 689 401 τοῦ
704 374 777 412 φίλου
788 385 849 412 προ-

79 415 192 453 τιμᾶτω,
207 416 252 444 καὶ
272 417 288 450 ἡ
311 415 384 454 ῧῧρις
401 416 445 444 καὶ
465 419 480 451 ἡ
502 418 653 455 ἐπιτίμησις
669 420 703 452 εἰς
720 419 746 447 ἓν
762 419 848 458 ὁράτω

80 461 168 499 μόνον,
186 463 263 490 αὐτοῦ
284 461 333 496 τὴν
348 461 484 500 ὠφέλειαν.
506 462 593 491 Ἵ)ταν
605 465 715 503 πυρετὸς
731 465 848 494 καταλά-

79 506 130 546 ὅῃ,
145 507 190 536 καὶ
204 508 290 536 δοῦλοι
306 510 432 546 κρατοῦσι
449 509 591 538 δεσποτῶν.
614 510 700 539 ”Οταν
717 511 766 550 γὰρ
783 513 849 540 ἐκεῖ·

79 565 120 586 νος
135 552 182 591 μὲν
193 557 203 569 ³
213 553 367 588 ἐπικαίηται
377 554 423 589 τὴν
439 554 526 593 ψυχὴν
538 556 667 594 συγχέων,
679 557 848 595 ἀνδραπόδων

80 599 106 627 δὲ
128 599 207 637 ἐσμὸς
224 600 383 639 παραστήκῃ
394 623 400 635 ,
423 601 504 633 οὐδεὶς
527 601 694 639 ἐπιγινώσκει
711 603 755 631 τὸν
770 603 848 640 νόμον

78 644 121 674 τὸν
137 645 290 674 δεσποτικὸν
306 647 332 673 ἐν
346 648 378 684 τῇ
402 646 488 685 βλάῧῃ
509 650 554 675 τοῦ
569 648 704 678 δεσπότου.
731 649 848 688 Συστρέ-

76 692 170 730 ψωμεν
180 690 284 723 ἑαυτοὺς
292 713 298 725 ,
309 694 457 730 παρακαλῶ
468 697 478 710 ·’
485 693 595 730 πόλεμοι
610 695 789 733 καθημερινοὶ,
801 707 848 723 κα-

603 174 648 197 AD
674 174 839 198 HEBRAEOS.
867 173 945 198 CAP.
974 174 1022 197 Xl.

1204 174 1302 196 xxm.
1580 162 1647 209 300

1054 174 1174 197 nonu..

901 238 1040 276 quoniam
1063 238 1209 265 Dominus
1225 243 1267 265 est
1288 235 1434 275 loquutus.
1452 235 1538 272 Date,
1557 236 1646 273 porri-

865 288 883 310 D
902 283 955 321 gite
967 292 1076 310 manum
1087 282 1134 320 qui
1149 281 1268 310 nondum
1280 281 1341 310 estis
1355 280 1457 315 obruti,
1471 280 1504 308 iis
1518 280 1564 318 qui
1579 291 1645 319 per-

902 329 987 357 ierunt
1007 330 1041 357 ab
1058 329 1200 362 ebrietate,
1212 329 1260 366 qui
1279 328 1337 356 sani
1358 327 1421 356 estis
1447 327 1642 362 laborantibus,

901 375 947 412 qui
966 375 1059 414 sapitis
1079 374 1240 408 furentibus,
1255 374 1301 411 qui
1322 374 1397 401 statis
1415 372 1447 400 iis
1461 372 1507 410 qui
1525 373 1644 401 circum-

901 427 1018 458 aguntur
1035 432 1041 448 :
1059 430 1152 455 nemo,
1167 419 1275 447 obsecro
1286 440 1293 454 ,
1305 418 1451 456 quidquam
1465 418 1586 456 prteserat
1599 429 1644 446 sa—

902 466 950 494 luti
972 466 1051 494 amici
1071 477 1077 493 x
1099 473 1125 494 et
1148 465 1300 504 objurgatio
1320 471 1345 492 et
1366 464 1536 502 reprehensio
1561 474 1644 493 unum

901 512 988 540 solum
1004 519 1111 551 spectet,
1125 522 1219 550 nempe
1233 511 1290 549 ejus
1309 510 1460 538 utilitatem.
1473 509 1589 544 Quando
1607 510 1645 537 se-

901 558 957 586 bris
979 558 1091 592 invasit,
1109 558 1187 586 etiam
1208 557 1279 585 servi
1302 555 1445 595 imperimn
1471 555 1591 583 obtinent
1617 556 1644 584 in

901 603 1034 632 dominos.
1058 605 1126 632 Nam
1149 602 1258 641 quando
1282 602 1328 630 ille
1353 601 1461 639 quidem
1489 601 1644 629 accenditur

901 655 926 677 et
941 649 1030 677 anima
1045 649 1237 684 conturbatur,
1253 647 1327 676 adest
1347 654 1436 675 autem
1452 657 1546 685 agmen
1570 657 1645 675 man*-

901 694 1052 734 cipiorum,
1068 695 1159 723 nullus
1183 694 1268 733 legem
1288 694 1407 732 agnoscit
1430 693 1593 722 dominicam
1617 692 1642 720 in

77 736 251 774 ταποντισμοὶ
260 759 267 772 ,
278 737 409 766 ἀπώλειαι
423 738 513 777 μυρίαι
526 739 624 778 κύκλῳ,
635 740 680 768 καὶ
693 741 819 769 πάντοῡεν
830 744 845 776 ἢ
856 752 892 769 ‘117
901 741 999 769 damno
1013 741 1126 769 domini.
1148 742 1212 778 Nos,
1231 751 1320 778 quaeso
1331 763 1338 776 ‚
1355 746 1541 768 convertamus
1555 751 1560 766 :
1572 739 1642 767 bella

77 781 142 821 ὀργὴ
158 785 202 811 τοῦ
216 784 286 811 Θεοῦ
306 785 376 821 ἡμᾶς
398 784 631 823 περιστοιχίζεται.
657 785 751 823 ἹῘμεῖς
772 786 798 815 δὲ
813 789 848 818 ὡς
866 781 883 801 A

77 828 276 866 εὖαρεστοῧντες
287 851 294 864 ,
307 828 388 861 οὕτως
398 829 477 867 ἐσμὲν
489 831 515 858 ἐν
527 831 601 870 ἀδείᾳ
612 843 618 848 ·
632 832 727 863 πάντες
738 832 784 864 τὰς
795 836 849 870 χεῖ-

80 884 125 912 ρας
140 875 176 906 εἷς
191 874 341 907 πλεονεξίαν
358 875 552 914 εὐτρεπίζομεν,
568 877 648 909 οὐδεὶς
664 879 699 909 εἷς
714 877 846 915 βοήθειαν·

78 919 174 951 πάντες
189 920 225 951 εἷς
242 919 374 959 ἁρπαγὴν,
393 921 476 953 οὐδεὶς
491 923 527 954 εἰς
544 923 707 960 προστασίαν
718 934 723 939 ·
739 922 848 955 ἕκαστος

77 966 133 997 πῶς
145 964 254 993 πλείονα
267 965 300 993 τὰ
313 966 375 994 ὄντα
390 967 493 1001 ποιήσει
508 967 667 995 ἐσπούδακεν
676 989 683 1003 ,
699 968 780 999 οὐδεὶς
793 970 848 1000 πῶς

79 1010 204 1048 βοηθήσει
216 1013 253 1049 τῷ
268 1011 395 1050 δεομένῳ·
411 1011 520 1044 ἕκαστος
533 1014 588 1043 πῶς
601 1014 703 1051 προσθῇ
717 1017 769 1044 τοῖς
781 1013 848 1050 χρή-

79 1067 154 1094 μασι,
166 1057 266 1091 πολλὴν
277 1056 332 1095 ἔχει
343 1057 390 1091 τὴν
403 1057 542 1096 μέριμναν,
557 1057 638 1089 οὐδεὶς
653 1057 725 1089 ὅπως
735 1057 781 1092 τὴν
797 1059 848 1096 ψυ-

77 1101 128 1140 χὴν
145 1101 192 1137 τὴν
211 1104 303 1131 ἑαυτοῦ
319 1102 435 1141 διασώσῃ
446 1114 451 1120 ·
472 1102 550 1142 φόῧος
567 1098 602 1136 εἷς
615 1102 670 1142 ἔχει
683 1102 793 1139 πάντας,
810 1104 846 1142 μὴ

77 1147 206 1187 πενιχροὶ,
226 1147 300 1187 φησὶ,
319 1147 456 1187 γενώμεθα
467 1160 473 1166 ·
493 1148 528 1186 μὴ
549 1150 584 1181 εἷς
598 1148 704 1187 γέενναν
721 1148 748 1177 δὲ
763 1149 847 1187 ἐμπέ-

77 1204 175 1231 σωμεν,
200 1193 282 1226 οὐδεὶς
306 1196 406 1232 ἀγωνιᾷ
429 1194 473 1222 καὶ
493 1194 592 1233 τρέμει.
624 1195 716 1223 Ταῦτα
736 1195 847 1234 Θρήνων,

75 1243 158 1268 ταῦτα
180 1242 355 1279 κατηγοριῶν,
377 1243 458 1268 ταῦτα
484 1240 608 1275 &neoth
628 1241 697 1274 ἄξια.
731 1241 800 1270 Ἀλλ’
818 1243 846 1269 οὐ

75 1288 158 1313 ταῦτα
172 1285 320 1322 {Goumara
335 1285 430 1323 λέγειν,
446 1286 503 1314 ἀλλ’
519 1286 570 1314 ὑπὸ
584 1288 630 1320 τῆς
646 1287 737 1322 ὀδύνης
754 1287 846 1325 βιαζο-

77 1343 126 1369 μαι
137 1340 143 1346 ·
162 1330 296 1369 σύγγνωτε
307 1343 312 1348 ·
330 1331 380 1359 ὑπὸ
392 1334 436 1360 τοῦ
449 1331 556 1364 πένθους
568 1332 749 1371 ἀναγκάζομαι
761 1332 847 1361 πολλὰ

76 1377 121 1405 καὶ
142 1373 178 1405 ὧν
193 1379 221 1406 οὗ
242 1377 369 1415 βούλομαι
388 1377 557 1416 φθέγξασθαι.
581 1378 708 1414 Χαλεπὴν
728 1381 780 1417 δρῶ
798 1379 846 1414 τὴν

76 1422 191 1461 πληγὴν,
213 1423 420 1462 ἀπαραμύθητον
434 1422 480 1458 τὴν
495 1423 640 1463 συμφορὰν,
656 1424 848 1463 παρακλήσεως

77 1468 183 1505 μείζονα
204 1467 237 1496 τὰ
255 1468 442 1497 καταλαὸόντα
464 1471 535 1506 ἡμᾶς
557 1469 638 1505 δεινὰ,
660 1470 846 1508 ἀπολώλαμεν.

77 1518 126 1551 Τίς
142 1518 219 1547 δώσει
238 1520 271 1557 τῇ
293 1520 394 1557 κεφαλῇ
419 1531 467 1556 μου
487 1519 566 1557 ὕδωρ,
582 1519 626 1548 καὶ
638 1524 691 1552 τοῖς
704 1521 847 1559 ὀφθαλμοῖς

77 1579 126 1606 μου
139 1567 226 1606 πηγὴν
240 1568 368 1608 δακρύων,
378 1568 421 1597 ἵνα
436 1568 576 1608 θρηνήσω;
592 1569 767 1608 Κλαύσωμεν,
780 1572 847 1609 ἀγα-

902 787 1066 824 ‹piotidiana,
1082 787 1287 821 submersiones,
1305 785 1512 814 innumerabiles
1528 785 1645 813 circum·

902 833 970 860 circa
985 833 1117 869 interitus,
1132 839 1156 861 et
1169 834 1206 860 ira
1223 831 1272 860 Dei
1287 842 1334 860 nos
1350 831 1469 869 undique
1483 830 1642 859 circumdat.

903 879 957 906 Nos
977 886 1065 907 antem
1082 890 1174 907 snmus
1189 886 1242 906 tam
1258 878 1354 912 securi,
1371 888 1451 916 quam
1469 878 1490 905 si
1511 878 1567 906 Deo
1584 877 1645 916 pla-

901 934 1020 952 ceremus
1046 936 1051 951 :
1080 935 1171 952 omnes
1190 935 1285 952 manus
1304 934 1430 963 paramus
1448 923 1481 951 ad
1503 923 1564 962 plus
1595 922 1644 950 ha-

901 969 1032 1005 bendum,
1058 980 1134 997 nemo
1155 969 1189 997 ad
1209 980 1287 1008 opem
1303 968 1437 997 serendam
1457 980 1465 1005 3
1491 979 1582 997 omnes
1608 968 1643 996 ad

901 1015 1031 1053 rapinam,
1042 1026 1119 1044 nemo
1132 1015 1166 1043 ad
1177 1015 1355 1043 defensionem
1371 1027 1376 1042 2
1388 1014 1572 1052 unusquisque
1587 1021 1643 1042 stu·

900 1061 975 1089 dium
989 1072 1068 1089 suum
1083 1062 1156 1100 ponit
1174 1061 1309 1099 quomodo
1320 1062 1456 1089 facultates
1475 1071 1535 1089 suas
1549 1060 1644 1089 reddat

900 1108 1051 1147 ampliores,
1060 1118 1136 1136 nemo
1144 1107 1279 1145 quomodo
1292 1118 1368 1146 opem
1382 1108 1551 1145 serategcno:
1564 1118 1644 1135 unus-

901 1154 1013 1192 quisque
1027 1160 1065 1182 est
1087 1153 1166 1182 valde
1179 1153 1310 1181 sollicitus
1329 1153 1464 1190 quomodo
1483 1154 1538 1181 suis
1560 1153 1644 1181 addat

900 1199 1035 1238 pecuniis,
1050 1209 1127 1227 nemo
1148 1199 1284 1237 quomodo
1304 1209 1379 1226 suam
1398 1205 1484 1226 servet
1501 1199 1617 1226 animam
1635 1210 1642 1226 ε

902 1257 969 1274 unns
988 1256 1078 1275 omnes
1095 1253 1164 1274 tenet
1181 1253 1277 1281 metus,
1294 1246 1334 1273 Ne
1354 1245 1448 1278 simus,
1463 1245 1561 1282 inquit,
1578 1256 1644 1284 pau-

902 1303 998 1331 peres,
1017 1302 1049 1320 ne
1070 1299 1159 1320 autem
1181 1292 1206 1319 in
1225 1291 1371 1330 gehennam
1388 1290 1549 1324 incidamus,
1567 1301 1644 1318 nemo

901 1340 1008 1378 angitur
1018 1346 1043 1367 et
1053 1338 1191 1367 horrescit.
1204 1338 1266 1366 Ilfec
1276 1337 1358 1375 digna
1370 1343 1432 1364 sunt
1447 1336 1645 1364 lamentationi-

901 1385 961 1421 bus,
971 1384 1027 1413 haec
1041 1385 1217 1419 accusatione,
1225 1384 1281 1412 lucc
1294 1382 1508 1422 reprehensione.
1522 1381 1574 1410 Sed
1586 1382 1645 1410 haec

902 1432 1025 1461 nolebam
1040 1431 1138 1469 dicere,
1156 1442 1248 1461 verum
1271 1431 1348 1460 dolor
1362 1441 1405 1459 me
1420 1430 1490 1468 cogit
1508 1442 1513 1456 :
1529 1429 1643 1468 ignosci-

903 1485 942 1514 te;
956 1477 1026 1516 cogit
1045 1489 1087 1506 me
1107 1478 1195 1506 luctus
1216 1477 1300 1505 multa
1321 1476 1410 1505 dicere
1431 1487 1488 1514 quae
1507 1476 1641 1504 nolebam.

901 1525 989 1555 Video
1007 1535 1101 1564 graves
1115 1525 1215 1560 minas,
1230 1523 1408 1552 calamitatem
1423 1523 1466 1551 cui
1483 1522 1573 1551 afferri
1590 1532 1643 1550 non

902 1578 986 1610 potest
1008 1571 1170 1608 consolatio,
1193 1571 1294 1609 majora
1315 1580 1363 1599 nos
1388 1575 1553 1609 occuparunt
1572 1567 1643 1596 mala

109 1679 119 1690 ²
137 1672 267 1704 [ἐπικέητκι
286 1674 314 1699 Α.
330 1674 356 1699 Β.
372 1682 451 1707 marg.
465 1673 541 1699 Sat-il.
555 1680 580 1698 et.
590 1674 713 1699 Commel.
734 1673 828 1700 Probat
841 1675 967 1709 Dunaeus]

495 1783 667 1813 MUTIANO
689 1783 944 1813 SCHOLASTICO
965 1784 1216 1814 INTERPRETE.

74 1896 142 1925 Date
155 1905 275 1931 manum,
290 1895 420 1935 porrigite
433 1896 480 1934 qui
495 1895 612 1924 necdum
625 1895 735 1924 dimersi
750 1895 813 1924 estis
828 1906 890 1924 cum
905 1895 937 1924 iis
952 1895 997 1934 qui
1013 1895 1039 1923 in
1055 1895 1182 1924 ebrietate
1196 1895 1348 1934 iniquitatis
1362 1896 1511 1935 perierunt,
1531 1909 1580 1928 vos
1595 1901 1643 1938 qni

73 1943 131 1972 sani
147 1943 209 1972 estis
225 1943 425 1978 laborantibus,
439 1943 486 1981 qui
503 1943 585 1972 sobrii
604 1944 666 1972 estis
680 1943 829 1971 furentibus
844 1950 869 1971 et
884 1942 1088 1971 bacchantibus.
1103 1943 1198 1977 Nemo,
1213 1943 1333 1978 obsecro,
1348 1944 1461 1982 gratiam
1477 1945 1557 1974 saluti
1572 1947 1643 1975 ami-

72 2001 164 2019 corum
184 1997 321 2030 praeponat
345 2002 351 2018 z
371 1997 395 2018 et
415 1990 515 2029 injuria
536 1998 561 2019 et
583 1991 730 2030 increpatio
741 1990 774 2019 ad
787 2001 870 2019 unum
891 1997 994 2018 tantum
1011 1989 1146 2025 attendat,
1163 1989 1213 2017 hoc
1233 1997 1287 2024 est,
1302 1989 1336 2018 ad
1354 1991 1498 2020 utilitatem
1513 1994 1641 2032 proximi.

73 2037 142 2066 Cum
158 2037 240 2065 febris
252 2037 425 2077 occupaverit
437 2048 611 2076 quemquam,
627 2040 708 2067 etiam
723 2038 795 2066 servi
809 2037 985 2066 dominantur
1000 2037 1126 2065 dominis.
1145 2037 1214 2065 Cum
1229 2037 1300 2065 enim
1315 2037 1361 2066 ille
1375 2038 1538 2076 incenditur,
1554 2041 1643 2070 anima

72 2083 129 2122 ejus
152 2083 336 2112 confunditur.
354 2083 449 2112 Adstat
475 2094 537 2122 ergo
562 2084 627 2113 ordo
655 2094 810 2121 servorum,
825 2083 892 2112 nulli
910 2083 1113 2121 obsequuntur,
1135 2093 1220 2120 neque
1243 2090 1406 2121 cognoscunt
1429 2084 1491 2122 jura
1508 2085 1643 2115 dominica

72 2129 108 2158 ad
129 2130 266 2159 laesionem
285 2130 400 2159 domini.
434 2131 599 2160 Convertant
628 2142 676 2160 vos
700 2131 800 2170 igitur,
825 2131 950 2167 obsecro,
966 2130 1037 2159 bella
1066 2130 1240 2168 quotidiana,
1261 2130 1455 2166 dimersiones,
1478 2133 1642 2171 perditiones

71 2176 163 2206 decem
188 2177 273 2206 millia
293 2178 467 2207 circumcirca
491 2191 496 2206 ε
520 2179 639 2217 undique
658 2179 696 2208 ira
717 2179 767 2207 Dei
792 2190 839 2207 nos
863 2178 1056 2218 circumsepsit.
1075 2179 1129 2206 Nos
1150 2189 1214 2206 vero
1236 2178 1321 2206 veluti
1349 2179 1542 2218 complacentes
1564 2182 1639 2216 Deo,

72 2233 177 2252 summa
204 2234 264 2252 cum
289 2224 450 2254 confidentia
478 2236 573 2254 manus
600 2226 635 2254 ad
652 2226 796 2254 avaritiam
822 2236 1027 2265 praeparamus3
1048 2236 1125 2254 nemo
1144 2225 1180 2253 ad
1199 2225 1373 2264 juvandum:
1393 2236 1483 2254 omnes
1506 2226 1540 2255 ad
1567 2228 1643 2267 rapi-

73 2281 156 2308 nam,
180 2271 271 2300 nullus
299 2272 334 2301 ad
357 2273 581 2312 patrocinandum
598 2274 803 2312 :unusquisque
829 2274 936 2302 festinat
963 2273 1100 2311 quomodo
1128 2273 1305 2301 substantiam
1326 2284 1402 2301 suam
1421 2274 1500 2303 saciat
1526 2276 1644 2315 amplio-

72 2329 157 2356 rem3
182 2319 272 2348 nullus
296 2320 526 2358 quemadmodum
550 2321 661 2360 adjuvet
685 2321 849 2359 indigentem
872 2321 1079 2359 :unnsquisque
1100 2321 1235 2359 quomodo
1261 2320 1343 2349 addat
1372 2322 1491 2359 pecuniis
1510 2322 1565 2350 suis
1590 2334 1643 2352 ex-

73 2365 181 2405 cogitat,
199 2373 223 2395 et
244 2367 357 2396 multam
372 2367 451 2396 habet
470 2369 681 2398 sollicitudinem
696 2381 703 2406 ;
720 2369 811 2397 nullus
823 2368 939 2407 qualiter
952 2368 1069 2396 animam
1083 2379 1158 2397 suam
1176 2368 1259 2397 salvet
1277 2380 1283 2395 z
1302 2368 1382 2396 timor
1397 2369 1528 2398 continuit
1542 2380 1642 2409 omnes,

72 2423 106 2442 ne
128 2413 163 2442 ad
185 2415 338 2454 pauperiem
354 2415 531 2456 redigantur-3
548 2423 577 2445 ut
599 2423 687 2445 autem
710 2427 762 2445 non
785 2416 938 2445 incidamus
961 2416 986 2444 in
1005 2416 1169 2454 gehennam,
1182 2416 1274 2444 nullus
1294 2416 1414 2451 laborat,
1429 2416 1519 2445 nullus
1543 2418 1641 2446 tremit-

73 2459 135 2489 Haec
148 2460 267 2490 luctibus
289 2462 371 2501 digna
399 2470 478 2499 sunt,
495 2464 553 2492 haec
572 2464 755 2501 accusatione,
775 2464 832 2493 hanc
852 2464 1024 2492 incusatione.
1047 2464 1107 2492 Non
1128 2463 1185 2492 baec
1204 2463 1329 2498 dicerem,
1347 2463 1394 2491 sed
1418 2463 1512 2492 dolore
1535 2475 1640 2504 compe-

73 2507 167 2546 pellor.
186 2508 319 2547 Ignoscite
329 2533 336 2546 ,
353 2509 436 2540 nimio
449 2510 524 2540 luctu
538 2511 684 2550 compellor
704 2523 710 2539 z
724 2512 808 2541 multa
833 2511 911 2541 ctiam
930 2522 990 2550 quae
1003 2511 1080 2547 nolo,
1095 2521 1176 2549 cogor
1188 2521 1232 2539 ore
1250 2510 1366 2550 proferre
1380 2522 1385 2538 :
1400 2511 1575 2540 saevissimam
1596 2512 1640 2540 in-

74 2562 147 2583 tueor
156 2555 311 2596 plagam‚et
330 2557 387 2586 sine
402 2557 519 2587 remedio
538 2558 616 2587 video
641 2557 742 2587 cladem
763 2558 941 2588 consolatione
965 2559 1006 2587 vel
1029 2558 1216 2587 exhortatione
1236 2557 1402 2597 superiorem
1425 2559 1548 2598 :majora
1571 2560 1642 2589 mala
