1886 2846
452 169 484 190 IN
515 169 620 191 Et‘tST.

98 229 236 268 ἐμπείρους
260 224 327 258 εἶναι
351 231 402 258 τῶν
420 230 543 270 Γραφῶν.
559 231 594 259 Τι’
617 232 687 260 ἐστιν
714 231 866 271 ἄνθρωπος,

96 274 137 304 ὅτι
167 275 305 315 μιμνήσκῃ
331 277 426 312 aot-033
444 276 461 311 ἢ
482 277 536 308 υἱὸς
563 276 718 317 ἀνθρώπου,
743 278 784 306 ὅτι
808 279 866 306 ἐπι-

96 321 198 358 σκέπτῃ
227 321 324 357 αὐτόν;
340 321 513 356 Ἧλάττωσας
538 323 616 352 αὐτὸν
645 324 731 364 βραχύ
752 336 778 352 τι
801 325 865 364 παρ’

97 366 222 405 ἀγγέλους
236 379 242 384 ·
268 367 327 406 δόξῃ
355 368 400 396 καὶ
422 370 486 408 τιμῇ
508 369 691 408 ἐστεφάνωσας
716 369 807 407 αὐτὸν,
822 371 866 399 καὶ

97 412 263 447 κατέστησας
286 414 364 442 αὐτὸν
390 414 433 443 ἐπὶ
459 414 493 443 τὰ
521 414 585 454 ἔργα
609 417 661 443 τῶν
682 419 777 455 χειρῶν
803 428 865 446 σου·

98 459 186 489 πάντα
201 460 332 494 ὑπέταξας
347 460 472 490 ὑποκάτω
487 463 539 490 τῶν
554 463 640 491 ποδῶν
658 464 747 492 αὐτοῦ.

136 697 239 726 Ταῦτα
259 696 286 726 δὲ
310 698 331 725 εἷ
357 697 401 725 καὶ
426 699 461 731 εἰς
488 697 535 733 τὴν
563 699 651 733 κοινὴν
675 699 866 738 ἁνῡρωπότητα

97 742 209 780 εἴρηται,
224 743 282 771 ἀλλ’
297 742 369 780 ὅμως
383 743 538 782 κυριώτερον
555 744 693 782 ἁρμόσειεν
707 746 737 773 ἂν
752 747 790 783 τῷ
806 746 867 785 xpi·
884 753 902 775 B

95 789 150 826 στῷ
165 787 234 816 κατὰ
246 788 348 826 σάρκα·
363 788 393 817 τὸ
406 788 472 828 γὰρ,
489 789 582 818 Πάντα
597 790 727 823 ὑπέταξας
743 792 867 820 ὑποκάτω

95 835 148 862 τῶν
164 833 251 862 ποδῶν
276 834 354 862 αὐτοῦ
363 856 370 869 ,
385 834 484 863 ἐκείνου
507 835 607 873 μᾶλλόν
631 836 717 872 ἐστιν,
740 835 757 871 ἢ
781 839 867 874 ἡμῶν.

95 878 130 908 Ὁ
143 878 194 918 γὰρ
209 878 272 912 Υἱὸς
287 883 332 908 τοῦ
343 882 413 909 Θεοῦ
429 880 502 909 οὐδὲν
517 882 588 918 ἡμᾶς
603 881 680 914 ὄντας
695 882 869 922 ἐπεσκέψατο,

95 925 140 953 καὶ
155 926 185 954 τὸ
207 925 233 959 ἐξ
249 927 324 963 ἡμῶν
346 925 486 955 αναλαὸὼν
508 927 553 955 καὶ
569 927 668 959 ἑνώσας
683 929 783 966 ἑαυτῷ,
798 929 868 956 πάν-

95 983 147 1000 των
162 970 291 1010 οἷνώτερος
302 971 418 1010 γέγονεν.
434 972 481 1001 Ἐν
496 972 548 1011 γὰρ
563 974 600 1012 τῷ
615 973 757 1007 ὓποτάξαι,
775 974 868 1012 φησὶν,

95 1018 168 1056 αὐτῷ
183 1016 217 1045 τὰ
240 1017 342 1052 πάντα,
366 1017 438 1046 οὐδὲν
462 1019 562 1056 ἀφῆκεν
584 1019 656 1056 αὐτῷ
677 1018 867 1048 ἀνυπότακτον.

96 1063 150 1091 Νῦν
166 1062 193 1091 δὲ
209 1062 282 1091 οὔπω
294 1065 396 1101 ὁρῶμεν
417 1063 488 1101 αὐτῷ
502 1062 536 1091 τὰ
554 1063 641 1092 πάντα
656 1065 866 1102 ὑποτεταγμένα.

94 1109 131 1138 Ὃ
151 1109 177 1137 δὲ
191 1108 279 1147 λέγει,
296 1108 412 1138 τοιοῦτόν
425 1111 496 1138 ἐστιν
509 1121 514 1126 ·
530 1109 622 1144 ἐπειδὴ
646 1104 733 1146 eineis,
747 1110 819 1144 ’Έως
836 1112 866 1139 ἂν

94 1156 131 1184 Οῶ
146 1153 205 1188 τοὺς
220 1154 327 1194 ἐχθρούς
340 1166 386 1184 σου
397 1154 539 1184 ὑποπόδιον
554 1157 605 1184 τῶν
620 1156 706 1185 ποδῶν
722 1169 783 1193 σου,
799 1158 866 1190 εἰκὸς

93 1201 120 1230 δὲ
135 1197 167 1237 ἦν
182 1201 274 1234 αὐτοὺς
290 1202 328 1230 ἔτι
345 1202 503 1241 αἰσχ-άλλειν,
519 1197 576 1231 εἶτα
601 1202 669 1241 μετὰ
683 1206 766 1232 ταῦτα
790 1204 866 1243 ὀλίγα

93 1247 152 1277 τινὰ
181 1248 338 1287 παρενθεὶς,
369 1248 468 1284 ταύτην
498 1248 545 1284 τὴν
576 1248 723 1288 μαρωρίαν
748 1251 865 1289 ἐπήγαγε
882 1265 900 1287 C

93 1292 250 1331 βεὸαιοῧσαν
266 1293 377 1328 ἐκείνην.
397 1293 457 1322 Ἵνα
475 1294 526 1332 γὰρ
542 1293 579 1332 μὴ
600 1295 713 1333 λε’-(ωσι,
728 1297 785 1328 πῶς
806 1296 864 1328 τοὺς

92 1340 200 1379 ἐχθροὺς
216 1341 308 1375 ἔθηκεν
324 1340 374 1369 ὑπὸ
397 1340 455 1374 τοὺς
475 1341 557 1373 πόδας
573 1341 664 1377 αὐτοῦ,
680 1345 796 1371 τοσαῦτα
810 1355 865 1372 πα-

93 1386 189 1415 θόντων
204 1389 280 1425 ἡμῶν
292 1399 300 1422 ;
315 1389 411 1420 ἱκανῶς
426 1386 474 1424 μὲν
488 1387 533 1416 καὶ
555 1388 580 1415 ἐν
601 1388 639 1426 τῷ
656 1389 776 1428 προτέρῳ
800 1389 864 1418 αὐτὸ

91 1433 198 1472 ᾐνίξατο
211 1445 217 1451 ·
233 1433 262 1462 τὸ
277 1433 340 1473 γὰρ,
360 1432 444 1469 ἽΞως,
467 1434 496 1463 οὐ
510 1433 540 1462 τὸ
561 1433 656 1467 εὐθέως
675 1434 768 1470 ἐδήλου
792 1436 864 1474 γινό-

93 1491 171 1517 μενον
182 1502 189 1515 ,
206 1480 274 1509 ἀλλὰ
289 1480 320 1509 τὸ
338 1481 366 1508 ἐν
385 1481 473 1520 χρόνῳ
486 1492 492 1497 ·
512 1481 622 1509 ἐνταῦθα
638 1480 665 1508 δὲ
680 1480 743 1510 αὐτὸ
757 1481 864 1520 ἐπεξέρ-

93 1538 178 1565 χεται.
194 1526 239 1562 Μὴ
257 1527 322 1566 γὰρ,
346 1526 437 1561 ἐπειδὴ
453 1526 556 1555 οὐδέπω
579 1526 762 1564 ὑπετάγησαν,
783 1529 862 1566 φησὶ,

93 1571 201 1610 νομίσῃς
217 1572 283 1609 μηδὲ
299 1571 491 1601 ὑποτάττεσθαι
503 1584 508 1589 ·
524 1571 564 1601 ὅτι
579 1572 627 1610 μὲν
641 1572 691 1610 γὰρ
711 1573 749 1601 δεῖ
763 1575 863 1602 ὑποτα-

93 1619 185 1654 γῆναι,
201 1617 278 1652 δῆλον
291 1629 297 1634 ·
313 1618 357 1646 καὶ
369 1617 419 1656 γὰρ
435 1620 450 1652 ἦ
467 1619 615 1657 προφητεία
636 1618 679 1647 διὰ
697 1621 773 1648 τοῦτο
789 1618 862 1659 εἴρη-

93 1674 136 1690 ται
150 1674 156 1679 ·
180 1662 227 1692 Ἐν
243 1662 294 1702 γὰρ
314 1665 351 1702 τῷ
368 1663 494 1697 ὑποτάξαι
510 1665 597 1702 αὐτῷ,
610 1665 688 1703 φησὶ,
708 1664 742 1693 τὰ
756 1665 844 1694 πάντα
854 1688 861 1701 ,

651 169 696 191 ‚m
725 169 890 192 nEBRAEOS.
916 170 998 193 CAP-
1028 172 1063 194 n.

1094 172 1211 195 nomn„
1242 174 1289 196 iv.
1620 161 1663 208 57

919 235 994 272 quis,
1010 233 1117 263 dicens.
1129 234 1185 264 Hoc
1197 235 1287 274 ipsum
1302 241 1390 263 autem
1405 235 1477 272 quod
1488 235 1602 264 occultet
1615 246 1663 264 ne-

919 288 971 316 que
985 286 1066 318 ponat
1080 289 1141 308 eum
1161 280 1208 318 qui
1221 279 1292 309 dixit
1307 280 1502 317 testimonium,
1517 280 1563 308 sed
1583 280 1665 309 iutro-

919 324 1000 354 ducet
1015 331 1152 364 tamquam
1175 326 1249 364 quod
1263 326 1346 365 vulgo
1370 326 1576 355 circumferatur
1591 333 1616 355 et
1630 326 1664 355 sit

919 371 1100 409 manifestum,
1115 372 1258 401 indicantis
1269 379 1308 401 est
1322 383 1366 401 eos
1379 373 1458 402 valde
1471 373 1570 412 peritos
1583 374 1662 402 tuisse

920 418 1131 458 Scripturarum.
1150 419 1228 457 Quid
1246 426 1287 448 est
1303 420 1388 447 homo
1406 421 1485 458 quod
1506 430 1616 449 memor
1633 430 1663 448 es

921 467 982 503 ejus
995 468 1008 493 ?
1020 471 1072 494 aut
1085 465 1175 505 filius
1197 466 1324 494 hominis
1349 467 1428 505 quod
1448 468 1556 495 visitas
1573 477 1637 495 enm
1650 469 1663 493 Ρ

921 512 948 539 7.
971 511 1108 540 Minuisti
1131 522 1197 541 eum
1215 512 1306 551 paulo
1327 514 1423 541 minus
1451 514 1488 541 ab
1512 513 1626 551 angelis
1653 525 1661 539 .-

919 558 1015 596 gloria
1029 564 1056 586 et
1069 558 1177 587 honore
1187 560 1336 587 coronasti
1349 569 1425 595 eum,
1445 565 1473 587 et
1485 556 1664 588 constituisti

920 615 984 633 eum
996 615 1082 644 super
1091 615 1177 644 opera
1192 615 1332 635 manuum
1353 612 1468 634 tuarum
1486 617 1494 632 :
1513 605 1541 635 8.
1564 608 1663 634 omnia

919 652 1066 690 subjecisti
1078 653 1130 680 sub
1141 652 1262 690 pedibus
1275 654 1345 692 ejus.

958 699 986 726 22.
1009 696 1072 726 Haec
1086 703 1173 726 autem
1189 697 1292 727 etiamsi
1308 697 1381 726 dicta
1401 697 1454 726 siut
1473 697 1508 727 de
1529 696 1662 726 communi

920 742 1086 771 humanitate
1100 765 1108 777 ‚
1133 743 1219 782 magis
1248 743 1356 783 proprie
1383 749 1471 771 tamen
1491 743 1664 771 convenerint

921 787 1030 815 Christo
1044 786 1191 815 secundum
1206 797 1311 815 carnem
1325 799 1330 814 :
1349 786 1419 815 illud
1439 786 1512 815 enim
1528 808 1536 820 ,
1557 788 1665 815 Omnia

921 834 1069 873 subjecisti
1089 834 1142 861 snb
1163 833 1284 871 pedibus
1304 835 1366 872 ejus
1380 856 1386 864 .
1403 833 1488 871 magis
1512 839 1550 861 est
1570 832 1664 865 itlius,

921 890 1002 918 quam
1018 885 1147 907 nostrum.
1172 879 1220 907 Dei
1239 879 1311 907 enim
1329 879 1414 907 Filius
1436 889 1501 914 nos,
1519 889 1579 907 cum
1595 878 1663 906 nihil

922 935 1055 961 essemus,
1070 925 1208 962 visitavit,
1222 933 1247 953 et
1270 936 1330 954 cum
1351 925 1378 954 id
1395 925 1465 963 quod
1486 932 1605 954 nostrum
1626 932 1665 953 est

922 971 1080 1010 suscepisset
1093 978 1118 998 et
1132 971 1183 999 sihi
1200 971 1310 1009 unisset,
1327 971 1410 1000 sactus
1425 978 1463 1000 est
1478 970 1604 1000 omnibus
1618 981 1664 999 su-

920 1016 1018 1056 perior.
1031 1018 1068 1044 In
1079 1026 1112 1044 eo
1125 1018 1201 1044 enim
1218 1017 1297 1054 quod
1308 1019 1408 1045 omnia
1424 1019 1452 1045 ei
1462 1018 1596 1056 subjecit,
1616 1019 1662 1044 ni-

921 1063 965 1090 hil
989 1063 1100 1090 dimisit
1127 1072 1187 1089 non
1211 1063 1371 1100 subjectum
1393 1065 1428 1090 ei.
1453 1063 1542 1092 Nunc
1564 1069 1663 1091 autern

921 1111 1043 1139 necdum
1069 1110 1204 1138 videmus
1230 1111 1330 1137 omnia
1356 1112 1488 1149 subjecta
1517 1113 1552 1139 ei,
1580 1111 1663 1146 Quod

919 1161 1007 1182 autem
1029 1153 1097 1182 dicit
1121 1159 1159 1181 est
1183 1152 1350 1192 hujusmodi.
1375 1154 1512 1189 Quoniam
1535 1154 1662 1190 dixerat,

919 1202 1022 1230 Donec
1031 1210 1142 1239 ponam
1153 1201 1286 1229 inimicos
1303 1206 1366 1228 tuos
1382 1200 1543 1228 scabellum
1555 1202 1662 1238 pedum

919 1252 1050 1281 tuorum,
1069 1246 1126 1274 veri
1141 1245 1229 1275 simile
1244 1252 1334 1274 autem
1355 1252 1411 1274 erat
1425 1256 1468 1274 eos
1492 1245 1582 1275 adhuc
1599 1247 1662 1285 angi

917 1299 942 1321 et
964 1292 1074 1321 tristitia
1086 1292 1177 1321 affici:
1194 1291 1292 1320 deinde
1315 1291 1409 1332 paucis
1423 1291 1568 1331 interjectis
1581 1315 1589 1328 ,
1613 1292 1662 1320 hoc

917 1338 1059 1378 subjunxit
1072 1338 1265 1374 testimonium,
1280 1337 1350 1366 illud
1362 1338 1535 1367 confirmans.
1550 1339 1618 1367 'Nam
1631 1350 1663 1366 ne

916 1384 1035 1414 dicerent
1050 1406 1058 1421 ‚
1075 1383 1219 1420 Quomodo
1235 1384 1357 1413 inimicos
1372 1384 1463 1424 posuit
1476 1384 1528 1413 sub
1549 1384 1664 1424 pedibus

917 1431 982 1469 suis,
997 1441 1058 1460 cum
1073 1441 1121 1460 nos
1135 1437 1189 1459 tam
1203 1431 1288 1460 multa
1303 1431 1374 1471 passi
1389 1430 1472 1460 simus
1485 1431 1498 1459 ἶ)
1523 1432 1587 1460 satis
1601 1432 1662 1470 qui-

917 1479 981 1507 dem
995 1485 1020 1507 et
1034 1478 1061 1507 in
1081 1478 1296 1518 praecedentibus
1311 1478 1362 1506 hoc
1374 1477 1461 1517 ipsum
1478 1479 1559 1507 tacite
1574 1479 1661 1518 signi-

917 1525 1010 1553 ficavit
1028 1537 1033 1552 z
1051 1524 1122 1552 illud
1137 1524 1219 1559 enim,
1234 1524 1354 1558 Donec,
1370 1534 1422 1552 non
1438 1523 1512 1561 quod
1525 1524 1615 1552 statim
1633 1526 1663 1553 {it

916 1570 1105 1610 significabat,
1122 1570 1167 1598 sed
1178 1569 1251 1609 quod
1268 1570 1299 1598 fit
1318 1569 1345 1598 in
1358 1577 1476 1609 tempore
1490 1582 1496 1598 t
1514 1570 1558 1598 hic
1572 1577 1660 1599 autem

915 1629 972 1647 rem
986 1617 1096 1646 uberius
1108 1616 1286 1656 persequitur.
1300 1617 1341 1645 Ne
1355 1616 1440 1651 enim,
1456 1616 1599 1654 quoniam,
1616 1617 1662 1645 in-

916 1665 984 1703 quit,
995 1663 1114 1692 nondum
1130 1670 1191 1692 sunt
1202 1663 1327 1702 subjecti,
1341 1662 1478 1691 existimes
1490 1673 1536 1692 nec
1549 1663 1644 1702 subjici
1657 1676 1663 1691 :

93 1708 164 1737 οὐδὲν
177 1710 275 1748 ἀφῆκεν
292 1710 362 1748 αὗτῷ
384 1710 573 1739 ἀνυπότακτον.
591 1712 653 1743 Πῶς
667 1706 710 1739 οὖν
726 1711 754 1740 οὐ
774 1711 860 1740 πάντα
878 1719 897 1741 Ι)
916 1722 976 1739 nam
1005 1710 1078 1749 qffld
1102 1709 1198 1749 subjici
1221 1720 1325 1749 semper
1347 1716 1485 1748 oporteat,
1502 1716 1540 1737 est
1559 1710 1662 1749 perspi-

514 1829 689 1858 MUTIANO
710 1829 961 1859 SCHOLASTRCO
984 1828 1235 1858 INTERPRETE.

93 1919 230 1950 condentis
240 1929 295 1949 csse
304 1942 311 1956 ,
334 1919 380 1948 sed
391 1919 557 1950 ostendentis
571 1930 615 1948 cos
629 1920 743 1948 multam
760 1920 859 1948 hahere
874 1919 1011 1948 seientiam
1030 1919 1242 1958 Scripturarum‚
1255 1925 1285 1946 ut
1299 1929 1345 1947 nec
1361 1929 1429 1957 opus
1443 1917 1552 1947 haberet
1566 1929 1660 1948 nomen

94 1968 214 2007 posuisse
229 1967 343 1997 dicentis
349 1979 356 2004 5
372 1967 418 1996 sed
431 1967 514 1996 veluti
529 1967 562 1995 de
577 1978 604 1995 re
619 1967 756 1996 manifesta
772 1974 797 1995 et
814 1967 839 1995 in
857 1973 964 2006 promtu
977 1967 1130 2001 constituta,
1141 1965 1266 1994 inducere
1282 1965 1442 1994 testimonia.
1460 1967 1538 2003 Quid
1551 1973 1594 1994 est
1607 1968 1659 1994 Ιιο-

93 2026 140 2044 mo
151 2016 229 2055 quod
243 2025 352 2044 memor
363 2025 392 2043 es
405 2017 477 2054 ejus,
491 2015 634 2054 ain-filius
644 2016 770 2043 hominis
781 2017 921 2054 quoniam
937 2016 1043 2042 visitas
1058 2015 1144 2050 eum„³
1158 2013 1322 2041 Minorasti
1335 2023 1400 2040 eum
1412 2013 1504 2051 paulo
1514 2015 1610 2041 minus
1623 2015 1660 2041 ab

91 2063 202 2102 angelis
215 2074 224 2089 :
233 2062 330 2101 gloria
343 2067 371 2089 et
385 2062 495 2089 honore
509 2063 657 2090 coronasti
671 2071 737 2090 eum
750 2073 758 2088 :
772 2063 872 2089 omnia
882 2062 1031 2100 subjecisti
1044 2061 1096 2088 sub
1111 2059 1232 2097 pedibus
1244 2060 1315 2097 ejus.

131 2110 188 2138 Hoc
201 2109 273 2138 enim
287 2109 333 2138 etsi
347 2108 380 2137 tle
393 2109 529 2137 communi
545 2109 711 2138 humanitate
725 2109 827 2138 dictum
841 2115 890 2143 est,
902 2115 1087 2137 verumtamen
1108 2106 1216 2146 proprie
1230 2106 1281 2137 hoc
1294 2112 1402 2145 aptatur
1414 2105 1451 2134 ad
1465 2105 1602 2135 Christum
1615 2117 1657 2135 se-

91 2156 209 2186 cundum
224 2167 330 2185 carnem
345 2168 351 2184 :
364 2167 425 2185 nam
441 2158 548 2185 Omnia
561 2158 710 2196 subjecisti
723 2159 775 2185 sub
787 2157 908 2195 pedibus
923 2158 995 2196 ejus,
1012 2154 1046 2183 ad
1067 2155 1145 2183 illum
1166 2154 1284 2182 maxime
1302 2153 1428 2192 pertinet,
1441 2164 1522 2192 quam
1536 2153 1571 2182 ad
1586 2154 1657 2183 illos.

91 2204 178 2233 Filius
189 2204 290 2243 quippe
299 2204 349 2232 Dei
363 2214 414 2232 non
427 2215 473 2233 nos
486 2204 556 2232 nihil
568 2211 703 2233 exstantes
715 2204 849 2244 despexit,
863 2203 907 2232 sed
922 2214 1029 2240 carnem
1040 2213 1073 2232 ex
1087 2202 1163 2231 nobis
1177 2212 1314 2230 assumens
1327 2208 1352 2230 ct
1365 2200 1486 2229 adunans
1498 2201 1562 2238 sibi,
1573 2203 1659 2231 omni-

92 2252 143 2280 bus
156 2251 278 2290 superior
291 2258 330 2280 est
342 2251 461 2280 affectus.
476 2253 512 2280 In
525 2262 559 2280 eo
575 2252 655 2291 quod
673 2253 795 2291 subjecit
811 2254 848 2285 ei,
860 2251 955 2290 inquit,
965 2252 1076 2287 omnia,
1091 2250 1167 2278 nihil
1181 2249 1299 2288 reliquit
1315 2259 1374 2277 non
1388 2249 1558 2288 subjectum.
1571 2250 1659 2279 Nunc

91 2305 190 2327 autem
201 2299 329 2327 nondum
340 2300 474 2328 videmus
486 2302 586 2328 omnicz
598 2301 729 2339 subjecta
740 2310 809 2328 esse.
823 2299 904 2335 Quod
921 2305 1010 2327 autem
1026 2298 1112 2335 dicit,
1122 2297 1174 2326 talc
1189 2304 1228 2325 est
1239 2307 1245 2323 ε
1257 2296 1383 2334 quoniam
1396 2295 1478 2330 dixit,
1492 2296 1595 2325 Donec
1603 2308 1657 2336 po-

92 2357 161 2375 nam
172 2348 306 2374 inimicos
319 2352 383 2374 tuos
393 2347 554 2376 scabellum
563 2348 669 2386 pedum
683 2354 798 2376 tuorum
808 2359 819 2381 ;
831 2347 949 2376 fortassis
959 2346 1031 2375 enim
1043 2345 1133 2374 adhuc
1145 2354 1258 2373 moerore
1268 2343 1455 2372 afficiebantur
1466 2355 1472 2370 :
1485 2342 1583 2372 deinde
1598 2353 1656 2383 post

91 2393 158 2430 haec,
172 2403 256 2433 pauca
269 2392 378 2431 quidem
391 2393 559 2434 interponens
569 2418 576 2431 ,
587 2395 639 2423 hoc
653 2395 836 2423 testimonium
850 2394 956 2431 intulit,
967 2394 1130 2423 confirmans
1146 2391 1214 2420 illud
1229 2403 1234 2418 :
1249 2401 1281 2419 ne
1300 2389 1430 2426 dicerent,
1445 2390 1590 2426 Quomodo
1601 2391 1656 2420 ini-

90 2441 174 2471 micos
191 2441 248 2480 ejus
261 2440 350 2480 posuit
363 2441 414 2469 sub
428 2441 543 2480 pedibus
555 2442 614 2481 ejus
623 2465 631 2477 ‚
645 2449 717 2471 tanta
731 2443 809 2472 nobis
822 2442 1010 2482 patientibus?
1022 2441 1194 2471 Sufficienter
1205 2438 1316 2478 quidem
1329 2445 1355 2466 et
1369 2438 1396 2467 in
1411 2437 1591 2467 anterioribus
1605 2438 1655 2466 hoc

90 2488 254 2528 significavit
267 2498 274 2515 ε
287 2487 359 2526 quod
373 2489 444 2517 enim
459 2488 547 2526 dixit,
559 2490 661 2519 Donec
671 2512 678 2526 ‚
693 2490 845 2519 faciendum
862 2489 1047 2529 significavit,
1060 2488 1106 2517 sed
1123 2495 1240 2526 tempore
1253 2484 1413 2525 procedente
1425 2497 1431 2513 :
1445 2484 1490 2513 hie
1501 2492 1591 2514 autem
1604 2485 1656 2514 hoc

91 2534 258 2574 exsequitur.
270 2534 395 2569 Nesone,
406 2535 532 2573 quoniam
544 2535 658 2565 necdum
669 2536 783 2576 subjecti
795 2537 973 2575 sunt,inquit‚
983 2543 1058 2575 putes
1069 2535 1148 2564 etiam
1163 2543 1214 2561 non
1223 2531 1404 2571 subjiciendos
1413 2531 1552 2570 :quoniam
1566 2538 1656 2560 antem

254 2598 325 2616 rom.
350 2598 404 2616 xii.
1480 2584 1495 2611 5

1679 424 1737 444 l'snl
1777 424 1798 443 8.
