1875 2856
505 116 656 140 AUCTORE
683 116 712 139 S·
741 116 875 140 JOANNE
902 117 1159 142 CttnYSOSTOMO.
1524 109 1605 143 1021

50 190 146 220 corpus
160 190 249 209 meum
265 180 398 209 incolume
413 179 512 209 servari
526 189 662 208 necessum
673 185 729 207 erat
739 190 746 213 ;
756 185 853 217 astego
862 180 979 208 animam
989 187 1063 208 tuam
1074 180 1155 208 simut
1171 186 1197 208 ct
1211 190 1308 218 corpus
1324 186 1399 208 tuum
1411 180 1542 210 invisibili
1554 192 1621 210 cru-

49 228 154 257 ciabam
173 228 306 268 supplicio
317 251 325 266 ‚
342 235 372 257 ut
386 229 475 256 Deum
491 237 581 255 meum
593 226 724 255 contritus
739 226 847 254 tandem
864 227 969 256 adores.
989 229 1017 256 111
1033 234 1175 266 conspectu
1189 234 1234 255 tuo
1250 227 1363 256 cruciari
1376 238 1418 256 me
1429 228 1508 267 jubes
1521 240 1529 265 3
1547 236 1575 257 at
1592 235 1622 257 tu

49 277 108 313 ipse
122 275 164 303 vel
181 282 309 314 praesente
325 285 367 303 me
379 274 422 302 vel
435 274 543 302 absente
555 272 682 301 cruciaris
692 294 700 308 ‚
712 279 736 300 et
753 282 804 300 non
820 273 947 311 intelligis
958 275 1059 311 Regem
1071 284 1159 301 meum
1173 285 1187 301 a
1204 280 1229 301 te
1244 273 1290 302 illo
1306 274 1384 303 modo
1401 284 1491 313 poenas
1503 274 1622 313 exigere,

49 327 130 358 atquc
144 321 218 350 abeo
235 321 263 349 in
278 328 406 349 aeternum
423 320 471 348 tibi
488 319 634 359 praeparari
655 325 782 347 tortorem
798 319 875 347 illum
892 330 971 357 quem
984 326 1012 347 tu
1028 319 1077 347 tibi
1093 319 1210 348 amicum
1224 330 1279 348 esse
1293 320 1440 348 existimas.
1694 356 1698 362 ‚

92 367 156 395 ttaec
170 374 198 403 et*
211 367 287 406 plura
300 367 352 395 alia
366 367 444 395 beato
456 365 490 394 ad
505 376 613 394 manum
628 371 701 393 erant
717 375 777 402 quae
792 366 848 403 regi
862 364 952 393 dicere
967 364 1064 404 potuit.
1077 365 1147 393 llinc
1160 372 1249 393 autem
1265 364 1299 393 ad
1312 366 1386 404 putei
1401 366 1506 394 foveam
1522 375 1622 404 prope·
1634 356 1724 409 Punixu's'
1739 389 1776 408 3„-

50 412 170 441 undum
189 412 265 440 nobis
279 419 333 447 est,
349 419 378 440 ut
392 422 515 450 quasnam
530 411 567 439 ibi
583 411 649 439 fiant
661 410 785 450 prodigia
801 410 951 438 videamus.
973 410 1123 449 Projiciunt
1144 422 1204 439 eum
1219 411 1245 439 in
1262 412 1367 440 foveam
1383 434 1390 447 ‚
1403 422 1462 449 qua„¹
1478 411 1623 439 latibulum
1687 420 1778 439 ducitur

50 465 108 486 erat
126 465 289 498 serpentum.
305 460 338 486 At
354 458 421 496 quid
435 457 539 486 dicebat
554 458 667 496 puteus?
684 456 845 485 Benedictus
859 463 897 484 est
912 455 1043 485 adventus
1066 463 1128 485 tuus
1141 479 1148 491 ⁷
1169 467 1184 485 o
1205 464 1280 495 pater
1297 456 1456 485 admirande
1472 455 1478 485 l
1494 457 1535 485 llli
1552 457 1624 485 enim
1668 449 1779 501 5:¹35}ss

51 510 271 543 przeparaverunt
294 514 336 531 me
356 503 383 531 in
403 504 507 532 foveam
532 509 723 531 tormentorum
747 501 1004 541 profundissimam,
1022 509 1048 530 ct
1071 502 1168 541 abysso
1192 502 1336 530 tenebrosa}
1361 503 1496 531 similem:
1518 510 1544 531 at
1566 513 1626 531 ecce
1635 512 1703 532 cinus.

52 556 154 578 creator
179 557 241 578 tuus
268 549 350 584 facit,
377 556 406 577 ut
435 549 528 577 hortus
550 549 662 577 floribus
684 549 802 577 consitus
832 548 882 576 tibi
909 548 984 576 fiam.
999 549 1174 577 Domicilium
1200 559 1272 577 eram
1298 549 1491 586 tenebrarum3
1517 556 1544 578 at
1565 560 1625 578 ecce

52 597 102 625 tibi
117 597 203 626 sactus
216 607 274 625 sum
289 596 420 635 templum
436 596 554 624 luminis.
568 595 681 624 Nomine
693 606 773 624 vocor
792 595 907 634 abyssus
919 595 1052 634 profunda
1066 607 1073 633 ς
1091 606 1183 623 verum
1200 606 1215 623 a
1232 603 1255 624 te
1269 596 1394 625 sublimis
1409 596 1477 624 elata
1500 597 1624 635 pertingo

51 642 87 671 ad
100 653 208 672 aereum
224 654 305 681 usque
321 642 415 671 caelum
427 665 434 678 ‚
449 649 528 680 atque
543 643 569 670 in
586 653 628 670 me
643 642 764 670 contineo
779 641 937 670 devolutum
952 653 966 670 e
989 642 1061 676 emtis
1083 642 1206 670 lucidum
1229 643 1328 676 solem,
1352 642 1397 680 qui
1419 643 1550 671 mundum
1568 645 1625 671 Ar-

53 690 171 719 menium
188 690 460 728 illuminat.C0rp0ra
475 689 622 718 multorum
638 690 664 717 in
680 700 722 717 me
734 689 850 728 projecta
864 688 946 718 odore
960 689 1080 718 sordium
1098 689 1233 718 teterrimo
1248 689 1469 726 conficiebantur,
1479 700 1625 728 eorumque

52 743 144 765 mrnes
158 744 184 766 et
205 747 263 766 ossa
286 737 356 764 lenta
378 737 447 765 same
470 736 704 776 comminuebam:
720 736 931 764 abominandum
953 743 979 765 et
1001 735 1198 764 intolerabilem
1222 736 1377 764 emittebam
1401 735 1509 764 odorem
1522 758 1529 771 ,
1545 743 1626 774 atque

51 793 129 814 nares
143 795 235 814 eorum
249 784 423 812 molestabam
436 795 441 811 :
457 790 483 812 at
496 794 542 822 per
557 790 581 811 te
596 793 666 811 nunc
681 783 774 812 videor
790 784 882 812 hortus
895 783 1007 812 [loribus
1021 790 1130 812 ornatus
1141 806 1150 819 ,
1169 790 1194 812 ct
1209 794 1313 812 amoena
1326 790 1411 812 roseta
1430 783 1509 812 ssores
1521 783 1624 813 immit-
1635 793 1671 811 825

51 832 145 870 tentia,
162 831 208 870 qui
231 831 413 861 diversimode
434 831 630 859 suaveolentem
643 831 770 859 exhalant
784 830 904 860 odorem.

91 881 154 909 Jam
172 890 236 908 vero
256 879 321 918 quid
343 879 377 908 de
396 879 517 908 exitiosis
540 889 638 907 veneno
661 878 824 907 draconibus
836 901 843 915 ,
862 879 908 916 qui
932 878 970 906 ibi
989 872 1137 917 degebant,
1149 878 1238 907 dicam
1250 879 1263 907 ἱ>
1277 879 1405 907 Sanctum
1421 878 1585 916 Gregorium
1598 878 1624 906 in
1679 888 1734 909 xit,

52 927 157 956 foveam
171 927 299 966 injectum
320 927 408 955 statim
430 933 459 955 ut
479 925 614 960 viderunt,
629 933 782 955 consuetam
798 927 912 965 primam
933 937 1008 955 suam
1025 926 1141 954 indolem
1157 927 1183 955 in
1203 937 1230 955 se
1246 926 1380 965 requirere
1391 949 1397 961 ‚
1414 926 1447 954 ad
1463 925 1626 965 Seraphinos
1648 921 1779 971 ἐῖᾞῒῗιὶρηῗ

52 973 189 1002 attendere
203 995 210 1008 ,
223 973 269 1011 qni
283 984 343 1002 eum
359 973 409 1001 alis
424 973 479 1001 suis
492 995 500 1007 ‚
517 983 549 1000 ne
566 973 716 1011 periculum
736 973 758 1001 ei
780 973 855 1001 fieret
869 996 876 1009 ,
892 973 1052 1012 portabant,
1066 981 1165 1002 terrore
1181 974 1287 1013 percelli
1300 996 1307 1008 ‚
1320 973 1450 1001 admirari
1473 980 1497 1001 et
1510 973 1600 1001 dicere
1617 984 1623 1000 :
1643 969 1779 1008 attiniacum-s

52 1020 110 1049 Nos
129 1021 268 1060 progenies
283 1030 376 1048 sumus
393 1020 522 1058 serpentis
537 1020 624 1055 illius,
640 1020 686 1058 qui
709 1020 794 1049 Evam
816 1032 863 1059 per
883 1028 1027 1049 comestum
1049 1022 1166 1049 fructum
1190 1021 1316 1060 decepit,
1333 1032 1445 1058 eamque
1459 1021 1580 1049 exsulem
1602 1028 1627 1048 et
1638 1015 1780 1066 mputucuu-

52 1067 219 1107 praecipitem
232 1067 286 1106 egit
300 1077 333 1095 ex
349 1065 473 1105 paradiso
487 1066 635 1104 voluptatis
652 1078 657 1093 :
676 1074 703 1094 tu
721 1077 785 1095 vero
798 1078 886 1095 semen
906 1067 1003 1095 Adami
1019 1074 1043 1095 et
1058 1078 1139 1107 nepos
1155 1067 1235 1102 Eva),
1253 1068 1299 1106 qui
1315 1067 1531 1096 maledictionem
1551 1067 1627 1095 illam

53 1122 245 1154 susceperunt,
261 1125 312 1152 qua
326 1113 415 1152 spinas
436 1119 460 1141 et
483 1112 597 1141 tribulos
611 1119 680 1141 terra
694 1114 869 1152 produceret,
887 1114 1010 1143 insidiari
1026 1115 1108 1154 capiti
1126 1122 1215 1143 nostro
1227 1115 1319 1153 jussus
1331 1126 1357 1143 es
1371 1137 1377 1150 ,
1393 1122 1417 1143 et
1436 1124 1484 1142 uos
1505 1114 1628 1142 calcaneo

53 1167 110 1190 tuo.
129 1161 232 1200 Igitur,
248 1160 395 1189 secundum
410 1159 480 1187 idem
496 1159 653 1187 mandatnm
665 1182 672 1195 ‚
686 1159 871 1188 insiliebamus
887 1167 915 1188 ut
928 1167 1048 1189 nostrum
1070 1161 1095 1189 in
1115 1168 1139 1189 te
1154 1162 1246 1190 odium
1260 1173 1274 1189 a
1289 1168 1383 1190 natura
1399 1160 1517 1189 inditum
1532 1161 1629 1200 exple-

52 1218 159 1237 remus:
177 1207 223 1236 sed
239 1207 284 1235 ubi
298 1207 368 1236 circa
383 1217 481 1246 corpus
498 1213 574 1234 tuum
591 1206 761 1246 incorporeos
773 1207 908 1235 exereitus
924 1208 1109 1244 advertimus,
1126 1215 1201 1246 teque
1217 1209 1284 1237 inter
1295 1209 1429 1247 angelicos
1441 1208 1536 1237 choros
1553 1208 1626 1237 vidi-

54 1266 113 1284 mus
125 1255 316 1290 constitutum,
331 1251 394 1282 tunc
409 1255 510 1282 fractus
524 1261 562 1283 est
576 1254 691 1293 impetus
706 1261 794 1282 noster
808 1267 814 1282 :
835 1255 899 1292 quin
914 1261 939 1283 et
954 1255 1043 1284 obtusi
1056 1262 1118 1284 sunt
1130 1256 1215 1284 aculei
1232 1257 1333 1292 nostri·‚
1349 1263 1428 1294 atque
1440 1278 1446 1291 ‚
1460 1256 1532 1284 velut
1548 1257 1570 1284 si
1591 1257 1628 1285 li-

54 1310 162 1342 quescat
175 1313 235 1330 cera
247 1313 262 1330 a
276 1302 343 1330 facie
358 1302 428 1340 iguis
440 1324 446 1336 ‚
463 1301 498 1329 ita
514 1301 608 1329 divino
622 1302 699 1329 vultu
713 1309 758 1330 tuo
772 1301 864 1330 dentes
879 1302 963 1330 nostri
985 1313 1045 1330 cum
1062 1313 1163 1331 veneno
1178 1314 1225 1331 suo
1241 1303 1374 1341 liquefacti
1396 1309 1467 1331 sunt.
1488 1303 1570 1331 Virus
1583 1314 1630 1332 no-

53 1356 140 1378 strum
153 1371 160 1384 ‚
172 1349 246 1387 quod
261 1349 439 1377 inflammatos
452 1349 478 1376 in
494 1359 604 1387 corpore
624 1355 813 1377 extraneorum
827 1349 948 1388 pariebat
963 1356 1079 1378 tumores
1092 1373 1098 1383 ,
1113 1350 1184 1378 sonte
1197 1361 1307 1389 precum
1321 1358 1429 1379 tuarum
1444 1360 1458 1377 a
1472 1350 1529 1379 Deo
1546 1352 1630 1380 ssuen·

55 1395 123 1424 tium
145 1396 306 1424 exstinctum
324 1402 362 1423 est
374 1417 381 1431 ,
396 1402 420 1423 et
443 1395 527 1423 instar
544 1406 621 1432 aquae
643 1395 748 1434 frigidae
773 1396 930 1434 ol›torpuit;
945 1403 1024 1434 atque
1043 1397 1143 1424 nedum
1163 1407 1177 1424 a
1193 1397 1261 1424 facie
1276 1404 1321 1425 tua
1337 1397 1490 1435 fugiamus,
1508 1398 1630 1426 venimus

55 1444 82 1472 in
99 1443 277 1471 ministerium
299 1443 374 1481 ejus,
390 1441 436 1479 qui
454 1441 618 1469 ferocitatem
640 1442 771 1470 cicuravit
789 1442 886 1470 indolis
908 1448 1022 1478 nostrae,
1039 1444 1116 1482 cujus
1136 1443 1213 1471 obliti
1235 1454 1344 1480 sumus3
1360 1450 1385 1472 et
1409 1444 1511 1483 absque
1533 1445 1630 1473 timore

55 1490 234 1526 coruscantis,
248 1490 331 1518 instar
345 1489 460 1517 ssammzc
472 1511 479 1525 ‚
496 1489 589 1516 vultus
605 1489 661 1523 tui,
678 1489 810 1517 columbis
826 1489 928 1517 similes
944 1496 1024 1527 atquc
1037 1490 1063 1518 111
1077 1491 1182 1519 silentio
1199 1491 1225 1519 in
1240 1492 1322 1520 domo
1340 1498 1384 1519 tua
1399 1491 1561 1522 sedebimus.

95 1538 169 1573 Quin
181 1537 260 1566 etiam
274 1547 322 1575 ego
337 1536 455 1564 demiror
468 1536 505 1564 ibi
520 1547 566 1574 per
581 1543 676 1575 quator
688 1544 712 1565 et
731 1536 820 1566 decem
837 1547 920 1565 annos
933 1536 1036 1576 degisse
1051 1539 1225 1577 Gregorium.
1241 1539 1293 1567 Sed
1307 1539 1342 1567 ad
1363 1550 1391 1567 ca
1404 1540 1557 1568 festinemus
1569 1550 1629 1578 quce

56 1592 116 1624 post
130 1591 236 1613 exactos
250 1590 289 1612 tot
303 1593 386 1611 annos
399 1589 553 1611 evenerunt.

96 1630 254 1660 venationis
267 1630 382 1658 ferarum
395 1629 488 1657 boram
502 1640 563 1657 cum
576 1640 623 1658 rex
637 1630 791 1666 (Tiridates
804 1631 811 1667 )
824 1630 986 1660 condixisset
998 1654 1004 1667 ‚
1016 1632 1127 1670 jamque
1141 1642 1296 1670 egressurus
1309 1642 1342 1660 ex
1360 1635 1401 1669 (t)
1422 1633 1486 1661 urbe
1509 1644 1629 1662 conscen.
1674 1644 1742 1666 xm,

55 1678 137 1706 disset
151 1677 443 1712 cnrrum;immissum
459 1676 574 1716 desuper
595 1677 639 1705 irae
661 1678 761 1706 divium
784 1678 922 1717 flagellum
945 1679 971 1707 in
993 1690 1054 1707 eum
1076 1679 1163 1707 irruit.
1179 1679 1220 1707 Ab
1243 1680 1300 1718 ipso
1322 1679 1443 1708 doemone
1460 1688 1597 1719 correptus
1616 1691 1630 1708 e
1667 1677 1781 1719 AT¹¹³dj''‘·’³

57 1737 139 1754 curru
152 1736 273 1765 praeceps
287 1725 394 1763 agitur,
412 1731 492 1763 atque
509 1725 598 1753 furens
613 1725 731 1754 lacerare
743 1738 839 1765 corpus
853 1727 957 1766 incipit.
973 1727 1022 1755 tlte
1036 1750 1043 1761 ,
1066 1727 1140 1755 velut
1155 1727 1221 1755 alter
1238 1727 1450 1766 Babyloniorum
1464 1739 1511 1756 rex
1534 1728 1627 1756 Nabu-
1639 1716 1782 1759 *peitiz-'musana

56 1773 222 1803 chodonosor
234 1796 243 1808 ,
261 1780 360 1816 uaturze
383 1773 483 1801 oblitus
507 1773 630 1802 humanae
641 1796 649 1811 ,
665 1774 762 1804 similis
773 1786 838 1814 apro
849 1798 857 1811 ,
871 1775 940 1803 iuter
961 1786 1041 1814 apros
1061 1775 1234 1813 versabatur,
1248 1782 1273 1804 et
1287 1775 1386 1804 exinde
1405 1776 1526 1814 gramine
1540 1787 1630 1816 pasce-

56 1820 146 1850 batur.
160 1821 201 1850 En
214 1832 272 1859 qnae
288 1828 350 1849 tunc
364 1821 415 1849 loci
429 1821 528 1849 fiebant
544 1821 675 1860 prodigia.

96 1870 199 1898 Verum
217 1867 281 1906 qnid
296 1868 352 1906 regi
365 1868 418 1897 dici
434 1868 528 1896 debuit
540 1869 552 1896 ,³
566 1870 589 1898 O
608 1880 655 1898 rex
666 1892 675 1904 ,
699 1880 807 1898 servum
820 1870 870 1898 Dei
883 1893 890 1905 ‚
907 1877 1004 1899 satanae
1018 1870 1140 1909 vestigiis
1153 1871 1276 1899 insistens
1289 1894 1297 1908 ,
1312 1871 1496 1900 subsannabas
1508 1883 1516 1907 ;
1531 1870 1631 1901 idcirco

57 1921 82 1943 et
96 1914 158 1949 ille,
174 1915 216 1943 cui
231 1913 365 1942 serviebas
377 1936 385 1951 ,
408 1921 434 1942 te
446 1936 453 1949 ,
466 1915 541 1952 jussu
558 1915 607 1943 Dei
632 1917 687 1943 veri
705 1926 784 1953 quem
807 1916 871 1944 colit
888 1927 1002 1955 magnus
1027 1917 1194 1955 Gregorius,
1217 1924 1323 1955 torquet
1350 1925 1374 1946 ct
1395 1918 1541 1946 excruciat.
1565 1919 1630 1947 Tibi

57 1960 138 1989 viluit
152 1970 248 1999 corpus
262 1959 352 1994 beati,
368 1970 449 1997 quem
469 1967 529 1999 post
549 1961 683 2000 supplicia
705 1961 731 1990 in
754 1973 887 1990 carcerem
903 1970 927 1991 et
943 1964 1046 1991 foveam
1068 1963 1231 2002 profundam
1253 1964 1388 2003 injecisti3
1405 1964 1520 2003 ideoque
1534 1975 1631 2004 corpus

57 2014 135 2035 tuum
150 2007 177 2034 in
194 2007 252 2045 apri
266 2017 362 2045 corpus
377 2004 570 2035 commutatum
583 2008 678 2036 cernis.
694 2009 829 2044 Quoniam
841 2010 909 2039 adeo
924 2010 1006 2049 impie
1019 2010 1103 2038 insani
1116 2010 1176 2047 isti,
1188 2017 1217 2039 ut
1232 2021 1296 2039 vero
1312 2012 1366 2039 Deo
1381 2011 1525 2039 contraires
1538 2034 1546 2048 ,
1564 2011 1630 2040 dum

57 2054 164 2083 fidelem
179 2055 235 2092 ejus
251 2064 361 2082 servum
374 2055 511 2083 cruciabas
523 2066 530 2089 3
542 2055 599 2093 jam
614 2056 662 2084 tibi
679 2056 740 2085 licet
753 2068 799 2096 per
814 2058 955 2096 pessimam
968 2064 1041 2086 tuam
1055 2058 1161 2097 plagam
1181 2065 1209 2085 ut
1226 2058 1275 2086 tibi
1290 2058 1429 2093 consulas,
1444 2065 1523 2096 atque
1538 2066 1566 2086 ut
1583 2070 1631 2098 per

57 2113 114 2130 eam
129 2112 209 2140 quam
223 2101 332 2130 indutus
344 2112 371 2130 es
388 2103 446 2141 apri
462 2102 594 2139 sormam,
612 2110 731 2132 satanam
747 2105 792 2142 qui
809 2112 833 2133 tc
848 2105 1015 2133 conculcavit
1032 2105 1146 2144 pedibus
1162 2106 1283 2141 obteras,
1298 2113 1438 2145 postquam
1457 2116 1516 2134 cum
1534 2105 1629 2135 Adami

57 2150 126 2189 pelle
141 2156 257 2178 setosum
272 2156 348 2177 tuum
366 2156 471 2187 tegmen
487 2151 703 2179 commutaveris.
721 2152 791 2186 Quia
808 2153 933 2192 expedita
951 2153 1042 2191 lingua
1059 2160 1182 2181 sanctum
1198 2153 1278 2181 istum
1294 2154 1384 2181 virum
1401 2153 1569 2181 contumeliis
1586 2154 1631 2182 as-

56 2197 162 2234 fecisti3
180 2196 281 2225 idcirco
296 2196 416 2225 belluina
435 2197 480 2225 dic
495 2197 587 2236 lingua
602 2204 648 2226 tua
661 2220 669 2235 ,
685 2199 794 2228 Peccavi
811 2211 900 2228 coram
916 2201 1044 2229 Domino.
1055 2201 1125 2235 Quia
1143 2208 1169 2229 tu
1188 2201 1214 2229 in
1229 2208 1351 2229 sanctum
1376 2207 1522 2239 martyrem
1545 2209 1628 2240 caput

56 2244 203 2284 superbum
217 2243 379 2280 extollebas;
396 2244 456 2273 ideo
467 2255 620 2283 aprugnum
636 2253 714 2286 turpe
730 2254 805 2276 tuum
821 2255 900 2287 caput
917 2248 1025 2276 dimitte
1036 2271 1043 2285 ‚
1060 2249 1131 2287 quod
1153 2249 1178 2277 iu
1195 2249 1293 2277 soetcuti
1312 2249 1368 2277 luto
1384 2248 1501 2276 volutari
1517 2249 1626 2287 gaudet.

58 2291 130 2328 Quia
143 2302 177 2320 ex
190 2291 302 2319 arbitrio
317 2290 480 2319 cruciatibus
496 2291 658 2320 omnimodis
673 2293 749 2321 illum
767 2295 1101 2334 torquebas‚jubebasquc
1115 2295 1217 2323 domini
1234 2296 1271 2323 tui
1295 2295 1387 2333 tuique
1401 2295 1519 2323 doctoris
1534 2306 1629 2325 manus

57 2345 82 2368 et
96 2337 177 2378 pedes
191 2344 216 2366 et
233 2338 363 2366 cervicem
388 2337 483 2366 vinciri
496 2349 503 2374 ;
518 2338 618 2367 idcirco
638 2340 843 2369 transformatus
869 2341 896 2370 in
918 2342 1062 2370 anteriores
1078 2342 1135 2381 apri
1151 2341 1233 2381 pedes
1248 2353 1343 2370 manus
1358 2349 1416 2370 tuas
1434 2352 1563 2381 compone
1576 2366 1583 2380 ,
1600 2351 1629 2372 ut

55 2387 134 2426 juxta
151 2384 230 2425 pedes
244 2384 372 2424 martyris
384 2385 456 2413 illius
471 2387 645 2425 procumbas.
663 2388 721 2416 Non
738 2395 762 2416 tc
777 2388 871 2424 lateat,
887 2389 933 2427 qui
950 2389 1060 2418 rationis
1075 2400 1153 2418 usum
1168 2390 1301 2427 amisisti,
1316 2390 1442 2428 quintum
1455 2397 1479 2419 et
1494 2389 1629 2419 decimum

91 2476 116 2507 (1
130 2475 230 2507 )Caput
241 2476 365 2500 Armenia:
376 2482 399 2500 et
410 2476 476 2509 regia
489 2475 559 2501 sedes
572 2483 631 2502 tune
643 2478 762 2510 temporis
770 2485 824 2503 crat
834 2479 1135 2513 Vaglirarcha1›at;intra
1147 2488 1215 2513 ciuus
1224 2480 1308 2505 ruinas
1319 2479 1390 2504 sedet
1399 2480 1538 2505 etiamnum
1551 2489 1630 2514 pagus

58 2521 83 2540 et
97 2523 139 2539 ara
149 2514 358 2547 Edcliemiadzin,
370 2525 424 2549 quae
435 2516 509 2542 bodie
519 2517 591 2543 sedes
603 2523 639 2543 est
653 2518 777 2545 Catholici
791 2521 963 2545 Armenortun.
