1886 2846
413 186 445 208 IN
474 186 580 208 lit‘tS'r.

59 249 104 289 δέῃ
112 248 258 288 χρημάτων
268 247 470 287 κρατεῖν.’Ὶίστι
478 247 529 287 γὰρ
541 247 605 276 ὅπου
620 248 718 285 μᾶλλον
728 249 773 275 τοῦ
788 245 831 283 γε’-

61 307 146 335 ροντος
158 298 344 333 κατηγορεῖται
359 295 372 322 ὁ
389 293 453 327 νέος.
469 293 585 326 Ἰἑκεῐνος
608 294 655 331 μὲν
670 293 721 332 γὰρ
733 287 832 326 πολλῆς

611 186 628 208 A
635 186 655 207 l)
681 186 724 208 til-3
730 185 765 207 sstt
771 184 836 207 §.OS
843 197 850 205 .

1606 171 1622 180 ‚-

879 183 955 206 CAP-
985 183 1033 206 lv.
1063 182 1181 205 llOMlL-
1213 182 1271 204 vlt.
1561 180 1623 204 115)

884 244 947 274 dere
963 244 1120 273 virilitatem
1138 242 1331 282 temperanti-1¹,
1347 252 1529 281 nequaquam,
1543 253 1627 281 neque

884 290 993 329 quando
1007 297 1110 329 oportet
1129 289 1248 329 pecuniis
1268 289 1405 328 imperare.
1427 289 1476 318 Est
1494 289 1563 317 enim
1581 289 1626 317 ubi

61 343 144 370 δεῖται
166 340 305 379 θεραπείας
315 362 322 375 ,-
345 343 389 368 τοῦ
415 340 501 378 γήρως
524 339 716 373 ἐξασθενοῦντος
737 338 812 367 αὐτόν
827 351 832 356 ·
850 343 867 365 (ἶ
883 336 988 375 juvenis
1001 335 1085 374 tnagis
1100 334 1304 374 reprehenditur
1314 345 1394 372 quam
1406 345 1494 363 senex.
1508 335 1577 363 Nam
1589 345 1627 363 se>

60 383 133 420 οὗτος
148 386 174 415 δὲ
193 386 348 424 δυνάμενος,
370 385 414 414 ἐὰν
434 385 514 424 θέλῃ,
530 387 618 424 ἀρκεῖν
634 387 736 424 ἑαυτῷ,
757 384 833 416 ποίας

62 431 92 459 ἂν
107 430 182 470 τύχοι
204 429 378 468 συγγνώμης,
396 429 432 467 μὴ
456 429 628 468 βουλόμενος,
650 429 711 458 ὅταν
728 428 832 467 ἁρπάζῃ

63 477 161 514 μᾶλλον
176 478 221 504 τοῦ
234 476 370 515 γέροντος,
384 475 446 504 ὅταν
463 477 614 513 μνησικακῇ
625 498 632 511 ,
653 474 714 504 ὅταν
729 474 833 508 ἐξουθε-

63 525 110 561 νῇ,
124 523 186 553 ὅταν
201 526 211 538 c
222 522 259 560 μὴ
273 522 432 561 προΐστηται
443 523 544 560 μᾶλλον
557 524 601 550 τοῦ
614 521 732 560 γέροντος
742 543 750 556 ,
771 520 832 549 ὅταν

63 569 149 598 πολλὰ
173 568 318 608 φθέγγηται
342 568 473 607 ἀκαίρως,
488 567 548 596 ὅταν
575 567 682 606 ὑθρίζῃ,
699 566 758 594 ὅταν
780 567 833 594 λοι-

66 615 173 654 δορῆται
184 637 191 650 ,
207 614 270 643 ὅταν
282 614 378 652 μεθύῃ;
397 615 428 642 Εἰ
441 613 467 642 δὲ
481 616 507 643 ἐν
523 616 554 653 τῇ
571 613 724 652 σωφροσύνῃ
735 612 834 650 νομίζει

67 659 103 698 μὴ
121 659 246 689 δύνασθαι
260 661 442 697 ἐγκαλεῖσθαι,
452 659 500 698 ὅρα
508 660 584 688 αὐτὸν
596 659 641 688 καὶ
649 661 760 688 ἐνταῦθα
771 659 834 686 πολ-

65 705 99 734 λὰ
110 706 204 745 ἔχοντα
216 705 250 734 τὰ
267 706 441 743 βοηθήματα,
458 706 552 744 ἐάνπερ
571 705 707 744 βούληται.
729 705 761 733 1·ζί
784 704 834 741 γὰρ

65 752 110 779 καὶ
132 751 302 790 σφοδρότερον
314 752 390 780 αὐτὸν
405 755 450 779 τοῦ
464 750 584 790 γέροντος
599 753 615 785 ἦ
632 750 757 785 ἐπιθυμία
779 751 834 778 ἑνο-

65 797 138 835 χλεῖ,
153 796 211 824 ἀλλ’
223 796 294 834 ὅμως
315 797 370 825 ἐστὶ
386 796 486 832 πολλὰ,
502 796 518 824 ἂ
546 797 645 834 μᾶλλον
659 800 703 825 τοῦ
718 796 836 835 γέροντος

65 843 175 876 ποιῆσοιι
188 842 340 877 δυνήσεται,
352 842 396 870 καὶ
407 842 510 881 ἓποὶῗειν
526 842 555 870 τὸ
567 842 654 880 θηρίον
667 844 758 871 ἐκεῖνο.
768 843 837 870 Ποῖα

67 888 98 922 δὴ
114 888 197 916 ταῦτά
213 890 284 925 ἐστι,
296 888 377 917 Πόνοι
390 911 396 921 ,
412 888 571 926 ἀναγνώσεις
581 911 589 922 ,
604 887 776 927 παννυχίδες,
793 899 837 921 νη-

60 937 161 962 Ιστεῖαι.
179 934 214 963 Τι’
228 930 270 963 οἶν
285 935 349 973 πρὸς
370 938 440 972 ἡμᾶς
456 938 538 963 ταῦτα
554 933 604 973 φῂς
623 933 681 966 τοὺς
697 933 733 972 μὴ
758 934 837 971 μονά-

67 980 156 1012 ζοντοις
167 993 174 1016 ;
187 981 280 1009 Ταῦτα
293 981 351 1019 ἐμοὶ
366 980 465 1019 λέγεις,
481 980 537 1008 εἰπὲ
555 980 669 1018 Παύλῳ,
683 979 745 1008 ὅταν
756 979 819 1017 λέγῃ
830 1001 837 1013 ,

67 1024 268 1065 ’Ἀγρυπνοῧντες
288 1029 313 1056 ἐν
338 1027 410 1064 πάσῃ
426 1026 652 1065 προσκαρτερήσει
667 1025 711 1054 καὶ
735 1025 836 1060 δεήσει·

66 1069 127 1099 ὅταν
142 1072 205 1111 λέγῃ
215 1095 222 1107 ,
235 1073 292 1106 Τῆς
305 1072 400 1112 σαρκὸς
414 1072 537 1110 πρόνοιαν
550 1071 586 1109 μὴ
602 1073 716 1100 ποιεῖσθε
729 1072 765 1103 εἰς
782 1073 838 1100 ἐπι-

67 1116 173 1155 θυμίας·
192 1119 220 1146 οὐ
242 1117 293 1157 γὰρ
318 1118 349 1152 δὴ
376 1121 499 1156 μοναχοῖς
520 1119 602 1144 ταῦτα
629 1116 725 1155 ἔγραφε
745 1116 837 1154 μόνον,

886 393 938 412 nex
961 381 1070 421 quidem
1093 382 1177 410 multa
1199 391 1266 420 opus
1286 380 1364 409 habet
1388 381 1540 417 curatione,
1566 391 1625 408 cuin

886 440 946 458 eum
967 428 1134 458 imbecillum
1149 427 1243 456 reddat
1258 434 1378 455 senectus
1393 439 1399 454 ε
1412 427 1520 466 juvenis
1539 434 1628 455 autent

887 485 948 503 cum
963 474 1055 514 possit,
1073 473 1095 503 si
1107 473 1181 510 vetit,
1196 472 1248 501 sibi
1259 472 1391 508 sufficere,
1404 483 1548 509 quamnam
1561 483 1629 501 asse-

887 527 984 559 quetur
1000 520 1104 549 veniam
1114 543 1121 557 ‚
1137 518 1244 558 quando
1258 519 1344 557 magis
1360 519 1430 557 rapit
1443 529 1524 557 quam
1537 529 1628 554 senex,

887 566 993 605 quando
1006 573 1118 605 accepta)
1131 565 1216 604 magis
1227 571 1264 594 est
1277 575 1379 593 memor
1391 564 1508 603 injmiae,
1523 563 1629 602 quando

887 611 1017 651 despicit,
1032 610 1138 650 quando
1149 621 1200 639 non
1216 610 1302 649 magis
1313 610 1433 639 defendit
1446 620 1525 648 quain
1538 620 1629 646 senex,

887 657 994 696 quando
1009 658 1092 686 multa
1114 657 1234 695 loquitur
1255 657 1423 696 importune,
1440 655 1547 694 quando
1563 666 1629 684 con-

890 705 997 732 tumelia
1011 704 1106 741 afficit,
1121 702 1228 742 quando
1240 702 1383 731 maledicto
1398 702 1508 742 appetit,
1523 701 1631 740 quando

889 750 1056 779 inebriatur?
1071 750 1099 779 Si
1114 756 1202 778 autem
1218 749 1244 778 in
1261 748 1435 788 temperantia
1450 755 1475 777 et
1491 748 1632 777 continen-

891 796 924 824 tia
938 796 1074 825 existimat
1091 807 1118 824 se
1135 806 1185 824 non
1202 805 1277 834 posse
1291 793 1465 834 reprehendi,
1486 793 1550 823 vide
1570 803 1632 822 eum

891 842 935 871 hic
960 853 1065 881 quoque
1090 842 1172 870 multa
1198 841 1296 869 habere
1316 840 1480 880 adjumenta,
1507 839 1530 868 si
1554 839 1630 868 velit.

891 890 960 916 Nam
975 889 1022 916 etsi
1037 887 1171 927 cupiditas
1187 894 1211 915 et
1226 886 1310 915 libido
1325 886 1348 914 ci
1362 885 1448 924 magis
1465 892 1503 914 est
1523 885 1633 913 molesta

891 945 971 972 quam
986 934 1052 969 seni,
1068 941 1129 961 sunt
1144 940 1231 961 tamen
1245 932 1329 960 multa
1345 942 1405 970 qua:
1418 931 1534 971 potuerit
1547 930 1633 969 magis

891 980 976 1008 facere
997 989 1078 1017 quam
1095 989 1185 1011 senex,
1208 985 1233 1006 et
1254 978 1329 1006 illam
1350 978 1484 1006 incantare
1508 976 1630 1005 bestiam.

893 1026 1024 1060 Quaenam
1041 1034 1070 1051 ea
1083 1023 1169 1051 sunt?
1184 1023 1314 1058 Labores,
1330 1023 1468 1058 lectiones,
1482 1023 1634 1062 pervigilia,

888 1069 1000 1109 jejunia.
1013 1070 1067 1097 Cur
1080 1075 1170 1096 autem
1184 1068 1242 1096 hare
1254 1068 1330 1096 nobis
1341 1068 1409 1096 dicis
1420 1069 1465 1106 qni
1478 1079 1530 1097 non
1541 1078 1634 1096 sumus

892 1115 1037 1144 monachi?
1058 1115 1121 1143 Haec
1143 1115 1211 1143 mihi
1233 1114 1324 1142 dicis?
1345 1115 1389 1143 dic
1407 1116 1501 1153 Paulo,
1525 1115 1632 1154 quando

68 1162 136 1191 ἀλλὰ
158 1168 224 1192 πᾶσι
247 1168 300 1196 τοῖς
321 1166 392 1192 οὖσιν
408 1164 434 1191 ἐν
450 1167 507 1196 ταῖς
519 1162 622 1191 πόλεσι.
644 1162 689 1197 Μὴ
702 1162 754 1202 γὰρ
767 1165 780 1190 ὁ
794 1174 838 1190 κο-

69 1209 162 1246 σμικὸς
183 1208 281 1248 ὀφείλει
303 1221 329 1237 τι
343 1209 412 1248 ἔχειν
427 1208 505 1237 πλέον
521 1211 565 1236 τοῦ
584 1208 756 1246 μονάζοντος,
771 1207 788 1242 ἢ
809 1209 839 1237 τὸ

890 1162 973 1191 dicit:
988 1162 1150 1201 I'igilantes
1160 1163 1191 1189 ιἰι
1200 1162 1279 1188 omni
1287 1162 1433 1198 patientia
1442 1168 1467 1189 et
1480 1164 1612 1190 oratione
1621 1173 1629 1189 :
1644 1167 1787 1197 Coloss.',.2.

891 1208 998 1247 quando
1012 1208 1090 1246 dicit,
1105 1209 1210 1237 Carnis
1222 1217 1323 1235 curam
1336 1217 1372 1234 ne
1373 1207 1509 1246 feceritis
1520 1209 1529 1235 i
1534 1218 1552 1235 ιι
1563 1218 1631 1236 con-
1644 1213 1711 1234 Rom.
1728 1216 1763 1237 13.

891 1256 1085 1292 cupiscentiis.
1101 1254 1160 1282 Non
1169 1254 1241 1282 enim
1254 1252 1310 1281 haec
1323 1253 1410 1281 solum
1422 1253 1530 1292 scripsit
1540 1264 1633 1282 mona·
1647 1243 1684 1273 ¹4·

928 1300 934 1305 η
1101 1299 1106 1304 .
1212 1300 1216 1304 .
1305 1299 1310 1304 .
1400 1299 1405 1303 .
1667 1290 1678 1303 θ
1709 1292 1786 1305 muti-1-

891 1300 959 1335 nbis,
976 1299 1022 1329 sed
1035 1299 1160 1328 omnibus
1172 1310 1218 1337 qu1
1230 1306 1291 1328 sunt
1304 1310 1331 1328 ιιι
1345 1299 1468 1328 urbibus.
1483 1300 1542 1327 Non
1556 1299 1634 1328 debet
1645 1314 1699 1334 eltis.

69 1255 173 1293 γυναικὶ
187 1260 314 1284 συνοικεῖν
335 1256 412 1293 μόνον
420 1267 428 1291 ;
450 1256 561 1283 ἐνταῦθα
576 1254 632 1293 ἔχει
655 1253 702 1289 τὴν
722 1254 838 1292 συγγνώ-

71 1313 134 1337 μην,
156 1301 182 1329 ἐν
207 1300 233 1329 δὲ
248 1305 302 1334 τοῖς
322 1301 411 1334 ἄλλοις
428 1300 531 1336 οὐκέτι,
548 1300 616 1329 ἀλλὰ
630 1300 718 1328 πάντα
733 1299 759 1333 ἐξ
781 1300 839 1335 ἴσης

71 1348 108 1386 τῷ
133 1347 269 1384 μονάζοντι
286 1347 411 1385 πράττειν
433 1346 509 1375 αὐτὸν
525 1348 652 1386 προσῆκε.
672 1346 723 1375 Καὶ
738 1348 760 1375 οἳ
784 1358 837 1384 μοι·

71 1393 196 1432 καρισμοὶ
217 1393 243 1421 δὲ
258 1395 282 1422 οἱ
294 1393 367 1432 παρὰ
379 1396 424 1422 τοῦ
437 1394 552 1431 Χριστοῦ
566 1394 595 1421 οὐ
608 1392 747 1431 μονάζουσι
761 1393 837 1430 μόνον

73 1439 136 1468 εἰσὶν
147 1440 295 1477 εἰρημένοι·
312 1439 368 1468 ἐπεὶ
380 1439 409 1468 τὸ
420 1443 471 1468 πᾶν
487 1439 607 1468 ἀπώλετο
620 1441 667 1474 τῆς
676 1439 839 1477 οἰκουμένης,

72 1485 117 1514 καὶ
140 1486 360 1525 κατηγορήσαμεν
389 1486 420 1514 ἂν
443 1484 569 1524 ὠμότητα
593 1488 638 1514 τοῦ
658 1487 735 1515 Θεοῦ.
759 1487 793 1515 Εἰ
813 1485 840 1515 δὲ

73 1534 97 1561 οἱ
112 1533 276 1571 μακαρισμοὶ
296 1536 349 1566 τοῖς
365 1531 519 1570 μονάζουσίν
535 1533 584 1560 εἶσι
595 1531 682 1570 μόνοις
695 1532 826 1571 εἰρημένοι
832 1554 840 1569 ,

74 1578 119 1606 καὶ
134 1577 177 1606 τὸν
192 1578 318 1617 κοσμικὸν
333 1581 362 1608 οὐ
376 1578 484 1607 δυνατὸν
499 1577 590 1610 αὐτοὺς
603 1579 780 1618 κατορθῶσαι,
796 1580 839 1608 αὔ-

74 1624 118 1657 τὸς
132 1624 159 1653 δὲ
175 1624 218 1653 τὸν
228 1625 312 1664 γάμον
328 1625 467 1664 ἐπέτρεψεν
476 1647 483 1660 ,
498 1624 550 1664 ἄρα
563 1624 638 1657 αὐτὸς
652 1623 752 1657 πάντας
763 1624 840 1654 ἀπώ-

74 1670 159 1699 λεσεν.
179 1671 212 1699 Εἰ
226 1670 277 1709 γὰρ
301 1671 329 1699 οὗ
355 1671 462 1700 δυνατὸν
480 1670 546 1709 μετὰ
568 1670 653 1709 γάμου
669 1669 702 1699 τὰ
722 1672 774 1699 τῶν
789 1683 839 1708 μο-

73 1716 201 1750 ναζόντων
212 1721 305 1753 ποιεῖν,
321 1716 408 1746 πάντα
425 1717 545 1746 ἀπόλωλε
555 1717 600 1746 καὶ
615 1716 783 1756 διέφθαρται,
794 1717 840 1746 καὶ

891 1347 962 1376 enim
977 1346 1129 1375 mundanus
1144 1357 1189 1374 seu
1212 1346 1348 1375 saecularis
1366 1346 1427 1385 plus
1442 1346 1540 1374 habere
1554 1356 1635 1384 quam

892 1395 1048 1431 monachus,
1062 1394 1113 1422 nisi
1126 1393 1153 1422 in
1166 1393 1218 1422 hoc
1231 1394 1328 1431 solum,
1340 1393 1414 1432 quod.
1428 1393 1565 1422 cohabitat
1575 1404 1636 1422 cum

891 1453 976 1472 uxore
988 1454 993 1471 :
1006 1442 1052 1472 hic
1063 1442 1143 1471 datur
1155 1442 1178 1470 ei
1190 1442 1278 1477 venia,
1295 1442 1322 1470 in
1336 1441 1396 1470 aliis
1411 1448 1500 1470 autem
1512 1441 1634 1478 minime,

891 1490 938 1519 sed
953 1490 1042 1519 omnia
1057 1500 1118 1518 eum
1137 1497 1241 1530 oportet
1255 1490 1341 1518 facere
1354 1500 1428 1528 oeque
1446 1496 1526 1528 atque
1539 1500 1636 1518 mona-

892 1536 986 1566 chum.
1009 1537 1070 1567 Jam
1085 1547 1148 1566 vcro
1170 1543 1196 1565 et
1215 1536 1395 1565 beatitudines
1415 1547 1474 1575 quse
1490 1548 1505 1565 a
1527 1537 1635 1566 Christo

892 1583 969 1612 dictae
985 1590 1057 1621 sunt,
1073 1594 1125 1612 non
1138 1583 1217 1612 dietae
1229 1590 1290 1612 sunt
1301 1584 1388 1612 solum
1405 1584 1559 1621 monachis,
1572 1595 1635 1613 nam

893 1628 1014 1668 periisset
1031 1635 1102 1658 totus
1115 1628 1188 1657 orbis
1202 1635 1290 1663 terrae,
1307 1635 1332 1657 et
1348 1639 1532 1658 accusaremus
1547 1630 1635 1658 Deum

893 1672 1071 1702 crudelitatis.
1089 1673 1118 1702 Si
1130 1679 1218 1701 autem
1232 1672 1411 1702 beatitudines
1424 1673 1502 1702 dictae
1518 1680 1580 1702 sunt
1595 1684 1635 1702 so·

894 1717 927 1746 tis
941 1716 1089 1752 monachis,
1106 1724 1130 1746 et
1145 1717 1203 1746 fieri
1220 1727 1272 1746 non
1287 1724 1373 1757 potest
1389 1724 1417 1746 nt
1431 1727 1474 1746 cas
1488 1727 1635 1755 consequa-

108 1803 118 1814 e
137 1800 175 1825 Μὴ
187 1801 321 1828 προϊστῆται
339 1800 490 1827 suspectum.
505 1794 554 1820 Sed
568 1794 608 1819 hic
621 1793 709 1819 deficit
725 1794 827 1819 colber-

880 1801 905 1819 et.
925 1794 1021 1825 viduis,
1050 1797 1115 1820 inter
1142 1794 1279 1820 Christiani
1305 1796 1429 1828 praeeipua
1455 1795 1539 1821 officia
1563 1797 1636 1829 ponit

75 1836 150 1860 tinus.
166 1834 333 1871 [προΐστασθαῃ
348 1835 513 1868 patrocinari,
527 1833 706 1859 infirmioribus
715 1833 832 1861 videlicet

882 1833 973 1868 Chrys.
993 1834 1061 1860 Nihil
1069 1835 1178 1866 suspecti
1191 1834 1232 1859 hic
1243 1835 1304 1868 est]

494 1929 669 1958 MUTIANO
691 1928 944 1958 SCHOLASTICO
967 1928 1223 1958 INTERPRETE.

75 2017 113 2039 est
127 2009 174 2038 ubi
188 2010 273 2048 magis
290 2010 352 2049 plus
366 2009 541 2048 senejuvenis
555 2009 689 2048 culpatur.
703 2009 752 2037 Ille
766 2008 867 2047 quippe
881 2008 966 2037 multa
982 2008 1118 2036 curatione
1132 2018 1200 2047 opus
1219 2007 1311 2043 habet,
1329 2008 1487 2038 debilitante
1500 2009 1578 2045 illum
1592 2020 1637 2039 sc-

75 2065 196 2087 nectute:
210 2058 260 2087 iste
273 2065 361 2086 autem
377 2057 453 2086 sortis
466 2064 516 2091 est,
531 2057 551 2085 si
568 2057 683 2086 voluerit
697 2057 815 2096 seipsum
828 2066 928 2093 regere.
946 2056 1060 2090 Qualem
1075 2056 1182 2084 veniam
1195 2063 1337 2093 mereatur,
1360 2067 1421 2084 cunt
1438 2057 1508 2095 rapit
1522 2058 1638 2096 amplius

75 2117 155 2145 quam
168 2115 265 2141 senex,
280 2115 340 2133 cum
355 2111 424 2133 tenet
438 2104 540 2132 malum
552 2104 578 2132 in
591 2103 685 2140 corde,
701 2104 767 2132 dum
784 2114 835 2132 non
848 2103 962 2142 adjuvat
977 2114 1080 2138 senem,
1097 2102 1163 2131 dum
1178 2103 1262 2131 multa
1278 2103 1410 2141 superflua
1424 2103 1554 2141 loquitur,
1572 2104 1638 2133 dum

75 2151 198 2191 injuriat,
210 2151 276 2179 dum
296 2150 366 2178 male
379 2149 456 2187 dicit,
478 2149 544 2178 dum
559 2150 731 2178 inebriatur?
744 2150 773 2178 Si
792 2156 881 2177 autent
901 2149 935 2178 de
956 2149 1131 2188 temperantia
1148 2156 1226 2188 putat
1241 2160 1291 2177 nou
1307 2160 1382 2188 posse
1395 2150 1516 2189 culpari,
1532 2151 1640 2180 attende

75 2199 154 2227 illum
167 2205 192 2226 et
206 2198 245 2226 ibi
263 2197 347 2226 multa
360 2196 494 2236 adjutoria
515 2197 669 2233 habentem,
691 2197 714 2225 si
729 2204 817 2225 tamen
833 2197 950 2225 voluerit
964 2209 969 2224 z
989 2206 1020 2224 ae
1039 2196 1060 2224 si
1077 2197 1148 2225 enim
1165 2207 1215 2225 uon
1233 2197 1351 2225 validius
1366 2208 1437 2231 eum,
1456 2208 1535 2235 quam
1551 2209 1639 2227 senem

77 2244 211 2284 cupiditas
224 2245 353 2282 stimulet,
371 2251 459 2273 tamen
475 2252 537 2273 sunt
551 2245 635 2273 multa
658 2245 684 2273 in
699 2245 799 2283 quibus
814 2245 910 2282 magis,
930 2255 1011 2282 quain
1032 2254 1113 2272 senex
1128 2245 1226 2283 poterit
1241 2244 1374 2279 laborare,
1393 2251 1421 2272 ut
1435 2245 1546 2273 bestiam
1563 2245 1640 2275 illam

75 2286 200 2322 incantet.
207 2293 274 2327 Quae
281 2299 343 2320 snm
352 2291 401 2320 ista
411 2292 424 2320 Ρ
433 2293 560 2327 Labores,
569 2292 705 2326 lectiones,
714 2292 824 2329 vigilite.
835 2292 890 2321 Sed
899 2291 965 2330 quid
974 2291 1008 2319 ad
1020 2302 1066 2320 nos
1076 2291 1144 2326 hmo,
1159 2291 1259 2330 inquis,
1269 2291 1316 2330 qui
1328 2302 1378 2320 non
1391 2302 1483 2320 sumus
1495 2293 1616 2321 monachi
1626 2294 1640 2321 {¹

76 2340 138 2368 Haec
152 2339 219 2367 mihi
234 2338 322 2367 dicis?
333 2338 378 2367 dic
392 2339 487 2376 Paulo,
500 2350 563 2368 cum
576 2339 643 2368 dicit
658 2352 663 2367 :
681 2339 844 2377 Vigilantes
858 2341 889 2367 in
901 2343 980 2368 omni
991 2341 1138 2379 patientia
1152 2345 1179 2367 et
1195 2341 1348 2371 omninum
1364 2349 1425 2366 cum
1437 2337 1514 2374 dicit,
1533 2339 1640 2367 Carnis

75 2397 175 2415 curam
197 2396 233 2414 ne
249 2386 380 2425 seceritIs
399 2387 430 2414 in
443 2388 692 2425 concupiscentits.
710 2387 769 2415 Non
793 2386 864 2416 enim
885 2387 1024 2416 monachis
1037 2388 1095 2416 haec
1110 2386 1243 2415 scrihebat
1259 2393 1378 2419 tantum,
1393 2386 1439 2414 scd
1454 2386 1579 2415 omnibus
1593 2387 1639 2425 qui

75 2441 149 2463 erant
161 2433 189 2462 in
204 2433 368 2461 civitatibus.
383 2433 443 2461 Non
459 2433 530 2462 enim
543 2434 679 2462 saecularis
690 2434 770 2463 homo
782 2434 860 2463 debet
874 2435 978 2473 aliquid
993 2435 1109 2474 amplius
1125 2434 1223 2462 habere
1235 2434 1375 2471 monacho,
1389 2445 1469 2472 quam
1483 2444 1543 2462 cum
1556 2445 1642 2463 uxore

76 2479 251 2508 concumbere
264 2486 378 2507 tantum.
395 2479 445 2507 Hic
465 2479 536 2507 enim
549 2479 630 2508 habet
645 2480 761 2517 veniam,
779 2479 806 2508 in
819 2480 879 2509 aliis
893 2488 982 2510 autem
995 2491 1176 2519 nequaquam,
1189 2480 1234 2509 sed
1247 2480 1336 2508 omnia
1350 2480 1488 2518 (equaliter
1499 2480 1567 2509 sicut
1583 2491 1640 2509 mo—

78 2526 153 2555 nachi
166 2537 244 2565 agere
255 2526 360 2555 debent.
378 2527 446 2555 Nam
457 2533 482 2555 et
492 2526 672 2555 beatitudines
687 2538 745 2565 qum
757 2539 771 2556 a
784 2528 890 2557 Christo
905 2528 1044 2563 dicuntur,
1057 2539 1107 2557 non
1122 2527 1260 2556 monachis
1273 2534 1374 2556 tantum
1388 2527 1465 2556 dictae
1478 2534 1538 2557 sunt
1553 2539 1558 2554 :
1575 2527 1640 2556 alio-

77 2574 141 2612 ‹ptin
156 2581 226 2602 totus
241 2573 357 2602 mundus
372 2573 480 2612 peribit,
498 2580 521 2602 et
537 2574 722 2603 accusabimus
735 2575 919 2604 crudelitatem
937 2576 995 2605 Dei.
1014 2576 1041 2604 Si
1058 2587 1120 2605 vero
1136 2575 1314 2604 beatitudines
1333 2575 1396 2603 solis
1413 2574 1549 2604 monachis
1562 2574 1640 2603 dieta:
