1886 2846
227 191 233 210 1
251 191 288 213 12
550 190 579 212 S.
607 189 744 211 ‚tomus
770 187 950 210 Cttttx'SOST.

219 250 359 282 canitiem.
375 260 436 277 eum
459 256 487 278 tu
509 249 565 288 ipse
583 250 606 278 ei
623 250 702 278 t‘aeizis
726 247 872 288 iujuriam:
895 258 955 276 u.un

220 297 276 335 ipsa
292 306 398 333 quoque
411 295 445 323 de
460 302 484 323 te
497 294 574 323 debet
590 306 680 334 poeuas
693 305 811 329 sumere,
825 293 894 332 quuil
911 293 955 320 lia—

218 342 305 369 bitum
324 341 390 369 :uleo
405 339 574 379 splendidum
589 348 613 368 et
629 340 771 379 pretiosum
788 339 886 378 probro
899 337 956 365 nsti-

219 387 283 415 cias.
300 388 356 415 {Nou
368 386 424 414 lure
436 393 527 413 eontra
539 396 629 413 onmes
640 385 767 419 dicimus,
780 395 825 411 uec
836 382 955 411 absolute

219 443 233 459 a
249 442 291 460 me
303 431 383 460 verba
406 430 473 459 fiunt
490 430 616 458 adversus
631 436 788 457 senectutem
801 439 808 463 ;
830 437 881 455 non
896 436 954 454 sum

219 477 285 505 adeo
307 477 414 505 insanus
428 489 434 511 ;
451 476 497 504 sed
519 475 645 503 adversus
657 473 803 513 juvenilem
821 472 953 506 animam,

219 534 280 561 quae
293 523 423 552 dedecore
437 522 520 550 aflicit
533 528 691 550 scm-vuucin
706 531 711 546 :
724 529 807 556 neque
820 517 854 545 de
865 517 896 545 iis
908 517 955 555 qui

220 577 412 598 consenuerunt
425 569 479 597 lna-c
493 568 610 595 dolentes
622 566 746 598 dicimus,
760 563 803 592 sed
816 563 850 592 dc
864 563 897 592 iis
908 563 954 602 qui

220 617 343 645 canitiem
359 615 525 644 dedecorant.
541 614 626 641 Senex
639 612 708 640 enim
723 617 760 638 est
772 621 830 647 rex,
846 610 866 638 si
881 610 954 646 velit,
971 631 976 636 .

221 669 245 690 et
258 673 288 691 eo
301 662 346 700 qui
364 669 403 690 est
421 661 530 689 indutus
553 668 669 697 purpura
696 656 781 695 magis
804 656 915 694 regalis,
932 657 954 685 si

222 709 331 748 imperet
346 708 426 736 animi
440 705 696 746 perturbationibus‚
710 710 734 731 et
745 703 808 732 vitia
821 710 955 742 tamquam

219 754 345 783 satellites
368 753 418 781 sibi
439 751 561 789 subjiciat
577 761 582 777 :
596 749 635 778 sin
655 756 744 777 autem
766 748 888 777 trahatur
902 755 927 777 et
941 759 955 777 a

220 799 280 827 sede
293 799 445 837 dejiciatur,
468 803 492 824 et
509 795 640 835 peruium,
656 794 765 827 amoris,
782 794 873 833 gloriae
897 794 956 823 ina-

219 844 271 878 nis,
287 851 310 872 et
325 844 418 870 sut-:itm
432 841 566 879 elegantiae
581 840 790 878 deliciarumque
803 847 829 869 ct
842 839 955 868 ebrieta-

219 890 253 917 tis
264 896 288 917 et
306 889 348 916 irae
363 895 387 916 et
400 887 436 915 rei
449 897 564 915 venereae
578 886 625 914 fiat
640 896 749 921 servus,
765 892 790 914 et
804 885 874 925 pilos
885 885 955 914 infu-

218 941 256 962 cet
271 934 343 968 oleo,
358 941 384 962 et
398 933 519 961 ostendat
533 939 637 961 :etatem
649 942 664 959 a
678 931 762 960 libero
780 931 862 959 animi
882 931 958 960 arbi-

218 980 269 1008 trio
280 979 438 1007 contumelia
453 978 587 1014 affectam,
600 988 652 1016 quo
668 987 719 1006 non
731 977 809 1005 suerit
822 977 844 1005 is
858 976 956 1016 dignus

217 1025 373 1064 supplicio?
389 1024 443 1053 Sed
458 1034 506 1053 vos
517 1046 525 1061 ,
543 1024 671 1062 juvenes,
688 1032 721 1051 ne
736 1022 794 1051 sitis
809 1022 873 1051 tales
888 1034 894 1050 :
908 1033 955 1051 ne-

217 1081 268 1109 que
288 1071 359 1099 enim
373 1070 451 1098 vobis
472 1068 618 1107 ignoscitur
632 1067 653 1096 si
671 1068 794 1108 peccatis.
816 1067 957 1102 Quamob-

217 1117 296 1145 rem?
319 1116 453 1151 Quoniam
478 1115 540 1143 lieet
560 1124 615 1143 esse
634 1124 722 1143 senem
747 1113 773 1142 in
794 1114 955 1153 juventute3

216 1172 246 1190 ac
261 1162 329 1191 sieut
349 1168 409 1190 sunt
421 1162 533 1200 juvenes
553 1160 580 1188 in
596 1166 738 1196 senectute,
755 1159 790 1187 ita
810 1166 835 1188 et
850 1166 951 1188 contra.

216 1208 292 1236 Sicut
305 1207 377 1236 enim
391 1206 447 1235 illic
468 1205 539 1245 pilus
554 1205 692 1233 dealbatus
707 1205 839 1233 neminem
855 1211 956 1241 servat,

217 1253 256 1282 sic
271 1263 318 1282 nec
330 1252 374 1281 hic
387 1251 462 1290 niger
475 1251 608 1279 nerninem
620 1250 741 1290 impedit.
756 1251 825 1279 Nam
838 1250 886 1278 etsi
899 1250 956 1279 liaee

217 1309 276 1337 qua:
287 1297 346 1326 dixi
358 1307 446 1326 senem
461 1296 576 1325 reddunt
590 1295 794 1324 inhonestiorem
805 1295 890 1324 multo
902 1307 957 1325 ma-

218 1345 259 1383 gis
277 1354 358 1382 quam
369 1344 513 1383 juvencm;
529 1342 575 1371 sed
595 1350 682 1371 tamen
702 1353 749 1371 nec
760 1342 867 1381 juvenis
887 1342 956 1371 liber

218 1397 256 1419 est
271 1400 285 1418 a
298 1389 509 1428 reprehensione.
526 1389 593 1417 Nam
605 1388 700 1427 juveni
714 1394 777 1416 tunc
791 1388 877 1416 solum
888 1387 957 1417 dan-

220 1435 254 1464 da
269 1442 307 1464 est
329 1435 416 1470 venia,
432 1433 539 1473 quando
556 1440 666 1463 vocatur
680 1433 712 1462 ad
734 1444 822 1462 rerum
837 1433 957 1462 admini-

218 1481 380 1516 strationem,
395 1490 456 1508 cum
467 1480 501 1508 sit
515 1479 664 1520 imperitus,
679 1489 741 1508 cum
757 1485 876 1518 tempore
889 1489 957 1518 opus

218 1527 314 1556 habeat
325 1534 350 1556 et
361 1526 523 1567 experientia
533 1538 538 1554 :
548 1525 655 1564 quando
663 1533 751 1555 autem
761 1533 864 1566 oportet
871 1533 956 1555 osten-

252 1634 265 1647 *
283 1633 418 1665 [νεαςοὺτης
430 1641 509 1665 marg.
521 1632 613 1664 savit]

981 186 1131 208 Attcttttit‘.

252 1680 263 1691 υ
281 1673 312 1696 In
324 1671 376 1696 haze
388 1671 463 1695 verba
472 1692 478 1701 ‚
490 1675 501 1697 ὁ
514 1676 612 1700 τοιοῦτος
622 1675 693 1702 ἀξιος,
706 1670 798 1696 desinit
806 1671 858 1697 haec
868 1672 971 1696 homilia

1159 184 1426 208 CONSTAN'UNOP.

1007 258 1106 284 σομενξ,
1128 246 1174 281 Μὴ
1191 245 1262 279 ἀξίου
1288 246 1372 275 τοίνυν
1389 246 1431 276 διὰ
1449 247 1496 283 τὴν
1517 247 1609 276 πολιὰν
1626 249 1769 284 τιμᾶσθαι,

1006 292 1068 319 ὅταν
1091 291 1171 326 αὐτὴν
1187 292 1263 324 αὐτὸς
1277 293 1382 331 ἀδικῇς·
1400 292 1444 321 καὶ
1467 291 1517 332 γὰρ
1541 293 1585 321 καὶ
1605 291 1669 327 αὐτὴ
1696 292 1769 328 δίκην

1006 337 1102 375 ὀφείλει
1125 337 1198 377 παρὰ
1212 341 1257 366 σοῦ
1269 337 1368 374 λαθεῖν,
1390 338 1430 367 ὅτι
1451 340 1542 378 σχῆμα
1565 338 1686 376 λαμπρὸν
1702 337 1770 366 οὕτω

1006 381 1051 409 καὶ
1071 382 1156 420 τίμιον
1172 382 1364 422 καταισχύνεις.
1377 385 1418 413 Οὐ
1429 383 1497 412 κατὰ
1509 383 1614 413 πάντων
1631 386 1714 412 ταῦτα
1728 382 1771 411 λε’-

1006 438 1095 465 γομεν,
1110 428 1167 456 οὐδὲ
1181 428 1249 458 κατὰ
1260 432 1305 457 τοῦ
1315 428 1401 468 γήρως
1417 429 1506 462 ἁπλῶς
1517 431 1580 467 ἡμῖν
1592 432 1605 459 ὁ
1618 429 1709 468 λόγος,
1723 429 1771 467 οὐχ

1006 473 1074 503 οὕτω
1089 474 1194 512 μέμηνα
1203 497 1210 510 ,
1232 474 1301 504 ἀλλὰ
1315 474 1383 503 κατὰ
1397 476 1483 514 ψυχῆς
1496 475 1577 508 ι*νέοις
1590 475 1621 504 τὸ
1634 477 1716 514 γῆρας
1728 475 1771 503 αἰ-

1006 519 1148 559 σΛυνούσης
1159 532 1164 538 ·
1177 520 1235 549 οὐδὲ
1259 520 1324 559 ὑπὲρ
1347 521 1399 549 τῶν
1422 521 1605 560 γεγηρακότων
1619 524 1702 549 ταῦτα
1724 521 1771 548 ἀλ-

1004 569 1109 604 γοῦντες
1121 565 1245 605 λέγομεν,
1257 565 1325 595 ἀλλὰ
1349 567 1400 594 τῶν
1417 566 1644 605 καταισχυνόντων
1657 565 1705 601 τὴν
1720 577 1770 594 πο-

1005 612 1073 640 λιᾶν.
1089 611 1215 644 Βασιλεὺς
1230 612 1281 650 γάρ
1301 613 1371 640 ἐστιν
1394 614 1407 641 ὁ
1432 611 1532 650 γέρων,
1549 611 1593 639 ἐὰν
1619 610 1694 650 ἐθέλῃ
1705 632 1712 646 ,
1726 611 1773 639 καὶ

1004 660 1050 686 τοῦ
1061 657 1108 692 τὴν
1125 657 1266 697 ἁλουργίδα
1289 656 1394 696 ἔχοντος
1422 655 1639 697 βασιλικώτερος,
1658 657 1709 685 τῶν
1721 667 1772 685 πα-

1006 705 1057 731 θῶν
1072 705 1186 742 κρατῶν,
1210 703 1253 731 καὶ
1271 704 1296 731 ἐν
1312 702 1383 736 τάξει
1405 703 1553 742 δορυφόρων
1573 701 1726 731 ὑποτάττων
1739 701 1774 730 τὰ

1006 749 1090 783 πάοη’
1113 748 1156 777 ἐὰν
1169 748 1195 777 δὲ
1210 748 1333 785 ἕλκηται,
1352 748 1397 777 καὶ
1422 747 1634 782 καταὸιὸάζηται
1656 747 1709 776 ἀπὸ
1729 750 1774 776 τοῦ

1007 794 1113 833 Θρόνου,
1139 794 1184 823 καὶ
1198 795 1343 833 χρημάτων
1364 794 1459 833 ἔρωτος
1479 794 1525 823 καὶ
1547 793 1621 828 δόξης
1639 795 1715 828 κενῆς
1729 793 1774 822 καὶ

1007 841 1197 877 καλλωπισμοῦ
1215 839 1259 868 καὶ
1281 841 1378 879 τρυφῆς
1400 840 1444 868 καὶ
1472 840 1551 878 μέθης
1571 840 1614 868 καὶ
1634 840 1713 879 ὀργῆς
1729 838 1775 868 καὶ

1009 884 1167 924 ἀφροδισίων
1180 885 1284 923 γίνηται
1297 885 1384 917 δοῦλος
1395 907 1401 919 ‚
1425 885 1469 913 καὶ
1484 884 1684 919 καλλωπίζηται
1696 883 1775 923 ἐλαίῳ

1007 931 1054 966 τὴν
1068 931 1165 970 τρίχα,
1193 931 1238 959 καὶ
1257 929 1305 966 τὴν
1329 929 1433 965 ἡλικίαν
1456 930 1506 958 ὑπὸ
1526 931 1574 964 τῆς
1599 928 1776 968 προαιρέσεως

1008 976 1179 1016 ὑὸριζομένην
1195 976 1313 1015 δεικνύῃ·
1326 975 1403 1009 ποίας
1417 977 1464 1004 οὐκ
1483 975 1514 1003 ἂν
1528 975 1568 1010 εἴη
1588 974 1721 1007 κολάσεως
1741 976 1752 990 ⁸
1762 975 1776 1002 ὁ

1008 1026 1121 1055 τοιοῦτος
1133 1021 1217 1059 ἄξιος;
1230 1022 1310 1051 Ἀλλὰ
1337 1022 1374 1060 μὴ
1398 1022 1513 1061 γένοισθε
1527 1025 1637 1050 τοιοῦτοι
1661 1021 1684 1050 οἱ
1709 1020 1775 1049 νέοι·

1009 1068 1065 1097 οὐδὲ
1085 1068 1136 1107 γὰρ
1151 1071 1212 1106 ὑμῖν
1227 1067 1368 1106 συγγνώμη
1386 1067 1454 1095 ἐστὶν
1471 1066 1660 1105 ἁμαρτάνουσι.
1675 1065 1711 1095 Τί
1728 1065 1777 1100 δή·

1009 1126 1086 1150 ποτε;
1101 1114 1164 1143 “On
1176 1114 1259 1147 ἔξεστι
1269 1113 1379 1154 γέροντα
1389 1109 1455 1141 εἶναι
1470 1115 1494 1142 ἐν
1505 1112 1620 1148 νεότητι·
1633 1111 1677 1140 καὶ
1686 1111 1776 1151 ὥσπερ

1009 1162 1034 1189 ἐν
1049 1160 1118 1199 γήρᾳ
1134 1159 1185 1189 νέοι
1204 1160 1278 1194 εἰσὶν,
1290 1159 1358 1188 οὕτω
1372 1159 1416 1188 καὶ
1432 1158 1590 1187 τούναντίον.
1606 1158 1713 1197 εὨιι-περ
1725 1157 1776 1198 γὰρ

1008 1208 1062 1235 ἐκεῖ
1073 1206 1163 1235 οὐδένα
1174 1208 1190 1241 ἡ
1203 1205 1256 1246 θρὶξ
1268 1205 1455 1243 λευκαινομένη
1469 1203 1544 1238 σώζει
1554 1227 1561 1241 ,
1576 1203 1655 1237 οὕτως
1666 1203 1724 1232 οὐδὲ
1736 1204 1778 1232 ἐν-

1008 1255 1091 1282 ταῦθα
1107 1252 1218 1290 μέλαινα
1232 1247 1297 1281 οῧσα
1311 1251 1455 1289 ἐμποδίζει.
1469 1251 1503 1279 Εἴ
1517 1250 1567 1289 γὰρ
1581 1249 1777 1289 ἀσχημονέστε-

1010 1311 1051 1338 ρον
1067 1299 1109 1327 τὸν
1120 1297 1229 1338 γέροντα
1238 1300 1319 1326 ταῦτα
1329 1302 1407 1332 ποιεῖ,
1416 1296 1482 1335 ἅπερ
1494 1291 1577 1331 εἷπον,
1589 1293 1602 1310 b
1611 1295 1700 1334 πολλῷ
1711 1295 1776 1332 μᾶλ-

1008 1347 1053 1374 λον
1065 1345 1108 1373 τὸν
1120 1344 1176 1373 νέον
1186 1355 1192 1361 ·
1205 1344 1262 1372 ἀλλ’
1277 1342 1348 1381 ὅμως
1359 1342 1416 1371 οῦδὲ
1429 1344 1441 1370 ὅ
1456 1341 1511 1374 νέος
1521 1339 1681 1380 κατηγορίας
1693 1339 1777 1376 ἀπήλ-

1009 1392 1114 1418 λακται.
1125 1389 1190 1422 Νέος
1202 1389 1252 1428 γὰρ
1261 1389 1315 1416 ἐκεῖ
1325 1387 1434 1416 δύναται
1445 1386 1600 1426 συγγνώμην
1607 1385 1676 1425 ἔχειν
1688 1386 1776 1424 μόνον,

1010 1437 1070 1465 ὅταν
1093 1437 1129 1468 εἷς
1151 1434 1279 1469 διοίκησιν
1296 1432 1460 1473 πραγμάτων
1477 1433 1607 1467 καλῆται,
1623 1431 1685 1460 ὅταν
1700 1431 1776 1461 ἄπει-

1012 1493 1052 1521 ρος
1064 1477 1094 1520 ᾗ,
1105 1480 1166 1509 ὅταν
1177 1480 1271 1519 χρόνου
1281 1479 1371 1514 δέηται
1383 1478 1427 1507 καὶ
1440 1477 1532 1517 πείρας
1540 1489 1546 1495 ·
1554 1477 1616 1506 ὅταν
1630 1476 1656 1507 δὲ
1667 1477 1712 1515 δέῃ
1725 1489 1776 1506 σω-

1010 1526 1139 1566 φροσύνην
1149 1525 1194 1555 καὶ
1204 1524 1324 1564 ἀνδρείαν
1335 1523 1512 1558 ἐπιδείξασθαι
1520 1523 1620 1558 ,οὐκέτι
1629 1546 1636 1561 ‚
1646 1522 1702 1552 οὒδὲ
1712 1522 1774 1552 ὅταν

1023 1633 1104 1657 verbis
1116 1637 1162 1659 Ποῦ
1174 1634 1211 1659 οὖν
1222 1635 1377 1667 ἐχειροτονήθη
1396 1637 1453 1664 post
1473 1631 1588 1664 paginam
1607 1631 1730 1664 integram
1741 1628 1774 1654 ab

1022 1673 1109 1703 initio,
1123 1678 1151 1696 ut
1161 1671 1234 1696 estin
1247 1670 1336 1696 Editis.

219 1711 244 1735 iu
257 1709 329 1735 Colb.
343 1710 451 1735 nomina
463 1718 522 1735 xero
534 1718 650 1742 sequens,
664 1718 752 1742 nempe
764 1716 854 1736 octava
864 1731 870 1743 ‚
884 1712 972 1743 incipit
1055 1713 1067 1731 b
1087 1710 1161 1744 [Leg.
1174 1714 1249 1744 πολλῷ
1261 1713 1351 1743 μᾶλλον
1362 1714 1376 1740 ἡ
1388 1714 1425 1737 τὸν
1434 1713 1489 1741 νέον,
1500 1711 1602 1743 juvante
1613 1707 1747 1742 Mutinam]

640 1828 811 1856 MUTIANO
834 1828 1088 1858 SCHOLASTICO
1109 1826 1361 1857 INTERPRETE.

222 1946 361 1981 honorari,
373 1944 480 1984 quando
493 1945 549 1984 ipse
567 1944 627 1973 illos
649 1944 758 1983 injurias
773 1957 778 1972 ι
792 1955 854 1973 nam
865 1951 890 1974 et
906 1945 958 1985 ipsi
977 1945 1069 1974 ulcisci
1082 1955 1109 1974 se
1126 1945 1237 1982 debent,
1250 1945 1376 1985 quoniam
1389 1944 1496 1974 schema
1506 1944 1677 1984 splendidum
1688 1950 1715 1974 et
1723 1944 1772 1975 ho-

221 1993 340 2022 norabile
351 1991 502 2021 confundis.
519 1992 578 2021 Non
590 1992 718 2020 adversus
729 2002 819 2021 omnes
838 1992 895 2021 haec
909 1992 1037 2028 dicimus,
1056 2003 1140 2031 neque
1151 1992 1278 2022 adversus
1291 1998 1450 2021 senectutem
1465 1992 1585 2021 absolute
1598 1991 1674 2021 nobis
1685 2002 1772 2024 sermo

221 2047 276 2077 est;
290 2050 342 2069 non
356 2039 428 2068 enim
443 2038 559 2067 furiosus
571 2039 679 2067 effeetus
694 2049 751 2067 sum
763 2050 770 2074 ς
789 2039 834 2068 sed
845 2039 973 2069 adversus
988 2040 1106 2068 animam
1115 2039 1273 2079 juvenilem,
1289 2049 1349 2077 quae
1363 2045 1524 2067 senectutem
1538 2038 1676 2067 confundit
1689 2051 1696 2067 ι
1709 2037 1773 2067 inde

222 2098 270 2127 pro
287 2087 395 2116 senibus
408 2085 527 2114 dolentes
540 2085 596 2114 htec
611 2085 728 2113 dicimus
736 2087 956 2115 confundentibus
974 2098 1063 2116 canos.
1077 2088 1136 2116 Rex
1147 2085 1255 2125 quidem
1269 2093 1308 2115 est
1323 2096 1404 2115 senex
1416 2085 1439 2114 si
1454 2085 1584 2121 voluerit,
1595 2092 1621 2114 et
1638 2085 1671 2114 ab
1682 2095 1713 2114 eo
1725 2085 1773 2123 qui

222 2144 370 2173 purpuram
385 2133 476 2170 habet,
488 2132 572 2171 magis
587 2132 682 2171 regalis
697 2140 745 2168 est,
764 2133 830 2162 dum
845 2135 979 2172 passiones
995 2134 1077 2163 animi
1092 2133 1197 2168 vicerit,
1218 2139 1243 2162 et
1258 2133 1332 2162 velut
1343 2132 1488 2171 armigeros
1504 2132 1613 2172 subjicit
1628 2132 1772 2172 passiones.

223 2182 252 2210 Si
264 2191 326 2210 vero
340 2179 510 2209 abstrahatur
522 2186 548 2209 et
560 2179 701 2218 dejiciatur
712 2191 726 2208 a
738 2181 814 2217 solio,
828 2188 852 2209 et
864 2183 962 2210 amoris
975 2182 1160 2221 pecuniarum,
1173 2187 1198 2209 ct
1209 2180 1322 2210 ornandi
1333 2190 1429 2219 corpus
1441 2186 1466 2208 et
1476 2179 1634 2208 deliciarum
1645 2186 1671 2208 et
1683 2179 1773 2209 ebrie·

223 2229 284 2257 tatis
295 2235 319 2257 et
329 2227 474 2256 iracundia:
485 2234 511 2256 et
525 2237 695 2256 venerearum
706 2238 795 2256 rerum
808 2238 900 2257 servus
912 2230 1039 2265 effectu„
1053 2236 1078 2258 et
1089 2228 1186 2258 habeat
1197 2229 1278 2266 [add.
1290 2227 1401 2267 capillos
1413 2229 1424 2265 ]
1437 2227 1494 2255 oleo
1505 2233 1640 2266 comptos,
1654 2233 1773 2256 ettotam

223 2282 326 2304 aetatem
338 2285 413 2303 suam
428 2285 475 2314 per
486 2273 583 2302 malam
596 2274 761 2303 voluntatem
776 2275 892 2313 injuriet,
907 2277 978 2314 quali
991 2286 1068 2316 poena
1082 2286 1134 2305 non
1147 2275 1181 2305 sit
1192 2275 1290 2314 diguus
1300 2274 1476 2314 hujusmodi?
1489 2273 1543 2303 Sed
1553 2284 1604 2302 non
1619 2273 1773 2303 efficiamini

223 2322 301 2358 tales,
312 2323 465 2361 ojuvenes,
480 2331 565 2359 neque
581 2321 658 2350 vobis
672 2322 842 2361 peccantibus
859 2323 934 2351 venia
949 2323 1091 2352 tribuetur.
1106 2323 1218 2359 Quare?
1232 2322 1366 2357 Quoniam
1382 2321 1443 2350 licet
1457 2321 1507 2350 tibi
1517 2331 1606 2350 senem
1620 2331 1675 2350 esse
1689 2320 1716 2349 in
1727 2315 1774 2359 ju-

222 2377 330 2398 ventute
340 2392 347 2405 ,
363 2369 432 2397 sieut
446 2369 472 2397 in
484 2375 619 2397 senectute
628 2375 690 2397 sunt
700 2369 811 2408 juvenes
823 2381 830 2397 :
841 2370 878 2398 sie
891 2371 970 2400 etiam
982 2382 996 2400 e
1005 2371 1147 2400 contrario.
1159 2371 1234 2400 Sicut
1245 2370 1302 2398 illic
1316 2369 1448 2398 neminem
1459 2368 1573 2408 capillus
1586 2367 1664 2397 albus
1677 2367 1771 2404 salvat,

223 2416 260 2443 sic
271 2426 354 2454 neque
366 2415 410 2443 hic
424 2415 538 2453 nigellus
551 2415 665 2455 capillus
680 2415 800 2455 impedit.
814 2416 845 2446 Si
861 2417 931 2445 enim
947 2417 1153 2447 inhonestiorem
1164 2417 1223 2446 haec
1238 2427 1296 2455 quae
1311 2416 1370 2444 dixi
1386 2425 1474 2444 senem
1485 2414 1598 2450 faciunt,
1610 2413 1696 2442 multo
1708 2424 1770 2442 am-

221 2462 294 2501 plius
311 2473 391 2500 quam
403 2463 529 2501 juvenem
541 2474 547 2490 :
559 2469 741 2492 verumtamen
761 2473 809 2492 nec
819 2464 927 2503 juvenis
948 2465 1049 2494 alienus
1069 2472 1107 2494 est
1124 2476 1139 2494 a
1151 2465 1239 2504 culpa.
1260 2463 1373 2494 Juvenis
1386 2463 1487 2502 quippe
1501 2461 1540 2491 ibi
1554 2467 1658 2490 tantum
1672 2460 1770 2490 habere

221 2509 325 2537 veniam
340 2509 444 2548 poterit,
459 2510 524 2537 dum
541 2509 695 2549 imprudens
708 2511 772 2549 suit,
785 2511 852 2541 dum
863 2518 981 2551 tempore
995 2512 1094 2552 indiget
1108 2520 1133 2541 et
1147 2512 1311 2552 experientia
1328 2524 1335 2540 ι
1348 2522 1408 2540 cum
1422 2517 1509 2539 autem
1523 2518 1590 2548 opus
1606 2508 1656 2537 erit
1669 2515 1770 2548 tempe-

221 2555 368 2592 perantimn
381 2563 424 2583 aut
437 2556 621 2586 fortitudinem
633 2557 824 2594 demonstrare,
843 2570 1019 2597 nequaquam,
1037 2571 1118 2598 neque
1131 2559 1237 2598 quando
1249 2570 1315 2598 opus
1326 2558 1375 2587 erit
1387 2568 1400 2586 a
1415 2555 1534 2596 pecuniis
1546 2555 1694 2584 abstinere:
1708 2566 1769 2585 nam
