1906 2846
266 183 330 215 300
604 194 632 216 S.
660 194 797 217 JOANNIS
824 195 1004 218 CHRYSOST.
1036 196 1189 220 Ancntsst‘.
1219 197 1484 223 CONSTANTINOP.

116 259 179 281 nam.
194 267 214 282 ιι
231 262 242 289 l,
264 257 290 283 ci
303 265 469 293 responsum
492 265 509 282 a
531 255 632 292 spiritu
647 260 748 282 sancto
760 266 771 287 ,·
791 260 816 282 ct
835 264 937 292 rursuS‚
955 257 997 284 Et
1050 257 1144 296 σμένον
1158 258 1208 287 ὑπὸ
1223 261 1267 287 τοῦ
1281 259 1447 296 Πνεύματος·
1463 259 1507 288 καὶ
1528 260 1616 297 πάλιν,
1638 262 1690 290 Καὶ
1704 262 1729 290 τί
1743 262 1812 301 λέγει

114 525 171 544 llam
178 525 195 544 lc.

263 301 335 338 quid
355 301 425 328 dicit
449 298 637 336 responsum?
654 297 737 326 Vides
760 308 851 337 parem
866 299 996 329 honorem
1050 305 1063 331 δ
1078 314 1153 341 χρημ
1156 303 1264 340 ατισμός
1274 303 1379 343 309qu
1399 307 1444 332 τοῦ
1458 304 1611 342 Πνεύματος
1631 306 1661 335 τὸ
1681 306 1811 363 ἰσότιμον,

262 345 400 383 Spiritus?
423 344 489 372 sicut
511 343 580 371 cuim
598 344 668 371 Deus
684 343 834 382 respondet,
859 344 895 373 ita
916 345 996 374 etiam
1050 347 1122 376 ὥσπε
1112 348 1200 387 ργὰρ
1211 350 1224 376 ὁ
1235 349 1378 387 Θεὸςχρα,
1393 349 1460 377 οὕτω
1472 361 1517 378 και
1527 361 1556 378 το
1568 351 1678 387 Πνεῦμα
1688 352 1717 380 τὸ
1729 352 1811 390 ἅγιον,

262 390 380 428 Spiritus
396 395 508 417 sauctus.
525 388 580 416 Cur
594 395 682 416 autem
698 388 734 416 sic
747 388 843 417 dixit?
859 390 896 418 Ut
910 397 997 419 ostcn—
1015 395 1032 418 C
1051 393 1128 425 'lim
1143 393 1170 421 δὲ
1183 394 1268 422 ἕνεκεν
1283 405 1364 426 ουτως
1380 389 1467 429 simu
1478 394 1565 423 Ἵνα
1551 394 1695 433 οείξῃὸτιὸ
1708 408 1814 435 χρημα-

261 435 306 462 ι1.ιι
331 444 482 473 responsum
514 444 569 462 esse
598 434 772 472 prophetiam.
796 435 843 463 De
867 437 903 464 iis
934 447 997 475 (μαι)
1051 450 1143 475 τισμος
1160 438 1332 477 προφητείαε
1322 438 1385 467 ἐστί.
1404 439 1471 479 Περι
1485 442 1536 468 τῶν
1551 441 1617 477 μηδε
1620 452 1661 468 πω
1683 441 1816 478 βλεπομέ-

261 480 356 507 adhuc
372 490 429 507 uon
444 480 631 515 videbantur,
647 479 752 516 iuquitj,
767 479 817 507 boc
829 486 878 518 est,
892 480 925 509 de
938 481 997 520 plu-
1051 495 1111 519 νων,
1135 483 1213 522 φησί·
1234 484 1364 519 τουτέστι,
1379 488 1423 513 τοῦ
1444 487 1518 514 ὑετοῦ
1529 498 1534 503 ·
1561 486 1712 521 solae-qod:
1735 498 1814 514 κατε-

245 525 304 552 -xia
328 537 334 552 :
357 526 490 553 Metuens
515 527 626 563 aptavit
652 535 762 553 arcam.
788 525 866 553 Ratio
888 526 996 564 quidem
1051 528 1160 556 σκεύασε
1188 529 1311 558 κιὸωτόν.
1330 529 1364 558 Ὁ
1389 529 1434 567 μὲν
1458 531 1581 569 λογισμὸς
1606 531 1677 559 οὐδὲν
1701 534 1814 560 τοιοῦτον

261 570 328 597 uibil
345 570 394 598 talc
408 570 537 607 suggessit
557 582 562 597 :
583 577 695 608 nuptum
711 570 782 598 enim
796 570 895 599 dabant
907 579 932 600 ct
946 582 995 600 nu·
1050 574 1210 602 ὑπέίαλλεν·
1230 575 1342 612 ἐγάμουν
1357 575 1407 614 γὰρ
1430 575 1474 604 καὶ
1493 576 1685 614 ἐ(αυ.ίσκοντο,
1709 576 1761 614 ἀὴρ
1782 579 1815 611 ἠν

260 616 367 648 hobam,
381 627 425 643 aer
445 622 499 643 erat
517 626 609 654 purus,
627 616 702 653 sigua
718 626 769 643 non
784 623 877 652 crant3
895 616 940 645 scd
955 624 994 646 ta·
1051 620 1179 658 καθαρὸς,
1194 625 1292 657 σημεῖα
1304 622 1350 649 οὐκ
1360 623 1401 655 ἠν·
1414 621 1470 649 ἀλλ’
1483 620 1555 659 ὅμως
1580 621 1717 659 ἐφο6ήοη’
1706 625 1814 654 εκεῖνος·

261 672 319 689 meu
334 661 378 689 illc
391 668 427 688 est
443 661 542 688 veritus
564 672 569 687 :
593 660 651 688 idco
674 660 712 689 sic
727 660 797 689 dixit
813 673 818 688 :
835 663 909 690 Fide
923 663 995 699 Noe,
1049 665 1089 694 διὸ
1103 665 1147 693 καὶ
1162 665 1242 698 οὕτως
1265 669 1334 694 εἰπε
1356 666 1450 694 Πίστει
1466 666 1656 705 ’χρηματισθεὶς
1680 667 1740 694 Νῶε
1753 666 1815 705 περὶ

259 717 394 745 responso
410 713 527 744 accepto
545 707 580 733 de
598 708 633 733 iis
648 717 712 743 (711oe
725 707 823 735 aciliuc
838 718 896 736 non
910 709 994 736 vide·
1050 712 1100 738 τῶν
1126 711 1235 748 μηδέπω
1260 711 1435 749 βλεπομένων,
1463 711 1616 746 εὐλαὸηθεις
1640 711 1815 740 κατεσκεύασε

261 753 375 786 bantur,
393 759 529 785 rnetuens,
544 753 705 780 construxit
718 762 817 780 arcam
830 755 861 781 in
871 754 995 782 salutem
1049 756 1161 784 κιὲωτὸν
1180 758 1215 789 εἷς
1231 757 1362 795 σωτηρίαν
1380 760 1425 785 τοῦ
1443 757 1515 786 οἴκου
1530 759 1619 786 αὑτοῦ.
1633 758 1709 793 Πῶς;
1725 758 1767 785 Δι’
1783 753 1814 791 ἧς

259 796 359 823 domus
371 806 438 823 suoe.
456 795 597 831 Quomodo
608 795 621 822 9
638 797 697 823 Per
716 806 804 834 quam
819 798 996 826 condemna·
1050 801 1187 841 κατέκρινε
1200 802 1242 830 τὸν
1255 802 1373 840 κόσμον;
1390 802 1507 835 Ἔδειξεν
1529 802 1618 835 αὐτοὺς
1635 802 1720 835 ἀξίους
1739 802 1815 834 ὄντας

261 844 298 869 rit
312 843 461 870 mundum.
481 841 604 870 Ostendit
624 852 667 870 eos
681 842 776 881 dignos
790 844 934 883 supplicio,
948 845 996 882 qui
1050 847 1198 882 κολάσεως,
1223 847 1249 875 οῗ
1275 859 1305 885 γε
1332 848 1389 876 οὐδὲ
1410 848 1452 876 διὰ
1480 850 1527 883 τῆς
1551 850 1716 882 κατασκευῆς
1745 848 1815 876 ἐσω-

258 897 304 915 nce
321 897 366 925 per
380 887 455 915 illam
468 887 577 925 quidem
592 888 813 917 constructionem
827 889 996 927 corrigeban-
1049 892 1205 931 φρονίζοντο.
1228 893 1281 920 Καὶ
1303 895 1350 927 τῆς
1378 893 1447 921 κατὰ
1470 893 1568 929 πίστιν,
1587 893 1667 931 φησὶ,
1683 892 1815 921 δικαιοσύ-

257 939 310 968 tur,
325 943 372 960 nec
388 932 590 971 resipiscebant.
606 934 644 961 Et
662 935 786 972 justitioe
801 945 865 973 quse
876 946 930 973 per
946 936 994 974 fi-
1011 946 1030 968 1)
1047 951 1093 973 νης
1110 938 1211 977 ἐγένετο
1225 938 1386 993 κληρονόμος
1400 951 1406 956 ·
1425 939 1568 974 τουτέστιν,
1586 939 1639 967 ἀπὸ
1656 937 1749 967 τούτου
1773 938 1814 967 δί-

257 978 320 1005 dem
336 984 395 1013 est,
412 979 494 1006 heres
515 984 557 1006 est
571 980 741 1012 institutus;
762 978 813 1007 hoc
835 986 883 1015 cst,
908 990 943 1008 ex
964 991 994 1009 eo
1047 995 1119 1016 καιος
1130 983 1225 1022 ἐφάνη,
1241 984 1293 1012 ἀπὸ
1307 996 1351 1012 του
1367 988 1504 1013 πιστεῦσαι
1517 996 1554 1012 τι)
1569 985 1640 1023 Θεω.
1654 985 1741 1012 Τουτο
1762 982 1814 1024 γὰρ

252 1023 341 1061 justus
354 1023 489 1062 apparuit,
506 1023 578 1061 quod
594 1025 650 1052 Deo
665 1023 788 1052 credidit.
802 1025 860 1053 Hoc
873 1025 942 1053 enim
955 1032 993 1054 est
1046 1031 1118 1068 'i‘U'L
1102 1042 1132 1064 ης
1141 1031 1196 1058 ἐστι
1209 1030 1321 1067 γνησίως
1340 1030 1404 1069 πρὸς
1419 1030 1495 1058 αὐτὸν
1506 1029 1671 1067 διακειμένης
1681 1051 1689 1065 ,
1699 1028 1744 1057 καὶ
1764 1041 1814 1067 μη-

256 1068 351 1096 ίΠῚῙῐΠῖθ
365 1069 465 1096 Sincere
478 1068 504 1096 in
520 1079 580 1097 eum
595 1069 706 1103 asfefflae,
724 1076 748 1097 θῑ
763 1080 821 1107 ‘11¹ae
833 1069 938 1108 J'Udicat
952 1070 993 1098 ni·
1046 1077 1087 1106 δὲν
1099 1075 1250 1114 πιστότερον
1265 1087 1316 1103 των
1332 1077 1411 1104 αὐτοῦ
1426 1075 1549 1114 ῥημάτων
1573 1078 1638 1104 εἶναι
1658 1073 1813 1113 κρινούσης,

256 1113 295 1141 hil
317 1124 371 1142 esse
385 1114 441 1153 ejus
455 1114 546 1142 verbis
558 1113 725 1151 credibilius,
745 1115 815 1143 sicut
829 1116 992 1144 contrarium
1045 1121 1118 1148 ‹ism-n
1108 1130 1179 1157 ρουν
1191 1121 1207 1153 ἡ
1221 1118 1329 1147 ἀπιστία
1344 1119 1502 1147 τούναντίον.
1513 1119 1547 1147 ‘H
1563 1119 1589 1147 δὲ
1603 1118 1692 1150 πίστις
1706 1118 1813 1153 εὔδηλον

256 1158 438 1187 incredulitas.
460 1159 508 1187 Est
528 1166 617 1187 autem
634 1160 814 1198 perspicuum,
839 1160 911 1198 quod
926 1161 992 1189 fides
1045 1164 1083 1193 ὅτι
1096 1163 1258 1198 δικαιοσύνην
1269 1163 1523 1202 ἐρ·(άζεται.”Ωσπερ
1534 1166 1609 1202 ἡμεῖς
1618 1163 1815 1202 ἐχρηματίσθη-

257 1211 381 1243 operatur
391 1204 533 1243 justitiam.
549 1204 625 1233 Sicut
638 1205 708 1233 enim
723 1215 769 1233 nos
782 1216 936 1244 responsum
948 1216 992 1234 ac-
1047 1223 1092 1247 μεν
1115 1210 1174 1249 περὶ
1189 1209 1293 1247 γεέννης
1304 1232 1311 1245 ,
1327 1209 1393 1237 οὕτω
1413 1211 1541 1242 κάκεῖνος.
1558 1209 1651 1237 Καίτοι
1663 1221 1693 1247 γε
1705 1210 1814 1247 ἐγελᾶτο

256 1250 376 1288 cepimus
388 1249 422 1278 de
437 1250 565 1288 gehenna,
590 1250 625 1278 ita
643 1250 688 1278 ille
702 1261 819 1288 quoquc.
833 1251 914 1289 Atqui
929 1258 992 1280 tunc
1002 1255 1119 1297 211τότε,
1132 1255 1176 1283 καὶ
1190 1254 1335 1287 ὠνειδίζετο
1347 1254 1391 1282 καὶ
1409 1254 1576 1292 ἐχλευάζετο·
1589 1255 1647 1282 ἀλλ’
1661 1253 1734 1291 ὅμως
1749 1253 1814 1292 πρὸς

256 1295 427 1332 irridebatur,
441 1302 502 1324 tunc
515 1296 620 1334 probris
631 1296 798 1324 afficiebatur
810 1304 834 1324 et
846 1297 993 1325 subsanna·
1011 1310 1030 1328 Α
1046 1301 1117 1330 οὐδὲν
1131 1300 1228 1328 τούτων
1242 1295 1302 1327 εἶδε.
1318 1299 1412 1327 Πίστει
1427 1299 1585 1336 καλούμενος
1599 1298 1734 1337 Ἀδραὰμ,
1747 1299 1814 1334 ὑπή-

256 1341 352 1377 batur;
366 1340 412 1369 sed
424 1348 508 1369 tamen
523 1341 556 1369 ad
570 1342 637 1369 nihil
649 1342 744 1370 horum
759 1342 869 1370 attendit
884 1355 889 1370 :
903 1342 929 1371 8.
943 1345 994 1371 Fi·
1047 1357 1137 1374 κουσεν
1151 1346 1259 1378 ἐξελΟεῖν
1281 1346 1317 1376 εἷς
1336 1344 1379 1372 τὀν
1394 1344 1484 1379 τόπον,
1504 1345 1531 1373 ὃν
1553 1344 1647 1382 ἔμελλε
1666 1344 1812 1381 λαμὸάνειν

257 1387 292 1415 de
316 1389 366 1424 qui
385 1393 510 1415 vocatur
531 1387 687 1415 Abrabam
703 1389 829 1416 obedivit
851 1391 882 1415 in
899 1389 993 1416 Iocum
1047 1392 1082 1422 εἷς
1093 1389 1283 1428 κληρονομίαν·
1296 1389 1340 1417 καὶ
1356 1389 1446 1423 ἐξῆλθε
1462 1389 1498 1427 μὴ
1521 1388 1694 1427 ἐπιστάμενος
1705 1393 1755 1418 ποῦ
1765 1389 1811 1428 ἔρ-

257 1434 344 1468 exire‚
368 1442 451 1470 quem
464 1439 632 1471 accepturus
652 1439 714 1461 erat
735 1435 766 1460 in
782 1433 970 1461 hereditatem
983 1445 991 1470 ;
1046 1447 1130 1474 χεται.
1144 1435 1238 1463 Πίστει
1252 1434 1408 1473 παρῴκησεν
1423 1436 1459 1466 εἷς
1469 1434 1516 1469 τὴν
1531 1437 1579 1472 γῆν
1594 1437 1642 1469 τῆς
1655 1434 1812 1473 ἐπαγγελίας

257 1484 283 1506 et
307 1479 377 1506 exiit
394 1480 522 1506 nesciens
537 1489 593 1517 quo
610 1481 672 1507 iret.
693 1480 722 1506 Ξ).
740 1480 814 1507 Fide
827 1479 993 1508 demoratus
1047 1483 1081 1513 ὡς
1099 1479 1248 1519 ἀλλοτρίαν,
1272 1481 1297 1508 ἐν
1322 1484 1429 1515 σκηναῖς
1453 1479 1613 1515 κατοικήσας
1635 1479 1702 1517 μετὰ
1718 1479 1811 1508 Ἰσαὰκ

257 1530 299 1551 est
320 1526 350 1550 in
374 1530 452 1552 terra
465 1526 694 1562 repromissionis
710 1531 860 1563 tamquam
872 1527 902 1552 in
922 1525 993 1553 alie·
1047 1526 1091 1554 καὶ
1104 1525 1203 1554 Ἰακὼὸ
1221 1528 1272 1554 τῶν
1288 1525 1506 1563 συγκληρονόμων
1519 1527 1566 1560 τ’ἤς
1585 1524 1744 1564 ἐπαγγελίας
1763 1528 1811 1560 τῆς

257 1579 307 1603 na,
330 1571 362 1596 in
381 1570 488 1597 casulis
508 1570 669 1597 habitando
690 1580 754 1597 cum
775 1571 863 1598 Isaac
885 1576 912 1598 et
933 1571 989 1598 Ja-
1048 1573 1136 1606 αὐτῆς.
1146 1571 1215 1600 Τίνα
1225 1571 1275 1610 γὰρ
1290 1567 1420 1607 εἶδεν,ῗνα
1433 1570 1554 1610 ζηλώσῃ,
1572 1570 1630 1599 εἶπέ
1641 1570 1811 1609 μοι;πατε’ρα

256 1615 308 1642 cob
320 1615 506 1643 coheredibus
517 1616 743 1652 repromissionis
754 1615 891 1653 ejusdem.
904 1616 992 1651 Quem
1046 1617 1167 1652 ἽΞλληνα
1178 1611 1233 1655 εἶχε
1253 1617 1297 1645 καὶ
1312 1616 1512 1656 εἷδωλολάτρην,
1524 1618 1665 1655 προφητῶν
1678 1616 1726 1645 οὐχ
1738 1617 1810 1652 ἠκη-

256 1661 325 1690 cnim
342 1660 422 1699 vidit,
439 1661 482 1690 dic
505 1661 580 1698 mihi,
606 1668 634 1690 ut
649 1672 708 1689 eum
725 1662 918 1690 aemularetur?
942 1673 990 1701 pa·
1048 1663 1116 1700 κόει,
1133 1662 1190 1691 οὐδὲ
1207 1662 1264 1700 ᾔῗει
1280 1665 1330 1691 ποῧ
1345 1662 1452 1701 ἤρχετο.
1467 1661 1578 1697 Ἐπειδὴ
1593 1661 1644 1701 γὰρ
1659 1663 1695 1694 εἷς
1705 1661 1810 1694 τούτους

673 1785 769 1813 MUTI
775 1785 847 1813 ANO
869 1784 1120 1815 SCHOLASTICO
1142 1784 1392 1814 INTERPRETE.

256 1901 315 1923 tum
330 1899 391 1922 erat
406 1903 425 1921 α
439 1894 543 1929 spiritu
551 1905 562 1926 ‚·
575 1899 600 1921 et
614 1892 722 1929 iterum,
740 1893 779 1921 Et
792 1893 864 1931 quid
875 1893 950 1922 dixit
966 1893 1117 1922 oraculum
1131 1893 1285 1920 divinum?
1300 1890 1495 1930 ContemplariS
1510 1891 1687 1929 aequalitatem
1700 1890 1810 1919 honoris

255 1941 281 1968 in
296 1939 400 1979 Spiritu
411 1939 523 1967 sancto?
536 1938 604 1967 sicut
618 1938 688 1967 enim
700 1940 771 1967 Deus
785 1939 832 1967 dat
844 1939 964 1977 oracula,
978 1939 1015 1968 sic
1029 1939 1109 1968 etiam
1121 1938 1237 1978 Spiritus
1250 1944 1367 1966 sanctus.
1382 1937 1472 1972 Quare
1485 1943 1575 1966 autem
1589 1937 1628 1966 sic
1638 1937 1733 1966 dixit?
1745 1938 1810 1966 Pro-

254 1987 343 2026 phetia
359 1987 430 2015 enim
445 1985 544 2014 dicitur
558 1985 706 2014 oraculum.
718 1987 764 2014 De
777 1987 822 2015 his
837 1997 901 2025 quae
916 1987 1012 2015 adhuc
1027 1997 1085 2015 non
1099 1987 1288 2020 videbantur,
1306 1985 1392 2022 inquit
1405 1996 1411 2012 :
1426 1984 1477 2013 hoc
1488 1991 1538 2019 est,
1551 1984 1585 2013 de
1593 1985 1726 2013 imbribus
1745 1997 1751 2012 ε
1769 1987 1809 2013 ti-

255 2043 334 2061 mens
349 2034 509 2061 construxit
520 2033 575 2060 sibi
590 2042 698 2060 arcam.
714 2032 892 2061 Ratiocinatio
905 2032 1005 2072 quippe
1016 2033 1085 2060 nihil
1096 2032 1123 2061 in
1134 2032 1185 2060 hac
1197 2042 1275 2060 causa
1289 2031 1420 2069 suggessit
1432 2042 1438 2058 ε
1454 2031 1599 2068 nubebant,
1614 2031 1709 2069 inquit,
1723 2038 1749 2060 et
1760 2042 1809 2060 nu-

255 2087 329 2119 ptum
336 2079 435 2108 dabant
442 2091 450 2117 3
462 2089 505 2108 aer
513 2078 629 2107 mundus
639 2086 663 2107 ct
673 2089 788 2115 serenus,
799 2080 874 2118 signa
883 2080 955 2108 nulla
966 2087 1052 2115 erant;
1062 2086 1244 2108 verumtamen
1256 2078 1346 2106 timuit
1354 2077 1408 2105 ille.
1419 2078 1501 2113 Fide,
1509 2077 1605 2115 inquit,
1616 2079 1680 2106 Noe
1687 2079 1807 2106 oraculo

254 2134 370 2165 accepto
379 2127 414 2154 de
423 2127 468 2154 liis
478 2136 541 2165 quce
549 2126 646 2154 adhuc
659 2127 741 2154 nobis
749 2127 929 2154 debebantur
935 2126 965 2163 [l.
978 2136 1036 2154 non
1047 2126 1169 2164 videb.]‚
1181 2129 1283 2153 umens
1292 2125 1453 2152 construxit
1462 2134 1561 2152 arcam
1573 2124 1614 2152 ad
1623 2125 1748 2153 salutem
1759 2125 1809 2152 do-

255 2183 318 2201 mus
334 2184 401 2209 suce,
413 2183 562 2211 perquam
573 2173 727 2200 damnavit
740 2173 888 2200 mundum.
901 2172 1063 2209 Quomodo?
1075 2171 1198 2201 Ostendit
1211 2171 1282 2199 enim
1294 2181 1336 2199 eos
1346 2170 1441 2208 dignos
1452 2169 1501 2198 hoe
1511 2170 1654 2209 supplicio,
1667 2170 1713 2209 qui
1723 2181 1810 2209 neque

256 2229 302 2258 per
314 2219 386 2246 illam
398 2218 620 2247 constructionem
630 2217 841 2256 corrigebantur.
857 2219 897 2246 Et
906 2220 1038 2257 justitiae‚
1051 2228 1115 2257 quae
1122 2217 1274 2256 perfidem
1285 2222 1337 2251 est,
1351 2217 1451 2254 sactus
1463 2222 1505 2244 est
1515 2216 1607 2246 heres.
1620 2216 1665 2245 Ex
1676 2215 1726 2244 hoc
1738 2216 1809 2245 enim

256 2266 380 2304 apparuit
393 2266 494 2304 justus,
516 2276 551 2293 ex
565 2275 595 2293 eo
610 2264 683 2302 quod
698 2264 813 2293 credidit
827 2265 884 2294 Deo
907 2277 912 2292 :
929 2265 980 2294 hoc
995 2265 1067 2294 euim
1089 2264 1184 2293 animae
1209 2270 1247 2292 est
1261 2274 1319 2301 quae
1342 2273 1368 2291 se
1383 2273 1506 2301 germane
1520 2262 1601 2291 habet
1617 2263 1652 2292 ad
1667 2264 1765 2298 Deum,
1784 2270 1810 2292 et

256 2312 345 2341 verbis
360 2312 432 2340 illius
448 2312 517 2340 nihil
532 2311 639 2340 fidelius
650 2311 753 2350 judicat
768 2325 773 2340 :
791 2312 860 2341 sicut
877 2312 960 2341 etiam
976 2312 1123 2341 infidelitas
1137 2318 1228 2340 contra
1242 2321 1268 2339 sc
1282 2310 1370 2338 habet.
1387 2309 1467 2338 Fides
1480 2316 1568 2338 autem
1582 2316 1683 2338 certum
1695 2316 1733 2338 est
1747 2310 1811 2348 quia

253 2359 384 2397 justitiam
398 2366 530 2398 operatur.
545 2359 622 2388 Sicut
636 2358 708 2386 enim
723 2359 862 2387 oraculum
877 2370 923 2388 nos
938 2359 1089 2398 accepimus
1101 2358 1134 2387 de
1147 2359 1279 2397 gehenna,
1293 2357 1330 2385 sic
1343 2363 1368 2385 et
1384 2357 1440 2386 ille.
1455 2357 1573 2385 Tametsi
1588 2356 1762 2393 irridebatur,
1773 2363 1812 2385 ta·

258 2403 333 2432 metsi
347 2404 570 2442 exprobrabatur,
581 2403 627 2432 sed
641 2410 728 2432 tamen
742 2403 775 2432 ad
789 2404 857 2432 nihil
872 2404 922 2433 tale
934 2405 1052 2433 attendit.
1068 2405 1143 2433 Fide
1154 2406 1205 2442 qui
1218 2405 1384 2432 vocabatur
1395 2403 1552 2431 Abraham
1566 2403 1691 2431 obedivit
1702 2403 1766 2430 Deo
1778 2408 1810 2430 ut

259 2451 347 2477 exiret
360 2451 391 2476 in
407 2451 509 2487 locum,
530 2461 612 2489 quem
631 2457 801 2489 accepturus
815 2457 877 2479 erat
895 2453 926 2479 in
943 2452 1132 2480 hereditatem
1141 2463 1152 2484 ;
1167 2457 1194 2478 et
1208 2452 1280 2478 exiit
1295 2451 1424 2478 nesciens
1439 2459 1494 2488 quo
1507 2451 1571 2477 iret.
1588 2449 1663 2476 Fide
1677 2449 1810 2477 demora-

260 2500 304 2522 tus
320 2501 361 2522 est
373 2497 403 2522 in
419 2501 494 2523 terra
508 2498 746 2533 repromissionis,
761 2503 913 2535 tamquam
925 2499 957 2525 in
971 2497 1081 2532 aliena,
1097 2499 1128 2525 in
1144 2496 1345 2525 tabernaculis
1360 2495 1521 2524 habitando
1533 2505 1600 2523 cum
1612 2495 1699 2522 Isaac
1711 2500 1738 2522 et
1752 2495 1808 2523 Ja-

258 2541 308 2568 cob
320 2541 505 2570 coheredibus
519 2545 745 2580 repromissionis
758 2544 892 2583 ejusdcm.
903 2543 991 2580 Quem
1003 2544 1073 2573 enim
1086 2543 1166 2581 vidit,
1179 2543 1223 2573 dic
1238 2543 1315 2579 mihi,
1327 2549 1358 2571 ut
1368 2541 1558 2571 aemularctur?
1570 2551 1630 2569 nam
1645 2547 1747 2580 patrem
1762 2551 1809 2580 pa-
