1906 2846
410 184 442 206 IN
473 184 581 206 1:1’15'1‘.
613 183 656 205 At)
685 182 852 205 infiniti-305.

81 249 213 287 λέγοντος,
234 247 274 276 ὅτι
297 246 378 278 Ξένος
403 246 456 284 εἰμὶ
485 246 530 274 καὶ
551 245 749 284 παρεπίδημος,
770 244 856 277 καθὼς

80 294 176 327 πάντες
191 295 215 322 οἱ
226 292 339 331 πατέρες
354 292 458 330 μου.οἱ
473 291 525 331 γὰρ
540 293 566 320 ἐν
581 295 690 327 σκηναῖς
705 302 857 320 κατοικουν-

79 352 134 374 τες,
147 341 171 368 οἱ
191 338 315 378 ἀργυρίου
332 350 377 366 και
389 337 486 376 τάφους
501 338 657 376 ὠνουμενοι,
672 337 775 372 δηλον*
760 349 800 366 οτι
816 336 856 369 ξέ-

80 397 119 414 νοι
133 397 200 418 τινες
214 384 296 416 οὕτως
317 387 400 419 ἦσαν,
415 383 484 412 ὥστε
507 384 574 421 μηδὲ
597 383 661 412 ὅπου
679 383 782 421 Οᾶψωσι
799 395 857 415 τους

80 430 186 471 νεκρους
198 432 298 459 ἑαυτῶν
319 429 363 469 ἔχε
353 442 398 458 -ιν.
423 425 530 465 ’1ίούν;
551 433 602 469 ἀρα
624 431 671 464 τ’ἧς
685 441 733 468 me
757 428 858 464 ἐκείνης

81 477 159 516 μόνον
180 477 294 515 {move
284 471 351 504 εἶναι
373 475 397 508 ξε
392 475 439 504 'tvo
463 478 511 510 τῆς
534 477 559 504 ἐν
575 475 757 515 Παλαιστίνῃ,
771 476 858 504 Οὐδα-

83 525 154 562 μῶς,
169 522 238 552 ἀλλὰ
249 523 296 556 τῆς
308 521 463 560 οἰκουμένης
482 522 583 557 πάσης,
593 522 637 550 καὶ
648 522 754 554 εἰκότως
765 533 770 538 ·
786 521 857 550 οὐδὲν

82 569 134 608 γὰρ
162 567 288 607 ἐθεώρουν
306 569 332 596 ἐν
351 568 416 605 αὐτῇ
432 567 530 597 τούτων
551 563 587 596 ὧν
613 567 764 603 ἐδούλοντο,
792 567 859 596 ἀλλὰ

82 615 170 644 πάντα
183 613 242 647 ξένα
256 613 301 642 καὶ
317 613 453 654 ἀλλότρια.
478 613 558 642 Αὐτοὶ
577 613 623 651 μὲν
639 608 682 642 οῧν
704 613 751 648 τὴν
764 613 858 653 ἀρετὴν

85 663 176 690 ἀσκεῖν
213 659 356 695 ἠὸούλοντο
380 671 385 676 ·
419 661 529 688 ἐνταῦθα
552 659 596 695 δὲ,
630 659 691 688 ἔνθα
717 655 750 694 ἦν
779 659 859 688 κακία

83 705 186 742 πολλὴ,
201 705 247 735 καὶ
273 706 421 739 ἀπεξένωτο
441 706 506 744 πρὸς
526 705 617 738 αὐτοὺς
637 705 670 734 τὰ
697 705 858 744 πράγματα·

84 752 176 782 οὐδένα
202 752 292 791 φίλον,
318 752 409 781 οὐδένα
438 753 532 780 οἰκεῖον
554 747 638 791 εἶχον,
664 751 733 786 πλὴν
765 750 858 789 ὀλίγων

82 799 169 826 τινῶν.
199 799 264 830 Πῶς
298 797 325 826 δὲ
355 797 422 831 ξένοι
451 793 536 833 {eoem
570 799 629 827 Οὐκ
657 797 859 834 ἐπιμελούμενοι

82 846 134 873 τῶν
161 845 287 873 ἐνταῦθα·
302 844 347 872 καὶ
370 855 446 873 τουτο
467 855 495 872 ου
516 844 559 872 διὰ
585 843 720 883 ῥημάτων,
735 843 802 872 &Da
814 855 859 871 και

85 889 128 918 διὰ
148 889 313 929 πραγμάτων
327 891 412 919 αὐτων
435 890 575 919 ἐδείκνυον.
594 891 657 922 Πῶς
675 902 720 918 και
735 889 785 918 τίνι
800 889 859 928 τρό-

84 947 144 975 πιι;)
166 931 233 965 Εἰπε
250 938 288 964 τῶ
303 936 441 975 Ἀδραὰμ,
465 937 514 976 ἄφε
504 949 528 970 ς
544 936 591 972 τὴν
614 935 730 975 πατρίδα
746 935 794 970 τὴν
818 936 859 963 δο-

84 994 190 1019 κουσαν,
199 993 245 1010 και
255 967 314 1010 ἐλθὲ
325 982 426 1017 επιτὴν
439 982 594 1020 ἀλλοτρίαν·
604 994 649 1009 και
660 983 706 1010 οὐκ
716 982 776 1010 ἅντε
779 992 860 1019 σχετο

85 1030 137 1057 τῶν
163 1027 276 1064 οἰκείων,
300 1029 358 1056 ἀλλ’
374 1029 409 1060 ὡς
428 1028 500 1063 ξένην
523 1027 627 1064 μέλλων
644 1026 764 1066 ἀφιέναι,
778 1026 860 1058 οὕτως

86 1075 265 1113 ἅπροσπαθῶς
288 1073 368 1108 αὐτὴν
393 1072 489 1102 εἴασεν.
512 1068 595 1101 Εἶπεν
622 1074 710 1111 αὖτω,
737 1072 860 1111 ἀνένεγκε

85 1120 128 1148 τὸν
145 1119 200 1148 υἱόν
210 1130 272 1148 σου·
288 1131 334 1148 και
345 1120 380 1152 ὡς
391 1121 438 1147 οὐκ
447 1118 514 1158 ἔχων
527 1118 598 1154 υἱὸν,
615 1118 697 1151 οὕτως
708 1118 786 1147 αὐτον
799 1118 861 1153 ἀνή-

85 1176 185 1202 νεγκεν,
200 1166 236 1197 ὡς
261 1165 309 1193 οὐκ
332 1165 499 1203 ἐνδεδυμένος
513 1164 560 1199 τὴν
575 1163 662 1204 φύσιν,
677 1163 759 1197 οὕτως
784 1163 862 1193 αὐτὸν

86 1210 224 1248 ἀνήνεγκε.
247 1210 291 1240 Τὰ
305 1211 434 1250 χρήματα
448 1210 524 1240 κοινὰ
539 1211 665 1246 ἐκέκτητο
683 1215 738 1244 τοῖς
757 1213 864 1251 παριοῦ-

86 1269 127 1286 σιν
141 1257 240 1292 ἅπασι,
261 1257 306 1286 καὶ
329 1256 402 1286 οὐδὲν
417 1257 446 1286 τὸ
461 1262 573 1297 πρᾶγμα
587 1260 692 1295 ἡγεῖτο·
717 1260 769 1286 τῶν
789 1270 862 1297 πρω-

85 1302 161 1332 τείων
175 1303 272 1342 ἑτέροις
283 1303 451 1342 παρεχώρει,
463 1305 498 1336 εἷς
512 1303 643 1336 κινδύνους
655 1304 745 1332 ἑαυτὸν
755 1303 863 1333 ἐνέὸαλ-

86 1351 130 1385 λε,
144 1349 225 1389 μυρία
237 1349 339 1388 ἔπασχε
364 1349 450 1378 δεινά·
476 1351 523 1378 οὐκ
547 1350 630 1383 οἰκίας
645 1350 776 1389 ᾠκοδόμει
792 1351 863 1389 λαμ-

87 1395 174 1434 πρὰς,
198 1394 255 1424 οὐδὲ
277 1395 390 1434 ἐτρύφα,
415 1397 465 1434 οὐχ
487 1395 600 1433 ἱματίων
621 1397 794 1434 ἐπεμελεῖτο,
817 1398 863 1425 οὐκ

88 1441 169 1470 ἄλλου
181 1440 296 1477 οὐδενὸς,
312 1440 390 1469 ἃτῶν
406 1441 518 1469 ἐνταῦθα
542 1442 627 1469 ἐστιν·
640 1441 709 1470 ἀλλὰ
727 1441 815 1470 πάντα
830 1442 863 1470 τὰ

89 1489 136 1522 τῆς
146 1488 201 1515 ἐκεῖ
222 1486 323 1520 πόλεως
338 1486 518 1522 ἐπολιτεύετο,
531 1486 676 1526 φιλοξενίαν
688 1487 863 1523 ἐπεδείκνυτο,

88 1532 275 1572 φιλαδελφίαν,
300 1533 495 1571 ἐλεημοσύνην,
518 1532 703 1568 ἀνεξικακίαν,
718 1534 863 1572 ὑπεροψίαν

88 1578 236 1618 χρημάῑων
260 1579 305 1608 καὶ
322 1581 367 1614 effi<
389 1579 522 1618 παρούσης
545 1579 619 1615 δόξης
644 1579 688 1607 καὶ
709 1581 760 1608 τῶν
778 1579 864 1608 ἄλλων

89 1625 223 1656 ἁπάντων.
244 1625 296 1655 Καὶ
306 1627 320 1654 ὁ
334 1625 426 1654 τούτου
441 1625 466 1654 δὲ
486 1629 550 1658 παῖς
562 1629 678 1658 τοιοῦτος
694 1621 740 1660 ἦν·
757 1626 864 1655 ἐλαυνό-

883 183 957 204 (ΣᾹΡ.
987 182 1033 204 Nl.
1065 182 1182 205 ttOMtL.
1213 183 1310 205 xxiv.
1592 173 1660 207 315

910 252 936 272 ut
954 243 1046 282 quivis
1062 245 1136 273 novit
1150 257 1154 271 :
1167 244 1231 273 audi
1245 245 1324 273 illum
1342 244 1475 274 dicentem
1490 258 1496 274 :
1512 248 1659 284 Quoniam
1672 263 1712 283 p„
1729 261 1757 283 33
1776 261 1811 283 13.

874 293 892 316 D
909 291 1025 319 advena
1041 301 1105 319 sum
1123 297 1150 319 et
1163 293 1342 330 peregrinus,
1356 293 1431 320 sieut
1445 302 1546 322 omnes
1560 300 1658 332 patres

909 338 974 365 mei.
988 337 1055 365 Nam
1070 336 1116 374 qui
1132 336 1290 365 habitabant
1305 336 1331 365 in
1348 337 1539 374 tabernaculis,
1552 339 1598 377 qui
1615 349 1659 378 pe-

908 382 987 411 cunia
1003 382 1083 411 etiam
1099 383 1221 411 emebant
1236 383 1358 422 sepulcra
1370 406 1377 420 ,
1393 383 1511 423 hospites
1527 385 1620 423 utique
1634 392 1660 414 et

910 427 1046 467 peregrini
1068 435 1160 462 erant,
1176 434 1206 457 ut
1223 428 1270 466 qui
1286 438 1318 456 ne
1332 428 1460 458 baberent
1482 429 1594 467 quidem
1613 430 1660 458 ubi

909 484 971 502 suos
994 474 1144 513 sepelirent.
1170 474 1246 510 Quid
1266 474 1351 513 ergo?
1371 473 1531 504 dicebantne
1555 486 1583 504 se
1605 486 1662 504 esse

911 520 1030 560 hospites
1054 527 1159 549 tantum
1176 520 1203 548 iu
1222 520 1389 549 Palaestina?
1402 521 1591 559 Nequaquam,
1612 522 1660 550 sed

911 567 937 595 in
955 574 1009 596 toto
1024 567 1108 601 orbe;
1125 574 1150 596 et
1165 567 1270 596 merito.
1293 567 1370 596 Nihil
1387 567 1458 596 enim
1479 567 1506 596 in
1528 579 1558 596 eo
1583 568 1660 597 vide-

913 613 977 642 bant
991 624 1084 642 eorum
1103 624 1162 652 qua*
1178 613 1322 649 volebant,
1335 612 1380 642 sed
1403 620 1512 642 externa
1531 613 1620 642 omnia
1636 621 1661 643 et

913 659 1007 688 aliena.
1019 660 1073 699 Ipsi
1091 659 1175 697 igitur
1190 659 1316 688 volebant
1329 669 1451 688 exercere
1462 660 1590 688 virtutem
1600 671 1607 696 3
1619 660 1663 688 hic

868 723 902 741 ,ῃ
913 713 1002 734 autem
1012 729 1019 742 ,
1035 706 1082 734 ubi
1097 713 1153 734 erat
1167 706 1283 735 multum
1300 705 1400 734 vitium
1410 729 1419 743 ,
1431 706 1522 734 omnia
1536 707 1574 735 eis
1589 717 1663 746 pere-

878 752 895 772 Λ
914 752 991 789 grina
1006 759 1081 780 eraut
1095 764 1100 779 :
1116 751 1222 780 nullum
1241 751 1377 780 habebant
1399 751 1516 780 amicum
1529 775 1537 789 ,
1554 752 1662 781 nullutn

913 797 1074 826 familiarem
1090 804 1188 837 praeter
1203 808 1310 837 paucos.
1327 798 1471 833 Quomodo
1485 805 1575 827 autem
1587 806 1662 827 erant

914 843 1054 882 hospites?
1067 844 1170 872 Eorum
1190 855 1249 882 ‹111ae
1269 844 1314 873 hic
1330 851 1391 873 sunt
1411 844 1514 874 nullam
1536 845 1663 884 gerebant

914 899 1025 926 curam;
1038 889 1121 927 idque
1135 890 1309 919 ostendebant
1324 901 1376 919 non
1394 890 1500 927 verbis,
1514 891 1562 920 sed
1582 891 1662 921 rebus

914 935 991 974 ipsis.
1005 936 1172 970 Quomodo?
1184 936 1264 964 Dixit
1280 937 1355 965 Deus
1370 937 1535 972 Abrahamo,
1551 938 1664 966 Dimitte

913 991 972 1009 eam
986 991 1046 1018 quae
1058 980 1168 1009 videtur
1181 982 1304 1020 patriam,
1314 989 1339 1010 et
1351 983 1411 1011 veni
1423 982 1458 1011 ad
1469 983 1584 1012 alienam
1595 995 1603 1021 3
1617 994 1664 1013 ne-

913 1037 965 1064 que
987 1033 1106 1054 retentus
1128 1034 1167 1055 est
1183 1038 1273 1055 amore
1287 1028 1496 1058 domesticorum
1509 1053 1516 1066 ‚
1532 1030 1579 1059 sed
1595 1037 1664 1059 tam-

914 1082 997 1110 quam
1008 1071 1170 1100 dimissurus
1185 1072 1299 1101 alienam
1310 1096 1317 1109 ‚
1331 1074 1368 1102 ita
1383 1075 1439 1103 siue
1453 1076 1550 1104 affectu
1565 1075 1663 1105 dereli-

1678 949 1782 969 Gensiz.
1798 956 1817 970 t.

915 1117 983 1155 quit,
999 1117 1077 1146 Dixit
1089 1117 1130 1154 ei,
1143 1118 1219 1146 Ofser
1235 1118 1301 1146 mibi
1317 1119 1421 1156 fitium3
1436 1127 1461 1148 et
1478 1131 1539 1149 eum
1554 1121 1664 1161 perinde
1676 1129 1736 1151 Jhid.
1752 1135 1816 1150 2232..

916 1163 1014 1192 obtulit
1024 1170 1105 1202 atque
1118 1163 1138 1191 si
1152 1174 1204 1192 non
1220 1163 1330 1193 haberet
1341 1165 1443 1202 filium,
1456 1173 1480 1194 et
1493 1177 1524 1195 ac
1535 1167 1555 1195 si
1569 1175 1664 1196 natura

918 1220 970 1238 non
983 1209 1096 1238 indutus
1106 1217 1185 1246 esset,
1196 1210 1232 1238 ita
1244 1210 1354 1239 obtulit.
1368 1211 1525 1240 Possidebat
1540 1213 1666 1252 pecunias

918 1266 1073 1284 communes
1100 1256 1227 1284 omnibus
1243 1255 1446 1292 accedentibus,
1462 1265 1486 1286 et
1506 1269 1563 1287 rem
1587 1260 1665 1288 nihili

917 1301 1091 1330 existimabat
1104 1313 1110 1329 ε
1125 1301 1228 1341 primas
1241 1301 1351 1331 cedebat
1363 1303 1435 1340 aliis,
1454 1303 1481 1331 in
1505 1305 1625 1343 pericula
1639 1316 1666 1333 se

917 1347 1086 1386 conjiciebat,
1104 1347 1259 1386 patiebatur
1273 1347 1342 1376 mala
1358 1348 1497 1377 innumera
1511 1362 1517 1377 :
1531 1360 1585 1378 non
1598 1350 1663 1379 aedi-

917 1393 1016 1422 ficabat
1030 1393 1124 1422 domos
1139 1393 1310 1433 splendidas,
1324 1405 1410 1433 neque
1424 1395 1582 1434 indulgebat
1596 1396 1664 1425 deli-

917 1440 978 1477 ciis,
993 1450 1078 1478 neque
1092 1450 1184 1468 curam
1197 1440 1305 1479 gerebat
1321 1441 1437 1470 vestium
1449 1452 1535 1480 neque
1548 1442 1665 1471 aliarum

917 1487 1087 1515 saecularium
1103 1497 1213 1524 rerum,
1230 1486 1276 1516 sed
1295 1487 1386 1516 officia
1401 1488 1531 1527 implebat
1544 1500 1665 1528 supernae

920 1533 1058 1562 ‹n'vitatis:
1075 1533 1286 1573 hospitalitatem
1310 1535 1470 1571 exercebat,
1495 1535 1665 1564 dilectionem

919 1580 946 1608 in
961 1581 1071 1608 fratrem
1084 1603 1090 1615 ,
1106 1579 1318 1609 misericordiam
1330 1603 1336 1615 ‚
1350 1581 1508 1620 patientiam
1522 1603 1529 1619 ,
1546 1582 1666 1621 pecuniae

919 1625 1122 1665 despicientiam
1144 1633 1170 1655 et
1194 1626 1286 1665 gloriae
1326 1627 1463 1666 praesentis
1495 1635 1520 1656 et
1549 1628 1664 1656 aliorum

512 1752 541 1779 M
547 1752 633 1780 [Ti-t
640 1753 688 1779 ’,ΝΟ
711 1752 966 1782 SCHOLASTICO
988 1752 1205 1781 INTERPRET
1211 1753 1242 1781 E.

89 1870 126 1892 est
141 1870 227 1892 tamen
240 1863 350 1892 David:
367 1865 443 1902 Quia
451 1866 619 1903 peregrinus
631 1875 705 1899 sum,
721 1864 820 1902 inquit,
834 1867 909 1893 si'cut
926 1871 952 1892 et
969 1874 1067 1892 omnes
1081 1870 1178 1902 patres
1199 1866 1264 1898 mei,
1283 1864 1329 1902 qui
1346 1864 1372 1892 in
1388 1865 1568 1895 tabernaculis
1584 1867 1661 1896 liabi—

87 1911 191 1947 tabant,
202 1911 248 1949 qui
260 1910 381 1950 sepulcra
394 1911 514 1950 pecuniis
529 1912 721 1951 comparabant
733 1924 738 1939 τ
750 1918 853 1940 eertum
869 1911 997 1950 quoniam
1012 1911 1145 1950 peregrini
1161 1918 1246 1947 erant,
1259 1918 1289 1939 nt
1303 1911 1384 1940 etiam
1396 1922 1444 1940 nee
1457 1913 1504 1941 ubi
1520 1914 1662 1953 sepelirent

89 1967 152 1986 suos
164 1957 300 1987 baberent.
311 1958 385 1994 Quid
400 1969 463 1997 ergo
479 1958 538 1987 est?
552 1970 616 1987 num
632 1959 706 1987 illius
723 1966 809 1994 terrm,
829 1970 888 1997 quie
906 1960 932 1987 in
952 1958 1092 1987 Palzrstina
1108 1965 1158 1995 est,
1171 1958 1295 1986 dicebant
1310 1969 1336 1986 se
1349 1959 1503 1998 peregrinos
1515 1961 1591 1989 esse.⁰
1606 1962 1661 1990 Ne-

89 2013 243 2042 quaquam,
265 2004 311 2033 sed
337 2004 419 2033 totius
445 2004 559 2043 mundi3
576 2013 600 2034 et
618 2006 712 2034 merito
727 2018 732 2033 :
752 2006 821 2034 nibil
836 2006 937 2045 quippe
952 2005 1150 2044 conspiciebant
1165 2004 1192 2032 in
1208 2015 1237 2033 eo
1252 2015 1344 2033 eorum
1368 2016 1427 2042 qum
1452 2006 1597 2044 volebant,
1615 2008 1662 2037 sed

89 2051 177 2080 omnia
193 2051 333 2091 peregrina
347 2059 373 2080 et
386 2053 481 2081 aliena.
495 2053 549 2092 Ipsi
563 2053 673 2091 quidem
688 2054 815 2083 virtutem
830 2054 916 2082 colere
929 2053 1125 2088 desiderabant,
1138 2052 1164 2080 in
1180 2051 1231 2080 hoc
1246 2060 1334 2080 autem
1350 2052 1450 2081 mundo
1464 2060 1520 2082 erat
1533 2054 1662 2092 iniquitas

88 2096 184 2131 multa,
198 2103 223 2124 et
238 2097 376 2136 peregrina
391 2098 429 2126 eis
444 2105 519 2127 erant
533 2099 622 2127 onmia
638 2110 643 2125 ε
658 2099 764 2128 nullum
777 2099 903 2134 amicum,
915 2099 1019 2127 nullum
1033 2098 1194 2127 familiarem
1207 2098 1341 2126 habebant
1356 2105 1452 2137 praeter
1463 2110 1572 2138 paucos.
1584 2100 1661 2135 Quo-

89 2142 179 2179 modo,
190 2143 288 2182 inquit,
300 2145 432 2183 peregrini
442 2147 539 2174 erant?
554 2146 612 2174 Non
626 2153 682 2175 erat
691 2146 832 2185 diligentia
843 2156 935 2175 eorum
951 2145 1020 2173 eirea
1033 2155 1062 2173 ea
1078 2156 1136 2183 qua=¹
1149 2145 1229 2183 liujus
1242 2144 1336 2173 mundi
1348 2152 1409 2172 sunt
1422 2152 1462 2173 :et
1475 2146 1525 2174 lioc
1533 2157 1585 2175 non
1598 2158 1659 2176 ver-

88 2189 131 2218 bis
141 2190 241 2228 sotum,
255 2191 301 2219 sed
316 2191 397 2220 etiam
414 2192 494 2221 rebus
514 2193 580 2232 ipsis
604 2200 629 2222 ct
650 2193 777 2233 operibus
791 2193 1022 2222 demonstrabant.
1039 2191 1206 2227 Quomodo?
1220 2191 1296 2220 Dixit
1312 2193 1384 2219 Deus
1401 2191 1517 2220 Abrahae
1527 2215 1535 2230 ,
1548 2193 1661 2223 Dimitte

89 2236 212 2276 patriam,
222 2248 281 2276 quae
297 2239 442 2277 putabatur
456 2251 512 2269 esse
525 2241 622 2279 patria,
633 2248 658 2269 et
673 2240 734 2270 veni
749 2240 783 2269 ad
799 2241 879 2269 aliam
896 2248 993 2269 terram
1008 2252 1013 2267 :
1027 2247 1052 2268 et
1067 2250 1118 2268 non
1133 2246 1171 2267 est
1186 2246 1303 2267 retentus
1316 2248 1406 2267 amore
1421 2240 1603 2278 propriorum,
1615 2241 1662 2270 sed

88 2282 158 2311 sicut
176 2283 333 2322 peregrinus
350 2295 504 2324 egressurus
517 2286 550 2314 de
560 2286 646 2314 aliena
662 2293 741 2321 terra,
758 2286 795 2314 sie
809 2286 867 2315 siue
882 2286 975 2324 aliqua
991 2285 1174 2325 compassione
1190 2285 1263 2313 illam
1278 2285 1394 2324 patriam
1413 2285 1566 2324 dereliquit.
1584 2288 1663 2316 Dixit

89 2329 123 2364 ei,
139 2329 216 2357 Offer
231 2329 297 2358 mihi
312 2330 400 2360 filium
414 2339 490 2361 tuum
504 2344 510 2359 :
525 2339 550 2361 et
566 2333 649 2361 veluti
663 2343 715 2361 non
732 2332 833 2361 babens
849 2333 947 2368 lilium,
965 2332 1003 2361 sic
1017 2343 1078 2360 eum
1095 2332 1193 2360 obtulit
1207 2344 1212 2359 :
1227 2338 1364 2369 tamquam
1378 2331 1399 2359 si
1415 2342 1466 2360 non
1482 2332 1593 2362 haberet
1611 2333 1663 2362 hn-

89 2386 197 2405 manam
211 2384 344 2415 naturam,
354 2378 393 2407 sic
406 2389 468 2408 eum
482 2380 590 2409 obtulit.
604 2380 733 2409 Peennias
753 2391 815 2409 cum
834 2380 1034 2409 transeuntibus
1058 2381 1234 2408 communiter
1258 2378 1426 2418 possidebat,
1442 2390 1489 2418 pro
1511 2380 1598 2409 nihilo
1620 2392 1663 2410 eas

90 2423 263 2453 existimabat
276 2437 282 2453 ι
294 2426 442 2465 primatum
453 2427 512 2456 aliis
522 2427 641 2464 cedebat,
656 2427 683 2456 in
700 2428 820 2467 pericula
833 2428 952 2468 seipsum
964 2427 1058 2465 dabat,
1072 2427 1163 2456 decem
1176 2426 1262 2455 millia
1274 2426 1343 2455 mala
1359 2426 1511 2465 patiebatur
1527 2439 1533 2454 :
1547 2438 1598 2457 nou
1610 2428 1663 2458 do-

91 2480 148 2499 mos
162 2471 332 2500 construebat
346 2472 441 2511 claras,
453 2484 505 2503 non
518 2473 707 2509 deliciabatur,
721 2485 769 2503 nec
786 2474 857 2504 circa
873 2475 1030 2504 vestimenta
1042 2473 1158 2512 diligens
1171 2479 1236 2508 erat,
1252 2483 1311 2510 qua:
1326 2473 1415 2501 onmia
1430 2473 1456 2502 in
1474 2473 1523 2502 liae
1539 2474 1595 2503 vita
1609 2485 1666 2504 esse

94 2517 196 2554 solent;
211 2518 258 2548 sed
280 2527 392 2557 cuncta,
411 2532 471 2560 quae
487 2521 522 2550 ad
539 2532 685 2573 supernam
699 2522 832 2562 pertinent
847 2522 1001 2557 civitatem,
1020 2521 1145 2559 gerebat·
1159 2519 1370 2560 hospitalitatem
1385 2519 1599 2558 demonstrabat,
1613 2522 1665 2550 Γι3-

93 2541 196 2594 tomani
212 2565 398 2603 dilectionem,
419 2568 615 2608 eleemosynas,
628 2568 802 2610 patientiam,
821 2576 986 2599 contemtum
1002 2568 1186 2618 pecuninum,
1203 2573 1364 2596 contemtum
1382 2568 1547 2606 pra‘sentis
1533 2568 1626 2597 “loria
1642 2576 1665 2597 et

1455 2615 1503 2642 21.
