<?xml version="1.0" encoding="UTF-8"?>
<!DOCTYPE html PUBLIC "-//W3C//DTD XHTML 1.0 Transitional//EN"
    "http://www.w3.org/TR/xhtml1/DTD/xhtml1-transitional.dtd">
<html xmlns="http://www.w3.org/1999/xhtml" xml:lang="en" lang="en">
 <head>
  <title>
</title>
<meta http-equiv="Content-Type" content="text/html;charset=utf-8" />
  <meta name='ocr-system' content='tesseract 3.04.00' />
  <meta name='ocr-capabilities' content='ocr_page ocr_carea ocr_par ocr_line ocrx_word'/>
</head>
<body>
  <div class='ocr_page' id='page_1' title='image "./operaomniaquaeex12johnuoft/operaomniaquaeex12johnuoft_1088.png"; bbox 0 0 1875 2856; ppageno 0'>
   <div class='ocr_carea' id='block_1_1' title="bbox 157 575 211 595">
    <p class='ocr_par' dir='ltr' id='par_1_1' title="bbox 157 575 211 595">
     <span class='ocr_line' id='line_1_1' title="bbox 157 575 211 595; baseline 0 0"><span class='ocrx_word' id='word_1_1' title='bbox 157 575 211 595; x_wconf 50' lang='lat' dir='ltr'>XX.</span> 
     </span>
    </p>
   </div>
   <div class='ocr_carea' id='block_1_2' title="bbox 114 607 236 627">
    <p class='ocr_par' dir='ltr' id='par_1_2' title="bbox 114 607 236 627">
     <span class='ocr_line' id='line_1_2' title="bbox 114 607 236 627; baseline -0.016 0"><span class='ocrx_word' id='word_1_2' title='bbox 114 607 236 627; x_wconf 48' lang='lat' dir='ltr'>Peri-muo-</span> 
     </span>
    </p>
   </div>
   <div class='ocr_carea' id='block_1_3' title="bbox 275 139 1416 184">
    <p class='ocr_par' dir='ltr' id='par_1_3' title="bbox 275 139 1416 184">
     <span class='ocr_line' id='line_1_3' title="bbox 275 139 1416 184; baseline -0.006 -12"><span class='ocrx_word' id='word_1_3' title='bbox 275 139 363 184; x_wconf 53' lang='grc'>10751</span> <span class='ocrx_word' id='word_1_4' title='bbox 658 143 666 149; x_wconf 89' lang='grc'>’</span> <span class='ocrx_word' id='word_1_5' title='bbox 692 144 872 168; x_wconf 76' lang='lat' dir='ltr'>ENCOMtUM</span> <span class='ocrx_word' id='word_1_6' title='bbox 898 143 928 168; x_wconf 86' lang='lat' dir='ltr'>S.</span> <span class='ocrx_word' id='word_1_7' title='bbox 956 142 1113 167; x_wconf 68' lang='lat' dir='ltr'>Gru-:Gonu</span> <span class='ocrx_word' id='word_1_8' title='bbox 1138 141 1416 166; x_wconf 74' lang='lat' dir='ltr'><strong>ILLUMINATORIS·</strong></span> 
     </span>
    </p>
   </div>
   <div class='ocr_carea' id='block_1_4' title="bbox 265 201 1834 1172">
    <p class='ocr_par' dir='ltr' id='par_1_4' title="bbox 265 201 1834 1172">
     <span class='ocr_line' id='line_1_4' title="bbox 266 201 1825 249; baseline -0.004 -11"><span class='ocrx_word' id='word_1_9' title='bbox 266 209 404 249; x_wconf 80' lang='lat' dir='ltr'>ingredere</span> <span class='ocrx_word' id='word_1_10' title='bbox 417 207 575 242; x_wconf 77' lang='lat' dir='ltr'>thalamum,</span> <span class='ocrx_word' id='word_1_11' title='bbox 593 216 672 244; x_wconf 82' lang='lat' dir='ltr'>quem</span> <span class='ocrx_word' id='word_1_12' title='bbox 685 206 734 234; x_wconf 89' lang='lat' dir='ltr'>tibi</span> <span class='ocrx_word' id='word_1_13' title='bbox 748 212 824 234; x_wconf 82' lang='lat' dir='ltr'>antea</span> <span class='ocrx_word' id='word_1_14' title='bbox 841 204 976 244; x_wconf 82' lang='lat' dir='ltr'>pollicitus</span> <span class='ocrx_word' id='word_1_15' title='bbox 987 214 1068 232; x_wconf 86' lang='lat' dir='ltr'>eram.</span> <span class='ocrx_word' id='word_1_16' title='bbox 1084 203 1260 239; x_wconf 85' lang='lat' dir='ltr'>Veni,sedem</span> <span class='ocrx_word' id='word_1_17' title='bbox 1272 204 1364 241; x_wconf 85' lang='lat' dir='ltr'>accipe</span> <span class='ocrx_word' id='word_1_18' title='bbox 1377 202 1445 230; x_wconf 87' lang='lat' dir='ltr'>inter</span> <span class='ocrx_word' id='word_1_19' title='bbox 1467 201 1609 241; x_wconf 83' lang='lat' dir='ltr'>apostolos,</span> <span class='ocrx_word' id='word_1_20' title='bbox 1620 203 1737 241; x_wconf 88' lang='lat' dir='ltr'>apostole</span> <span class='ocrx_word' id='word_1_21' title='bbox 1748 202 1825 239; x_wconf 84' lang='lat' dir='ltr'>alter,</span> 
     </span>
     <span class='ocr_line' id='line_1_5' title="bbox 265 248 1826 294; baseline -0.004 -9"><span class='ocrx_word' id='word_1_22' title='bbox 265 257 312 294; x_wconf 87' lang='lat' dir='ltr'>qui</span> <span class='ocrx_word' id='word_1_23' title='bbox 327 257 441 285; x_wconf 79' lang='lat' dir='ltr'>verbum</span> <span class='ocrx_word' id='word_1_24' title='bbox 455 254 575 284; x_wconf 75' lang='lat' dir='ltr'>veritatis</span> <span class='ocrx_word' id='word_1_25' title='bbox 589 252 660 291; x_wconf 75' lang='lat' dir='ltr'>genti</span> <span class='ocrx_word' id='word_1_26' title='bbox 675 252 797 291; x_wconf 79' lang='lat' dir='ltr'>superbae</span> <span class='ocrx_word' id='word_1_27' title='bbox 808 251 972 279; x_wconf 77' lang='lat' dir='ltr'>annuntiasti</span> <span class='ocrx_word' id='word_1_28' title='bbox 987 261 994 278; x_wconf 74' lang='lat' dir='ltr'><em>z</em></span> <span class='ocrx_word' id='word_1_29' title='bbox 1013 250 1082 279; x_wconf 87' lang='lat' dir='ltr'>inter</span> <span class='ocrx_word' id='word_1_30' title='bbox 1100 250 1256 288; x_wconf 84' lang='lat' dir='ltr'>angelorum</span> <span class='ocrx_word' id='word_1_31' title='bbox 1267 249 1374 287; x_wconf 82' lang='lat' dir='ltr'>agmina</span> <span class='ocrx_word' id='word_1_32' title='bbox 1388 249 1525 278; x_wconf 79' lang='lat' dir='ltr'>colloceris</span> <span class='ocrx_word' id='word_1_33' title='bbox 1536 272 1544 283; x_wconf 91' lang='lat'><em>‚</em></span> <span class='ocrx_word' id='word_1_34' title='bbox 1556 248 1603 286; x_wconf 84' lang='lat' dir='ltr'>qui</span> <span class='ocrx_word' id='word_1_35' title='bbox 1619 249 1703 277; x_wconf 77' lang='lat' dir='ltr'>vitam</span> <span class='ocrx_word' id='word_1_36' title='bbox 1717 249 1826 279; x_wconf 86' lang='lat' dir='ltr'>illorum</span> 
     </span>
     <span class='ocr_line' id='line_1_6' title="bbox 267 295 1827 336; baseline -0.003 -6"><span class='ocrx_word' id='word_1_37' title='bbox 267 303 293 330; x_wconf 92' lang='lat' dir='ltr'>in</span> <span class='ocrx_word' id='word_1_38' title='bbox 317 302 393 331; x_wconf 84' lang='lat' dir='ltr'>terris</span> <span class='ocrx_word' id='word_1_39' title='bbox 407 301 548 330; x_wconf 74' lang='lat' dir='ltr'>:emulatus</span> <span class='ocrx_word' id='word_1_40' title='bbox 561 310 596 327; x_wconf 88' lang='lat' dir='ltr'>cs.</span> <span class='ocrx_word' id='word_1_41' title='bbox 610 299 694 334; x_wconf 74' lang='lat' dir='ltr'>Veni,</span> <span class='ocrx_word' id='word_1_42' title='bbox 709 305 734 326; x_wconf 93' lang='lat' dir='ltr'>et</span> <span class='ocrx_word' id='word_1_43' title='bbox 748 308 810 326; x_wconf 89' lang='lat' dir='ltr'>cum</span> <span class='ocrx_word' id='word_1_44' title='bbox 824 297 984 336; x_wconf 83' lang='lat' dir='ltr'>patriarchis</span> <span class='ocrx_word' id='word_1_45' title='bbox 1009 297 1131 336; x_wconf 85' lang='lat' dir='ltr'>princeps</span> <span class='ocrx_word' id='word_1_46' title='bbox 1142 304 1196 325; x_wconf 91' lang='lat' dir='ltr'>esto</span> <span class='ocrx_word' id='word_1_47' title='bbox 1209 307 1216 324; x_wconf 90' lang='lat'>:</span> <span class='ocrx_word' id='word_1_48' title='bbox 1232 296 1360 336; x_wconf 81' lang='lat' dir='ltr'>planteris</span> <span class='ocrx_word' id='word_1_49' title='bbox 1375 303 1404 324; x_wconf 91' lang='lat' dir='ltr'>ut</span> <span class='ocrx_word' id='word_1_50' title='bbox 1418 296 1507 335; x_wconf 83' lang='lat' dir='ltr'>palma</span> <span class='ocrx_word' id='word_1_51' title='bbox 1523 301 1611 324; x_wconf 86' lang='lat' dir='ltr'>sancta</span> <span class='ocrx_word' id='word_1_52' title='bbox 1623 295 1650 323; x_wconf 86' lang='lat' dir='ltr'>in</span> <span class='ocrx_word' id='word_1_53' title='bbox 1667 295 1748 324; x_wconf 89' lang='lat' dir='ltr'>domo</span> <span class='ocrx_word' id='word_1_54' title='bbox 1763 297 1827 326; x_wconf 85' lang='lat' dir='ltr'>Do-</span> 
     </span>
     <span class='ocr_line' id='line_1_7' title="bbox 266 341 1828 383; baseline -0.003 -7"><span class='ocrx_word' id='word_1_55' title='bbox 266 348 351 383; x_wconf 84' lang='lat' dir='ltr'>mini,</span> <span class='ocrx_word' id='word_1_56' title='bbox 362 354 387 375; x_wconf 91' lang='lat' dir='ltr'>et</span> <span class='ocrx_word' id='word_1_57' title='bbox 399 347 424 375; x_wconf 89' lang='lat' dir='ltr'>in</span> <span class='ocrx_word' id='word_1_58' title='bbox 434 346 508 374; x_wconf 81' lang='lat' dir='ltr'>atriis</span> <span class='ocrx_word' id='word_1_59' title='bbox 522 344 570 373; x_wconf 87' lang='lat' dir='ltr'>Dei</span> <span class='ocrx_word' id='word_1_60' title='bbox 592 343 696 372; x_wconf 80' lang='lat' dir='ltr'>floreas.</span> <span class='ocrx_word' id='word_1_61' title='bbox 712 343 801 380; x_wconf 84' lang='lat' dir='ltr'>Veni,</span> <span class='ocrx_word' id='word_1_62' title='bbox 818 343 986 371; x_wconf 78' lang='lat' dir='ltr'>coronaberis</span> <span class='ocrx_word' id='word_1_63' title='bbox 1008 353 1068 370; x_wconf 90' lang='lat' dir='ltr'>cum</span> <span class='ocrx_word' id='word_1_64' title='bbox 1084 342 1250 382; x_wconf 76' lang='lat' dir='ltr'>martyribus</span> <span class='ocrx_word' id='word_1_65' title='bbox 1265 365 1273 380; x_wconf 83' lang='lat'>,</span> <span class='ocrx_word' id='word_1_66' title='bbox 1286 341 1472 380; x_wconf 64' lang='lat' dir='ltr'>laetaberisque</span> <span class='ocrx_word' id='word_1_67' title='bbox 1495 352 1557 370; x_wconf 88' lang='lat' dir='ltr'>eum</span> <span class='ocrx_word' id='word_1_68' title='bbox 1575 341 1623 375; x_wconf 90' lang='lat' dir='ltr'>iis,</span> <span class='ocrx_word' id='word_1_69' title='bbox 1641 341 1686 379; x_wconf 88' lang='lat' dir='ltr'>qui</span> <span class='ocrx_word' id='word_1_70' title='bbox 1714 352 1763 380; x_wconf 90' lang='lat' dir='ltr'>pro</span> <span class='ocrx_word' id='word_1_71' title='bbox 1785 353 1828 371; x_wconf 88' lang='lat' dir='ltr'>me</span> 
     </span>
     <span class='ocr_line' id='line_1_8' title="bbox 265 388 1828 431; baseline -0.004 -9"><span class='ocrx_word' id='word_1_72' title='bbox 265 400 395 422; x_wconf 85' lang='lat' dir='ltr'>tormenta</span> <span class='ocrx_word' id='word_1_73' title='bbox 418 393 487 431; x_wconf 80' lang='lat' dir='ltr'>passi</span> <span class='ocrx_word' id='word_1_74' title='bbox 510 398 571 420; x_wconf 89' lang='lat' dir='ltr'>sunt</span> <span class='ocrx_word' id='word_1_75' title='bbox 585 404 591 419; x_wconf 91' lang='lat'>:</span> <span class='ocrx_word' id='word_1_76' title='bbox 607 390 669 419; x_wconf 76' lang='lat' dir='ltr'>veni</span> <span class='ocrx_word' id='word_1_77' title='bbox 692 391 719 418; x_wconf 91' lang='lat' dir='ltr'>in</span> <span class='ocrx_word' id='word_1_78' title='bbox 733 390 824 418; x_wconf 83' lang='lat' dir='ltr'>aulam</span> <span class='ocrx_word' id='word_1_79' title='bbox 851 390 1007 429; x_wconf 80' lang='lat' dir='ltr'>nuptiarum</span> <span class='ocrx_word' id='word_1_80' title='bbox 1032 400 1162 420; x_wconf 81' lang='lat' dir='ltr'>mearum,</span> <span class='ocrx_word' id='word_1_81' title='bbox 1191 389 1260 418; x_wconf 79' lang='lat' dir='ltr'>Veni</span> <span class='ocrx_word' id='word_1_82' title='bbox 1272 411 1279 424; x_wconf 86' lang='lat'>‚</span> <span class='ocrx_word' id='word_1_83' title='bbox 1301 388 1400 428; x_wconf 85' lang='lat' dir='ltr'>gaudio</span> <span class='ocrx_word' id='word_1_84' title='bbox 1426 389 1495 417; x_wconf 80' lang='lat' dir='ltr'>inter</span> <span class='ocrx_word' id='word_1_85' title='bbox 1520 388 1712 417; x_wconf 75' lang='lat' dir='ltr'>coenobitarum</span> <span class='ocrx_word' id='word_1_86' title='bbox 1733 389 1828 419; x_wconf 84' lang='lat' dir='ltr'>choros</span> 
     </span>
     <span class='ocr_line' id='line_1_9' title="bbox 267 429 1830 477; baseline -0.003 -8"><span class='ocrx_word' id='word_1_87' title='bbox 267 439 426 472; x_wconf 80' lang='lat' dir='ltr'>exsultabis,</span> <span class='ocrx_word' id='word_1_88' title='bbox 439 439 484 477; x_wconf 91' lang='lat' dir='ltr'>qui</span> <span class='ocrx_word' id='word_1_89' title='bbox 504 448 556 466; x_wconf 89' lang='lat' dir='ltr'>non</span> <span class='ocrx_word' id='word_1_90' title='bbox 571 437 651 466; x_wconf 90' lang='lat' dir='ltr'>modo</span> <span class='ocrx_word' id='word_1_91' title='bbox 661 437 782 465; x_wconf 75' lang='lat' dir='ltr'>dilexisti</span> <span class='ocrx_word' id='word_1_92' title='bbox 798 443 900 464; x_wconf 86' lang='lat' dir='ltr'>montes</span> <span class='ocrx_word' id='word_1_93' title='bbox 909 442 935 464; x_wconf 90' lang='lat' dir='ltr'>et</span> <span class='ocrx_word' id='word_1_94' title='bbox 945 435 1058 471; x_wconf 86' lang='lat' dir='ltr'>deserta,</span> <span class='ocrx_word' id='word_1_95' title='bbox 1073 435 1118 464; x_wconf 89' lang='lat' dir='ltr'>sed</span> <span class='ocrx_word' id='word_1_96' title='bbox 1131 435 1202 464; x_wconf 86' lang='lat' dir='ltr'>cruci</span> <span class='ocrx_word' id='word_1_97' title='bbox 1217 436 1297 463; x_wconf 85' lang='lat' dir='ltr'>etiam</span> <span class='ocrx_word' id='word_1_98' title='bbox 1309 435 1411 474; x_wconf 86' lang='lat' dir='ltr'>jugiter</span> <span class='ocrx_word' id='word_1_99' title='bbox 1427 435 1548 463; x_wconf 78' lang='lat' dir='ltr'>confixus</span> <span class='ocrx_word' id='word_1_100' title='bbox 1560 435 1634 463; x_wconf 80' lang='lat' dir='ltr'>fuisti</span> <span class='ocrx_word' id='word_1_101' title='bbox 1648 429 1752 464; x_wconf 81' lang='lat' dir='ltr'>mecum</span> <span class='ocrx_word' id='word_1_102' title='bbox 1766 447 1776 473; x_wconf 85' lang='lat'>;</span> <span class='ocrx_word' id='word_1_103' title='bbox 1788 436 1830 464; x_wconf 87' lang='lat' dir='ltr'>id-</span> 
     </span>
     <span class='ocr_line' id='line_1_10' title="bbox 266 481 1829 525; baseline -0.003 -9"><span class='ocrx_word' id='word_1_104' title='bbox 266 488 335 516; x_wconf 81' lang='lat' dir='ltr'>circo</span> <span class='ocrx_word' id='word_1_105' title='bbox 351 486 506 525; x_wconf 78' lang='lat' dir='ltr'>angelorum</span> <span class='ocrx_word' id='word_1_106' title='bbox 526 495 645 513; x_wconf 89' lang='lat' dir='ltr'>meorum</span> <span class='ocrx_word' id='word_1_107' title='bbox 663 484 697 512; x_wconf 87' lang='lat' dir='ltr'>ad</span> <span class='ocrx_word' id='word_1_108' title='bbox 713 491 736 512; x_wconf 85' lang='lat' dir='ltr'>te</span> <span class='ocrx_word' id='word_1_109' title='bbox 751 484 856 512; x_wconf 86' lang='lat' dir='ltr'>mittam</span> <span class='ocrx_word' id='word_1_110' title='bbox 872 483 992 521; x_wconf 77' lang='lat' dir='ltr'>agmina,</span> <span class='ocrx_word' id='word_1_111' title='bbox 1008 490 1084 521; x_wconf 90' lang='lat' dir='ltr'>teque</span> <span class='ocrx_word' id='word_1_112' title='bbox 1098 482 1133 511; x_wconf 87' lang='lat' dir='ltr'>ad</span> <span class='ocrx_word' id='word_1_113' title='bbox 1148 493 1189 510; x_wconf 91' lang='lat' dir='ltr'>me</span> <span class='ocrx_word' id='word_1_114' title='bbox 1201 482 1337 521; x_wconf 76' lang='lat' dir='ltr'>recipiam.</span> <span class='ocrx_word' id='word_1_115' title='bbox 1355 481 1390 510; x_wconf 85' lang='lat' dir='ltr'>Et</span> <span class='ocrx_word' id='word_1_116' title='bbox 1402 482 1464 520; x_wconf 88' lang='lat' dir='ltr'>quia</span> <span class='ocrx_word' id='word_1_117' title='bbox 1486 482 1598 521; x_wconf 82' lang='lat' dir='ltr'>portasti</span> <span class='ocrx_word' id='word_1_118' title='bbox 1610 482 1710 521; x_wconf 81' lang='lat' dir='ltr'>jugiter</span> <span class='ocrx_word' id='word_1_119' title='bbox 1722 493 1829 511; x_wconf 86' lang='lat' dir='ltr'>crucem</span> 
     </span>
     <span class='ocr_line' id='line_1_11' title="bbox 267 529 1828 572; baseline -0.003 -9"><span class='ocrx_word' id='word_1_120' title='bbox 267 543 340 563; x_wconf 82' lang='lat' dir='ltr'>tuam</span> <span class='ocrx_word' id='word_1_121' title='bbox 355 542 379 563; x_wconf 86' lang='lat' dir='ltr'>et</span> <span class='ocrx_word' id='word_1_122' title='bbox 391 533 487 563; x_wconf 79' lang='lat' dir='ltr'>venisti</span> <span class='ocrx_word' id='word_1_123' title='bbox 500 539 557 572; x_wconf 87' lang='lat' dir='ltr'>post</span> <span class='ocrx_word' id='word_1_124' title='bbox 570 543 621 566; x_wconf 88' lang='lat' dir='ltr'>me,</span> <span class='ocrx_word' id='word_1_125' title='bbox 639 542 688 570; x_wconf 84' lang='lat' dir='ltr'>ego</span> <span class='ocrx_word' id='word_1_126' title='bbox 699 531 867 560; x_wconf 83' lang='lat' dir='ltr'>introducam</span> <span class='ocrx_word' id='word_1_127' title='bbox 880 538 905 559; x_wconf 90' lang='lat' dir='ltr'>te</span> <span class='ocrx_word' id='word_1_128' title='bbox 925 530 951 558; x_wconf 92' lang='lat' dir='ltr'>in</span> <span class='ocrx_word' id='word_1_129' title='bbox 969 530 1124 569; x_wconf 81' lang='lat' dir='ltr'>paradisum</span> <span class='ocrx_word' id='word_1_130' title='bbox 1136 552 1144 565; x_wconf 92' lang='lat'>,</span> <span class='ocrx_word' id='word_1_131' title='bbox 1160 530 1186 558; x_wconf 91' lang='lat' dir='ltr'>in</span> <span class='ocrx_word' id='word_1_132' title='bbox 1202 540 1282 568; x_wconf 88' lang='lat' dir='ltr'>quem</span> <span class='ocrx_word' id='word_1_133' title='bbox 1301 529 1369 557; x_wconf 88' lang='lat' dir='ltr'>latro</span> <span class='ocrx_word' id='word_1_134' title='bbox 1394 539 1440 568; x_wconf 88' lang='lat' dir='ltr'>per</span> <span class='ocrx_word' id='word_1_135' title='bbox 1465 539 1571 557; x_wconf 88' lang='lat' dir='ltr'>crucem</span> <span class='ocrx_word' id='word_1_136' title='bbox 1590 539 1668 558; x_wconf 85' lang='lat' dir='ltr'>suam</span> <span class='ocrx_word' id='word_1_137' title='bbox 1693 529 1828 558; x_wconf 86' lang='lat' dir='ltr'>introivit.</span> 
     </span>
     <span class='ocr_line' id='line_1_12' title="bbox 267 575 1828 618; baseline -0.003 -8"><span class='ocrx_word' id='word_1_138' title='bbox 267 582 363 611; x_wconf 81' lang='lat' dir='ltr'>Beatus</span> <span class='ocrx_word' id='word_1_139' title='bbox 375 591 402 609; x_wconf 87' lang='lat' dir='ltr'>es</span> <span class='ocrx_word' id='word_1_140' title='bbox 416 588 455 616; x_wconf 87' lang='lat' dir='ltr'>tu,</span> <span class='ocrx_word' id='word_1_141' title='bbox 473 581 542 609; x_wconf 87' lang='lat' dir='ltr'>inter</span> <span class='ocrx_word' id='word_1_142' title='bbox 555 580 682 608; x_wconf 76' lang='lat' dir='ltr'>Ecclesiae</span> <span class='ocrx_word' id='word_1_143' title='bbox 697 579 876 618; x_wconf 73' lang='lat' dir='ltr'>patriarchas,</span> <span class='ocrx_word' id='word_1_144' title='bbox 888 585 964 617; x_wconf 84' lang='lat' dir='ltr'>pater</span> <span class='ocrx_word' id='word_1_145' title='bbox 972 585 1069 607; x_wconf 74' lang='lat' dir='ltr'>s&#39;tncte.</span> <span class='ocrx_word' id='word_1_146' title='bbox 1091 577 1165 606; x_wconf 89' lang='lat' dir='ltr'>Olim</span> <span class='ocrx_word' id='word_1_147' title='bbox 1176 577 1286 615; x_wconf 82' lang='lat' dir='ltr'>angelus</span> <span class='ocrx_word' id='word_1_148' title='bbox 1301 576 1328 605; x_wconf 89' lang='lat' dir='ltr'>in</span> <span class='ocrx_word' id='word_1_149' title='bbox 1343 587 1464 615; x_wconf 86' lang='lat' dir='ltr'>corpore,</span> <span class='ocrx_word' id='word_1_150' title='bbox 1482 586 1552 604; x_wconf 89' lang='lat' dir='ltr'>nunc</span> <span class='ocrx_word' id='word_1_151' title='bbox 1570 575 1741 614; x_wconf 84' lang='lat' dir='ltr'>incorporeus</span> <span class='ocrx_word' id='word_1_152' title='bbox 1757 576 1828 605; x_wconf 87' lang='lat' dir='ltr'>inter</span> 
     </span>
     <span class='ocr_line' id='line_1_13' title="bbox 266 622 1826 669; baseline -0.004 -11"><span class='ocrx_word' id='word_1_153' title='bbox 266 630 432 669; x_wconf 84' lang='lat' dir='ltr'>incorporeos</span> <span class='ocrx_word' id='word_1_154' title='bbox 453 628 577 657; x_wconf 78' lang='lat' dir='ltr'>versaris.</span> <span class='ocrx_word' id='word_1_155' title='bbox 594 629 700 663; x_wconf 81' lang='lat' dir='ltr'>Beatus,</span> <span class='ocrx_word' id='word_1_156' title='bbox 714 627 815 666; x_wconf 88' lang='lat' dir='ltr'>optime</span> <span class='ocrx_word' id='word_1_157' title='bbox 828 626 924 665; x_wconf 80' lang='lat' dir='ltr'>praesul</span> <span class='ocrx_word' id='word_1_158' title='bbox 939 648 946 660; x_wconf 98' lang='lat'>,</span> <span class='ocrx_word' id='word_1_159' title='bbox 957 626 1007 664; x_wconf 87' lang='lat' dir='ltr'>qui</span> <span class='ocrx_word' id='word_1_160' title='bbox 1025 636 1088 654; x_wconf 80' lang='lat' dir='ltr'>oves</span> <span class='ocrx_word' id='word_1_161' title='bbox 1110 625 1191 663; x_wconf 82' lang='lat' dir='ltr'>Regis</span> <span class='ocrx_word' id='word_1_162' title='bbox 1205 625 1243 652; x_wconf 91' lang='lat' dir='ltr'>tui</span> <span class='ocrx_word' id='word_1_163' title='bbox 1257 624 1384 663; x_wconf 82' lang='lat' dir='ltr'>perditas,</span> <span class='ocrx_word' id='word_1_164' title='bbox 1398 630 1422 651; x_wconf 93' lang='lat' dir='ltr'>et</span> <span class='ocrx_word' id='word_1_165' title='bbox 1434 633 1494 661; x_wconf 81' lang='lat' dir='ltr'>quae</span> <span class='ocrx_word' id='word_1_166' title='bbox 1506 623 1562 650; x_wconf 89' lang='lat' dir='ltr'>sine</span> <span class='ocrx_word' id='word_1_167' title='bbox 1574 622 1638 650; x_wconf 81' lang='lat' dir='ltr'>ovili</span> <span class='ocrx_word' id='word_1_168' title='bbox 1651 629 1734 656; x_wconf 79' lang='lat' dir='ltr'>erant,</span> <span class='ocrx_word' id='word_1_169' title='bbox 1749 627 1826 662; x_wconf 84' lang='lat' dir='ltr'>repe-</span> 
     </span>
     <span class='ocr_line' id='line_1_14' title="bbox 266 669 1829 719; baseline -0.004 -14"><span class='ocrx_word' id='word_1_170' title='bbox 266 676 342 711; x_wconf 86' lang='lat' dir='ltr'>tiisti,</span> <span class='ocrx_word' id='word_1_171' title='bbox 358 675 510 719; x_wconf 61' lang='lat' dir='ltr'>agl-duxisti,</span> <span class='ocrx_word' id='word_1_172' title='bbox 526 682 551 703; x_wconf 92' lang='lat' dir='ltr'>et</span> <span class='ocrx_word' id='word_1_173' title='bbox 572 675 600 703; x_wconf 92' lang='lat' dir='ltr'>in</span> <span class='ocrx_word' id='word_1_174' title='bbox 623 675 689 703; x_wconf 85' lang='lat' dir='ltr'>atria</span> <span class='ocrx_word' id='word_1_175' title='bbox 704 675 760 713; x_wconf 84' lang='lat' dir='ltr'>ejus</span> <span class='ocrx_word' id='word_1_176' title='bbox 783 673 926 712; x_wconf 76' lang='lat' dir='ltr'>collegisti,</span> <span class='ocrx_word' id='word_1_177' title='bbox 944 674 1042 701; x_wconf 85' lang='lat' dir='ltr'>Beatus</span> <span class='ocrx_word' id='word_1_178' title='bbox 1065 683 1092 700; x_wconf 88' lang='lat' dir='ltr'>es</span> <span class='ocrx_word' id='word_1_179' title='bbox 1111 679 1151 705; x_wconf 91' lang='lat' dir='ltr'>tu,</span> <span class='ocrx_word' id='word_1_180' title='bbox 1170 671 1216 709; x_wconf 90' lang='lat' dir='ltr'>qui</span> <span class='ocrx_word' id='word_1_181' title='bbox 1234 672 1359 710; x_wconf 86' lang='lat' dir='ltr'>luporum</span> <span class='ocrx_word' id='word_1_182' title='bbox 1371 669 1527 698; x_wconf 76' lang='lat' dir='ltr'>destruxisti</span> <span class='ocrx_word' id='word_1_183' title='bbox 1543 679 1671 704; x_wconf 78' lang='lat' dir='ltr'>secessuS,</span> <span class='ocrx_word' id='word_1_184' title='bbox 1686 676 1711 698; x_wconf 88' lang='lat' dir='ltr'>et</span> <span class='ocrx_word' id='word_1_185' title='bbox 1725 669 1829 699; x_wconf 88' lang='lat' dir='ltr'>belluas</span> 
     </span>
     <span class='ocr_line' id='line_1_15' title="bbox 265 716 1832 762; baseline -0.003 -11"><span class='ocrx_word' id='word_1_186' title='bbox 265 722 451 762; x_wconf 83' lang='lat' dir='ltr'>disperdidisti</span> <span class='ocrx_word' id='word_1_187' title='bbox 472 722 647 758; x_wconf 81' lang='lat' dir='ltr'>mactatrices‚</span> <span class='ocrx_word' id='word_1_188' title='bbox 660 721 720 760; x_wconf 88' lang='lat' dir='ltr'>qui,</span> <span class='ocrx_word' id='word_1_189' title='bbox 736 721 809 749; x_wconf 84' lang='lat' dir='ltr'>illius</span> <span class='ocrx_word' id='word_1_190' title='bbox 824 720 908 759; x_wconf 89' lang='lat' dir='ltr'>ipsius</span> <span class='ocrx_word' id='word_1_191' title='bbox 920 720 1019 748; x_wconf 77' lang='lat' dir='ltr'>virtute</span> <span class='ocrx_word' id='word_1_192' title='bbox 1032 719 1128 758; x_wconf 80' lang='lat' dir='ltr'>lapidis</span> <span class='ocrx_word' id='word_1_193' title='bbox 1139 729 1152 747; x_wconf 92' lang='lat' dir='ltr'>e</span> <span class='ocrx_word' id='word_1_194' title='bbox 1167 725 1255 746; x_wconf 86' lang='lat' dir='ltr'>monte</span> <span class='ocrx_word' id='word_1_195' title='bbox 1267 718 1373 757; x_wconf 80' lang='lat' dir='ltr'>praecisi</span> <span class='ocrx_word' id='word_1_196' title='bbox 1392 717 1448 745; x_wconf 91' lang='lat' dir='ltr'>sine</span> <span class='ocrx_word' id='word_1_197' title='bbox 1469 716 1594 745; x_wconf 79' lang='lat' dir='ltr'>manibus</span> <span class='ocrx_word' id='word_1_198' title='bbox 1608 739 1616 751; x_wconf 90' lang='lat'>‚</span> <span class='ocrx_word' id='word_1_199' title='bbox 1630 717 1739 745; x_wconf 74' lang='lat' dir='ltr'>vallasti</span> <span class='ocrx_word' id='word_1_200' title='bbox 1753 727 1832 746; x_wconf 90' lang='lat' dir='ltr'>muro</span> 
     </span>
     <span class='ocr_line' id='line_1_16' title="bbox 267 763 1833 810; baseline -0.004 -11"><span class='ocrx_word' id='word_1_201' title='bbox 267 770 401 810; x_wconf 82' lang='lat' dir='ltr'>gregistui</span> <span class='ocrx_word' id='word_1_202' title='bbox 421 769 503 803; x_wconf 79' lang='lat' dir='ltr'>ovile,</span> <span class='ocrx_word' id='word_1_203' title='bbox 516 769 641 807; x_wconf 88' lang='lat' dir='ltr'>illudque</span> <span class='ocrx_word' id='word_1_204' title='bbox 666 768 823 797; x_wconf 82' lang='lat' dir='ltr'>divinorum</span> <span class='ocrx_word' id='word_1_205' title='bbox 846 777 906 806; x_wconf 85' lang='lat' dir='ltr'>sepe</span> <span class='ocrx_word' id='word_1_206' title='bbox 929 766 1118 794; x_wconf 83' lang='lat' dir='ltr'>mandatorum</span> <span class='ocrx_word' id='word_1_207' title='bbox 1141 765 1266 801; x_wconf 73' lang='lat' dir='ltr'>cinxisti,</span> <span class='ocrx_word' id='word_1_208' title='bbox 1288 765 1388 803; x_wconf 86' lang='lat' dir='ltr'>quique</span> <span class='ocrx_word' id='word_1_209' title='bbox 1416 763 1529 792; x_wconf 80' lang='lat' dir='ltr'>effecisti</span> <span class='ocrx_word' id='word_1_210' title='bbox 1559 770 1588 792; x_wconf 94' lang='lat' dir='ltr'>ut</span> <span class='ocrx_word' id='word_1_211' title='bbox 1606 763 1686 802; x_wconf 81' lang='lat' dir='ltr'>Regis</span> <span class='ocrx_word' id='word_1_212' title='bbox 1712 764 1751 792; x_wconf 92' lang='lat' dir='ltr'>tui</span> <span class='ocrx_word' id='word_1_213' title='bbox 1766 774 1833 793; x_wconf 85' lang='lat' dir='ltr'>oves</span> 
     </span>
     <span class='ocr_line' id='line_1_17' title="bbox 267 809 1827 855; baseline -0.003 -12"><span class='ocrx_word' id='word_1_214' title='bbox 267 815 518 855; x_wconf 80' lang='lat' dir='ltr'>multiplicarentur.</span> <span class='ocrx_word' id='word_1_215' title='bbox 534 814 632 842; x_wconf 82' lang='lat' dir='ltr'>Beatus</span> <span class='ocrx_word' id='word_1_216' title='bbox 644 824 671 842; x_wconf 84' lang='lat' dir='ltr'>es</span> <span class='ocrx_word' id='word_1_217' title='bbox 690 820 734 849; x_wconf 83' lang='lat' dir='ltr'>tu,</span> <span class='ocrx_word' id='word_1_218' title='bbox 749 813 796 852; x_wconf 91' lang='lat' dir='ltr'>qui</span> <span class='ocrx_word' id='word_1_219' title='bbox 822 812 935 852; x_wconf 84' lang='lat' dir='ltr'>apostoli</span> <span class='ocrx_word' id='word_1_220' title='bbox 947 812 1054 840; x_wconf 87' lang='lat' dir='ltr'>nominc</span> <span class='ocrx_word' id='word_1_221' title='bbox 1072 811 1196 840; x_wconf 78' lang='lat' dir='ltr'>vocaris:</span> <span class='ocrx_word' id='word_1_222' title='bbox 1211 811 1274 839; x_wconf 90' lang='lat' dir='ltr'>Filii</span> <span class='ocrx_word' id='word_1_223' title='bbox 1302 811 1373 839; x_wconf 88' lang='lat' dir='ltr'>enim</span> <span class='ocrx_word' id='word_1_224' title='bbox 1392 810 1442 838; x_wconf 87' lang='lat' dir='ltr'>Dei</span> <span class='ocrx_word' id='word_1_225' title='bbox 1466 809 1636 848; x_wconf 77' lang='lat' dir='ltr'>evangelium</span> <span class='ocrx_word' id='word_1_226' title='bbox 1651 809 1804 849; x_wconf 54' lang='lat' dir='ltr'>praedicasti</span> <span class='ocrx_word' id='word_1_227' title='bbox 1821 821 1827 838; x_wconf 74' lang='lat' dir='ltr'>z</span> 
     </span>
     <span class='ocr_line' id='line_1_18' title="bbox 268 857 1830 900; baseline -0.003 -8"><span class='ocrx_word' id='word_1_228' title='bbox 268 862 458 892; x_wconf 79' lang='lat' dir='ltr'>incarnationis</span> <span class='ocrx_word' id='word_1_229' title='bbox 474 861 601 900; x_wconf 79' lang='lat' dir='ltr'>mysterio</span> <span class='ocrx_word' id='word_1_230' title='bbox 614 868 719 899; x_wconf 82' lang='lat' dir='ltr'>gentem</span> <span class='ocrx_word' id='word_1_231' title='bbox 739 860 854 889; x_wconf 86' lang='lat' dir='ltr'>alienam</span> <span class='ocrx_word' id='word_1_232' title='bbox 869 860 907 898; x_wconf 91' lang='lat' dir='ltr'>(a</span> <span class='ocrx_word' id='word_1_233' title='bbox 919 860 1047 894; x_wconf 85' lang='lat' dir='ltr'>Christo)</span> <span class='ocrx_word' id='word_1_234' title='bbox 1062 859 1193 894; x_wconf 88' lang='lat' dir='ltr'>erudiisti‚</span> <span class='ocrx_word' id='word_1_235' title='bbox 1209 869 1268 896; x_wconf 75' lang='lat' dir='ltr'>quae</span> <span class='ocrx_word' id='word_1_236' title='bbox 1278 881 1286 895; x_wconf 85' lang='lat'>‚</span> <span class='ocrx_word' id='word_1_237' title='bbox 1303 865 1325 887; x_wconf 85' lang='lat' dir='ltr'>te</span> <span class='ocrx_word' id='word_1_238' title='bbox 1335 857 1462 894; x_wconf 82' lang='lat' dir='ltr'>docente,</span> <span class='ocrx_word' id='word_1_239' title='bbox 1481 857 1583 892; x_wconf 84' lang='lat' dir='ltr'>Patris,</span> <span class='ocrx_word' id='word_1_240' title='bbox 1595 857 1656 885; x_wconf 86' lang='lat' dir='ltr'>Filii</span> <span class='ocrx_word' id='word_1_241' title='bbox 1672 864 1699 885; x_wconf 89' lang='lat' dir='ltr'>et</span> <span class='ocrx_word' id='word_1_242' title='bbox 1711 857 1830 896; x_wconf 88' lang='lat' dir='ltr'>Spiritus</span> 
     </span>
     <span class='ocr_line' id='line_1_19' title="bbox 268 903 1831 943; baseline -0.004 -6"><span class='ocrx_word' id='word_1_243' title='bbox 268 909 351 938; x_wconf 83' lang='lat' dir='ltr'>sancti</span> <span class='ocrx_word' id='word_1_244' title='bbox 363 908 526 937; x_wconf 59' lang='lat' dir='ltr'>Trinitatem</span> <span class='ocrx_word' id='word_1_245' title='bbox 538 907 707 936; x_wconf 78' lang='lat' dir='ltr'>individuam</span> <span class='ocrx_word' id='word_1_246' title='bbox 718 914 743 936; x_wconf 89' lang='lat' dir='ltr'>et</span> <span class='ocrx_word' id='word_1_247' title='bbox 755 918 835 936; x_wconf 87' lang='lat' dir='ltr'>unam</span> <span class='ocrx_word' id='word_1_248' title='bbox 847 907 1017 935; x_wconf 71' lang='lat' dir='ltr'>dirinitatem</span> <span class='ocrx_word' id='word_1_249' title='bbox 1030 905 1160 934; x_wconf 78' lang='lat' dir='ltr'>adoravit.</span> <span class='ocrx_word' id='word_1_250' title='bbox 1182 906 1280 934; x_wconf 85' lang='lat' dir='ltr'>Beatus</span> <span class='ocrx_word' id='word_1_251' title='bbox 1293 916 1319 933; x_wconf 87' lang='lat' dir='ltr'>es</span> <span class='ocrx_word' id='word_1_252' title='bbox 1329 911 1371 940; x_wconf 88' lang='lat' dir='ltr'>tu,</span> <span class='ocrx_word' id='word_1_253' title='bbox 1387 904 1476 933; x_wconf 83' lang='lat' dir='ltr'>fidelis</span> <span class='ocrx_word' id='word_1_254' title='bbox 1491 903 1592 932; x_wconf 84' lang='lat' dir='ltr'>Christi</span> <span class='ocrx_word' id='word_1_255' title='bbox 1603 910 1715 943; x_wconf 78' lang='lat' dir='ltr'>martyr,</span> <span class='ocrx_word' id='word_1_256' title='bbox 1727 903 1775 941; x_wconf 86' lang='lat' dir='ltr'>qui</span> <span class='ocrx_word' id='word_1_257' title='bbox 1795 903 1831 932; x_wconf 88' lang='lat' dir='ltr'>de</span> 
     </span>
     <span class='ocr_line' id='line_1_20' title="bbox 268 950 1829 989; baseline -0.004 -5"><span class='ocrx_word' id='word_1_258' title='bbox 268 967 298 985; x_wconf 90' lang='lat' dir='ltr'>eo</span> <span class='ocrx_word' id='word_1_259' title='bbox 310 955 489 984; x_wconf 82' lang='lat' dir='ltr'>testimonium</span> <span class='ocrx_word' id='word_1_260' title='bbox 504 954 577 983; x_wconf 81' lang='lat' dir='ltr'>velut</span> <span class='ocrx_word' id='word_1_261' title='bbox 591 955 685 983; x_wconf 79' lang='lat' dir='ltr'>Petrus</span> <span class='ocrx_word' id='word_1_262' title='bbox 699 954 840 983; x_wconf 90' lang='lat' dir='ltr'>reddidisti</span> <span class='ocrx_word' id='word_1_263' title='bbox 855 977 864 989; x_wconf 86' lang='lat'><em>,</em></span> <span class='ocrx_word' id='word_1_264' title='bbox 881 953 1019 982; x_wconf 86' lang='lat' dir='ltr'>affirmans</span> <span class='ocrx_word' id='word_1_265' title='bbox 1034 964 1095 982; x_wconf 88' lang='lat' dir='ltr'>eum</span> <span class='ocrx_word' id='word_1_266' title='bbox 1108 953 1207 981; x_wconf 90' lang='lat' dir='ltr'>Filium</span> <span class='ocrx_word' id='word_1_267' title='bbox 1227 963 1282 981; x_wconf 85' lang='lat' dir='ltr'>esse</span> <span class='ocrx_word' id='word_1_268' title='bbox 1293 952 1342 980; x_wconf 90' lang='lat' dir='ltr'>Dei</span> <span class='ocrx_word' id='word_1_269' title='bbox 1359 952 1427 987; x_wconf 72' lang='lat' dir='ltr'>vivi,</span> <span class='ocrx_word' id='word_1_270' title='bbox 1438 950 1633 979; x_wconf 84' lang='lat' dir='ltr'>individuuma</span> <span class='ocrx_word' id='word_1_271' title='bbox 1649 951 1711 979; x_wconf 89' lang='lat' dir='ltr'>sinu</span> <span class='ocrx_word' id='word_1_272' title='bbox 1723 951 1829 979; x_wconf 85' lang='lat' dir='ltr'>Patris:</span> 
     </span>
     <span class='ocr_line' id='line_1_21' title="bbox 268 997 1834 1041; baseline -0.004 -10"><span class='ocrx_word' id='word_1_273' title='bbox 268 1003 361 1031; x_wconf 84' lang='lat' dir='ltr'>beatus</span> <span class='ocrx_word' id='word_1_274' title='bbox 379 1013 406 1031; x_wconf 87' lang='lat' dir='ltr'>es</span> <span class='ocrx_word' id='word_1_275' title='bbox 421 1010 448 1031; x_wconf 93' lang='lat' dir='ltr'>tu</span> <span class='ocrx_word' id='word_1_276' title='bbox 461 1025 468 1038; x_wconf 82' lang='lat'>.-</span> <span class='ocrx_word' id='word_1_277' title='bbox 483 1002 528 1041; x_wconf 86' lang='lat' dir='ltr'>qui</span> <span class='ocrx_word' id='word_1_278' title='bbox 545 1002 570 1030; x_wconf 92' lang='lat' dir='ltr'>in</span> <span class='ocrx_word' id='word_1_279' title='bbox 589 1009 613 1031; x_wconf 88' lang='lat' dir='ltr'>te</span> <span class='ocrx_word' id='word_1_280' title='bbox 627 1009 755 1031; x_wconf 82' lang='lat' dir='ltr'>tormenta</span> <span class='ocrx_word' id='word_1_281' title='bbox 771 1001 909 1041; x_wconf 84' lang='lat' dir='ltr'>suscepisti</span> <span class='ocrx_word' id='word_1_282' title='bbox 925 1012 973 1040; x_wconf 90' lang='lat' dir='ltr'>pro</span> <span class='ocrx_word' id='word_1_283' title='bbox 984 1012 1024 1035; x_wconf 69' lang='grc' dir='ltr'>(το,</span> <span class='ocrx_word' id='word_1_284' title='bbox 1034 1001 1080 1038; x_wconf 83' lang='lat' dir='ltr'>qui</span> <span class='ocrx_word' id='word_1_285' title='bbox 1094 1007 1179 1038; x_wconf 81' lang='lat' dir='ltr'>prote</span> <span class='ocrx_word' id='word_1_286' title='bbox 1193 1000 1326 1039; x_wconf 87' lang='lat' dir='ltr'>supplicia</span> <span class='ocrx_word' id='word_1_287' title='bbox 1336 1009 1475 1039; x_wconf 85' lang='lat' dir='ltr'>perpessus</span> <span class='ocrx_word' id='word_1_288' title='bbox 1486 1005 1524 1027; x_wconf 89' lang='lat' dir='ltr'>est</span> <span class='ocrx_word' id='word_1_289' title='bbox 1536 1010 1542 1025; x_wconf 92' lang='lat'>:</span> <span class='ocrx_word' id='word_1_290' title='bbox 1556 999 1649 1027; x_wconf 86' lang='lat' dir='ltr'>beatus</span> <span class='ocrx_word' id='word_1_291' title='bbox 1662 1005 1688 1026; x_wconf 88' lang='lat' dir='ltr'>tu</span> <span class='ocrx_word' id='word_1_292' title='bbox 1703 997 1834 1036; x_wconf 86' lang='lat' dir='ltr'>denique,</span> 
     </span>
     <span class='ocr_line' id='line_1_22' title="bbox 269 1043 1834 1088; baseline -0.004 -11"><span class='ocrx_word' id='word_1_293' title='bbox 269 1050 315 1088; x_wconf 89' lang='lat' dir='ltr'>qui</span> <span class='ocrx_word' id='word_1_294' title='bbox 336 1060 384 1088; x_wconf 88' lang='lat' dir='ltr'>per</span> <span class='ocrx_word' id='word_1_295' title='bbox 405 1059 487 1077; x_wconf 87' lang='lat' dir='ltr'>annos</span> <span class='ocrx_word' id='word_1_296' title='bbox 502 1049 618 1087; x_wconf 84' lang='lat' dir='ltr'>quinque</span> <span class='ocrx_word' id='word_1_297' title='bbox 631 1055 655 1076; x_wconf 90' lang='lat' dir='ltr'>et</span> <span class='ocrx_word' id='word_1_298' title='bbox 669 1048 761 1077; x_wconf 84' lang='lat' dir='ltr'>decem</span> <span class='ocrx_word' id='word_1_299' title='bbox 775 1048 802 1076; x_wconf 90' lang='lat' dir='ltr'>in</span> <span class='ocrx_word' id='word_1_300' title='bbox 823 1055 903 1088; x_wconf 88' lang='lat' dir='ltr'>puteo</span> <span class='ocrx_word' id='word_1_301' title='bbox 931 1048 1060 1087; x_wconf 85' lang='lat' dir='ltr'>patienter</span> <span class='ocrx_word' id='word_1_302' title='bbox 1074 1046 1182 1085; x_wconf 82' lang='lat' dir='ltr'>degisti.</span> <span class='ocrx_word' id='word_1_303' title='bbox 1199 1047 1332 1086; x_wconf 85' lang='lat' dir='ltr'>Spiritum</span> <span class='ocrx_word' id='word_1_304' title='bbox 1348 1052 1468 1074; x_wconf 84' lang='lat' dir='ltr'>sanctum</span> <span class='ocrx_word' id='word_1_305' title='bbox 1481 1043 1608 1072; x_wconf 86' lang='lat' dir='ltr'>laudibus</span> <span class='ocrx_word' id='word_1_306' title='bbox 1624 1044 1706 1072; x_wconf 86' lang='lat' dir='ltr'>etiam</span> <span class='ocrx_word' id='word_1_307' title='bbox 1720 1044 1834 1078; x_wconf 68' lang='lat' dir='ltr'>extollo,</span> 
     </span>
     <span class='ocr_line' id='line_1_23' title="bbox 269 1090 1834 1136; baseline -0.004 -11"><span class='ocrx_word' id='word_1_308' title='bbox 269 1107 349 1135; x_wconf 84' lang='lat' dir='ltr'>quem</span> <span class='ocrx_word' id='word_1_309' title='bbox 375 1107 437 1125; x_wconf 87' lang='lat' dir='ltr'>cum</span> <span class='ocrx_word' id='word_1_310' title='bbox 462 1097 540 1125; x_wconf 84' lang='lat' dir='ltr'>Patre</span> <span class='ocrx_word' id='word_1_311' title='bbox 560 1103 586 1125; x_wconf 88' lang='lat' dir='ltr'>et</span> <span class='ocrx_word' id='word_1_312' title='bbox 607 1096 676 1125; x_wconf 91' lang='lat' dir='ltr'>Filio</span> <span class='ocrx_word' id='word_1_313' title='bbox 702 1095 823 1136; x_wconf 83' lang='lat' dir='ltr'>ejusdem</span> <span class='ocrx_word' id='word_1_314' title='bbox 847 1096 966 1124; x_wconf 80' lang='lat' dir='ltr'>essentiae</span> <span class='ocrx_word' id='word_1_315' title='bbox 995 1105 1050 1124; x_wconf 91' lang='lat' dir='ltr'>esse</span> <span class='ocrx_word' id='word_1_316' title='bbox 1071 1094 1238 1134; x_wconf 81' lang='lat' dir='ltr'>praedicabas</span> <span class='ocrx_word' id='word_1_317' title='bbox 1254 1104 1261 1122; x_wconf 73' lang='grc' dir='ltr'><strong><em>ε</em></strong></span> <span class='ocrx_word' id='word_1_318' title='bbox 1278 1094 1322 1122; x_wconf 86' lang='lat' dir='ltr'>cui</span> <span class='ocrx_word' id='word_1_319' title='bbox 1346 1093 1430 1121; x_wconf 86' lang='lat' dir='ltr'>honor</span> <span class='ocrx_word' id='word_1_320' title='bbox 1445 1098 1471 1120; x_wconf 92' lang='lat' dir='ltr'>et</span> <span class='ocrx_word' id='word_1_321' title='bbox 1489 1090 1617 1120; x_wconf 80' lang='lat' dir='ltr'>fortitudo</span> <span class='ocrx_word' id='word_1_322' title='bbox 1631 1092 1659 1119; x_wconf 90' lang='lat' dir='ltr'>in</span> <span class='ocrx_word' id='word_1_323' title='bbox 1673 1091 1834 1119; x_wconf 74' lang='lat' dir='ltr'>saeculasae-</span> 
     </span>
     <span class='ocr_line' id='line_1_24' title="bbox 273 1143 519 1172; baseline 0 -1"><span class='ocrx_word' id='word_1_324' title='bbox 273 1143 407 1171; x_wconf 88' lang='lat' dir='ltr'>culorum.</span> <span class='ocrx_word' id='word_1_325' title='bbox 426 1143 519 1172; x_wconf 84' lang='lat' dir='ltr'>Amen.</span> 
     </span>
    </p>
   </div>
   <div class='ocr_carea' id='block_1_5' title="bbox 243 1678 1117 1712">
    <p class='ocr_par' dir='ltr' id='par_1_5' title="bbox 243 1678 1117 1712">
     <span class='ocr_line' id='line_1_25' title="bbox 243 1678 1117 1712; baseline -0.006 5"><span class='ocrx_word' id='word_1_326' title='bbox 243 1694 269 1708; x_wconf 39' lang='grc' dir='ltr'><strong><em>κ</em></strong></span> <span class='ocrx_word' id='word_1_327' title='bbox 970 1678 1117 1712; x_wconf 86' lang='lat' dir='ltr'>FlNlS.</span> 
     </span>
    </p>
   </div>
   <div class='ocr_carea' id='block_1_6' title="bbox 1871 2191 1875 2856">
    <p class='ocr_par' dir='ltr' id='par_1_6' title="bbox 1871 2191 1875 2856">
     <span class='ocr_line' id='line_1_26' title="bbox 1871 2191 1875 2856; baseline 0 0"><span class='ocrx_word' id='word_1_328' title='bbox 1871 2191 1875 2856; x_wconf 95' lang='lat' dir='ltr'> </span> 
     </span>
    </p>
   </div>
  </div>
 </body>
</html>
