1906 2846
91 979 215 1000 Ps11l.22.1

248 187 312 221 272
578 187 606 208 S.
632 185 770 207 JOANNJS
797 184 977 206 Ctttu'sosvr.

242 247 377 275 diseamus
391 247 486 286 injuria
501 245 587 279 aflici;
603 245 653 272 hoc
665 251 701 271 est
715 244 859 271 Christiani
872 256 877 270 :
890 243 978 282 (lespi-

243 293 344 320 ciamus
369 299 452 320 vestes
477 300 578 326 aureas,
599 289 777 328 despiciamus
794 289 928 328 pecunias,
948 299 980 317 ue

244 345 359 366 nostram
381 337 557 375 despiciamus
577 336 687 363 salutem
706 347 711 362 t
730 335 908 374 despiciamus
930 345 979 374 pe-

243 383 348 416 cunias,
365 389 388 410 et
402 392 451 409 uon
467 380 646 419 despiciamus
660 380 776 408 animam
794 393 799 408 :
816 390 844 408 ea
858 387 895 408 est
910 379 980 408 enim

243 438 301 464 quse
323 427 452 465 punitur,
478 436 507 454 ea
529 432 567 453 est
587 436 645 463 qua*
668 425 819 453 cruciatur:
844 425 890 453 illa
909 425 980 453 enim

243 473 286 500 hie
307 478 428 507 manent,
449 482 477 499 ea
500 481 563 500 vero
584 471 649 499 illuc
671 471 735 499 abit.
760 471 811 499 Dic
832 470 917 508 milii,
933 482 981 500 cnr

243 524 267 545 te
282 517 396 549 laceras.
413 524 437 545 ct
454 527 505 545 non
521 516 625 544 sentis?
645 516 707 544 Haec
725 515 785 544 dico
807 517 912 552 avaris,
934 516 980 555 qui

241 563 319 601 plura
349 562 463 590 habendi
492 561 613 590 laborant
640 561 777 590 aviditate.
808 562 912 591 Bonum
943 569 981 591 cst

241 608 320 636 etiam
337 608 369 636 iis
383 608 470 636 dicere
484 608 529 645 qui
544 607 578 635 ab
599 608 687 636 avaris
702 608 860 637 fraudantur
878 616 903 637 et
920 609 981 637 cir-

242 654 448 682 cumveniuntur
463 666 468 680 :
484 654 548 681 ferte
563 653 667 682 sortiter
681 653 838 683 detrimenta
854 655 931 684 vobis
946 655 980 683 ab
998 657 1016 680 C

241 699 330 728 avaris
351 700 429 727 allata
451 711 456 726 z
478 699 517 726 illi
538 699 653 738 seipsos,
672 710 723 728 non
747 711 795 728 vos
813 701 949 740 perimunt
972 713 978 728 :

242 757 290 774 vos
302 746 408 784 quidem
425 745 532 785 prIvant
546 746 675 785 pecuniis,
690 757 717 775 se
730 753 818 776 autem
833 748 882 776 Dei
895 748 977 776 bene-

241 791 356 819 volentia
370 798 395 819 ct
407 791 510 819 auxilio
528 802 533 820 :
549 791 597 830 qui
611 798 649 819 est
663 799 751 820 autem
766 793 814 821 illa
838 793 954 822 nudatus
968 816 976 829 ‚

241 836 343 864 etiamsi
367 837 448 865 totius
469 836 542 865 orbis
564 836 599 865 sit
621 837 731 865 divitias
750 838 924 877 complexus,
940 846 978 867 est

240 882 359 910 omnium
387 882 594 921 pauperrimus:
610 883 836 921 quemadmodum
865 894 979 923 pauper-

240 929 324 957 rimus
340 929 460 957 omnium
479 929 500 957 si
522 929 594 957 hunc
608 929 720 966 habeat,
738 937 776 959 est
795 931 915 959 omnium
937 930 979 959 di-

241 975 359 1003 tissimus
379 987 385 1002 τ
409 976 552 1004 Dominus
568 976 638 1004 enim
651 999 657 1011 ‚
680 977 782 1015 inquit,
800 980 895 1016 pascit
913 989 975 1012 me,

241 1027 268 1048 et
290 1021 365 1048 nihil
386 1022 458 1048 mihi
476 1021 574 1049 deerit.
594 1021 645 1049 Dic
664 1022 748 1057 mihi,
769 1022 791 1050 si
814 1023 903 1051 virum
925 1023 977 1051 lia-

240 1067 302 1094 beas
321 1067 439 1104 aliquem
460 1077 587 1105 magnum
609 1074 634 1095 et
655 1067 858 1104 admirabilem,
883 1069 929 1107 qui
954 1076 979 1097 te

241 1112 319 1140 valde
332 1119 413 1149 amet,
427 1119 452 1140 et
463 1112 502 1140 tui
516 1122 607 1139 curam
621 1119 692 1150 gerat
704 1124 711 1148 3
728 1112 822 1140 deinde
836 1113 903 1141 scias
918 1124 977 1141 eum

241 1165 369 1197 perpetuo
384 1157 535 1194 victurum,
553 1168 600 1186 nec
617 1165 640 1185 te
654 1164 713 1185 ante
728 1168 788 1185 eum
804 1158 960 1186 morituram
971 1181 977 1193 ,

241 1210 267 1231 et
290 1214 350 1231 eum
373 1203 460 1231 omnia
485 1203 534 1231 tibi
561 1203 753 1242 praebiturum,
779 1211 807 1232 ut
829 1204 867 1233 eis
890 1216 979 1233 secure
995 1205 1014 1227 D

243 1256 379 1286 tamquam
389 1248 442 1276 tuis
453 1248 550 1276 fruaris
565 1260 570 1274 t
584 1248 699 1276 vellesne
708 1248 810 1286 aliquid
823 1250 979 1288 possidere?

241 1304 302 1321 nam
317 1294 339 1321 si
355 1293 478 1321 omuibus
493 1293 591 1322 nudata
607 1305 674 1322 esses
688 1317 694 1327 ‚
711 1305 797 1322 annon
812 1295 978 1324 existimares

241 1344 267 1365 te
279 1337 404 1365 ditiorem
418 1338 496 1365 esse?
511 1338 567 1366 Cur
581 1348 642 1376 ergo
660 1339 734 1376 luges
747 1339 760 1365 ἶ)
774 1339 844 1376 quod
860 1350 910 1367 non
929 1340 978 1367 ha-

242 1382 304 1410 beas
327 1383 473 1421 pecunias?
495 1383 538 1411 sed
562 1384 647 1421 cogita
670 1384 740 1421 quod
763 1384 811 1412 tibi
832 1385 866 1413 sit
890 1385 977 1413 ablata

243 1435 409 1465 peecatorum
423 1428 533 1456 occasio.
552 1431 584 1455 At
599 1429 671 1466 quod
688 1429 723 1457 sis
739 1430 845 1468 privata
859 1430 977 1458 faculta-

243 1473 315 1500 tibus
336 1474 349 1500 ?
373 1473 417 1501 sed
440 1474 605 1511 acquisivisti
629 1475 678 1502 Dei
699 1475 920 1505 benevolentiam.
942 1476 978 1504 Et

90 1531 108 1544 t.
120 1524 195 1545 conf·
208 1530 231 1551 ς.
243 1518 388 1555 quomodo,
403 1518 498 1556 inquit,
513 1519 667 1557 acquisivi?
682 1520 770 1555 Dixit,
786 1522 846 1549 Cur
860 1532 916 1549 non
934 1524 979 1549 in-

91 1562 96 1575 ι
124 1556 198 1575 Thess.
208 1555 220 1575 ὁ

91 1584 125 1605 ¹8⁷

225 1567 344 1603 'juriam
364 1568 522 1603 patimini?
541 1566 611 1595 dixit
627 1589 634 1603 ,
657 1569 694 1595 In
713 1570 844 1597 omnibus
863 1571 978 1608 gratias

943 1616 947 1620 ,
986 1599 1019 1617 191

1008 185 1162 206 ARCfflEP.
1191 185 1457 211 CONSTANTINOP-

1035 245 1214 283 ἁμαρτήματα
1232 246 1277 274 καὶ
1299 247 1417 279 κολάσεις
1443 248 1486 276 καὶ
1510 249 1645 288 τιμωρίας,
1664 249 1798 286 Μάθωμεν

1034 290 1118 317 τοίνυν
1142 292 1298 329 ὠφελεῖσθαι
1308 315 1316 328 ,
1341 293 1466 330 μάθωμεν
1493 294 1681 332 ἐπηρεάζεσθαι
1694 307 1700 313 ·
1723 295 1800 323 τοῦτο’

1035 336 1090 364 ἐστι
1125 337 1300 374 Χριστιανοῢ·
1335 338 1576 377 καταφρονήσωμεν
1610 342 1661 367 τῶν
1695 342 1799 379 χρυσῶν

1035 381 1156 418 ἱματίων,
1177 383 1417 421 καταφρονήσωμεν
1444 386 1496 412 τῶν
1515 384 1671 423 χρημάτων,
1696 385 1738 413 ἵνα
1761 384 1799 423 μὴ

1034 429 1275 467 καταφρονήσωμεν
1288 431 1335 463 τῆς
1352 429 1484 469 σωτηρίας
1508 433 1555 465 τῆς
1581 430 1726 469 ἧμετέρας’
1749 443 1801 460 κα-

1034 474 1238 512 ταφρονήσωμεν
1263 475 1407 514 χρημάτων
1421 497 1429 511 ,
1456 475 1502 503 καὶ
1528 475 1564 513 μὴ
1598 475 1801 514 καταφρονήσω-

1036 530 1083 556 μεν
1108 521 1154 554 τῆς
1187 521 1272 558 ψυχῆς
1286 532 1291 537 ·
1318 520 1384 555 αὕτη
1411 521 1462 558 γάρ
1484 522 1552 549 ἐστιν
1576 523 1592 555 ἡ
1623 520 1799 557 κολαζομένη,

1035 564 1101 599 αὕτη
1125 565 1193 594 ἐστὶν
1211 568 1228 600 ἡ
1249 566 1447 604 τιμωρουμένη·
1464 568 1550 595 ἐκεῖνα
1574 568 1683 595 ἐνταῦθα
1709 565 1798 603 μένει,

1035 609 1100 645 αὕτη
1122 611 1148 638 δὲ
1164 611 1268 639 ἄπεισιν
1288 612 1351 639 ἐκεῖ.
1363 611 1440 644 Τίνος
1457 611 1552 646 ἕνεκεν,
1566 611 1647 645 τίνος,
1662 609 1719 638 εἰπέ
1735 621 1799 647 μοι,

1034 656 1209 688 κατακόπτεις
1227 656 1330 690 σαυτὸν,
1349 657 1394 685 καὶ
1410 657 1457 685 οὐκ
1482 656 1591 695 αἰσθάνῃ
1602 668 1610 691 ·,
1623 657 1716 684 Ταῦτα
1735 654 1800 694 πρὸς

1034 701 1092 734 τοὺς
1107 702 1264 734 πλεονέκτας
1277 702 1355 741 λέγω.
1371 702 1459 730 Καλὸν
1471 701 1498 731 δὲ
1512 701 1556 730 καὶ
1570 701 1634 740 πρὸς
1649 699 1708 733 τοὺς
1719 701 1799 729 πλεο-

1032 747 1216 784 νεκτουμένους
1228 750 1319 783 εἰπεῖν,
1329 747 1419 788 φέρετε
1439 747 1561 786 γενναίως
1577 745 1623 779 τὰς
1633 745 1796 778 πλεονεξίας·

1032 793 1139 826 ἑαυτοὺς
1163 795 1311 833 ἀναιροῦσιν
1335 794 1428 822 ἐκεῖνοι
1438 815 1445 828 ,
1471 794 1521 832 οὐχ
1545 794 1623 830 ὑμᾶς.
1645 791 1732 829 “Υμᾶς
1749 790 1797 828 μὲν

1032 841 1204 878 ἀποστεροῦσι
1218 839 1372 878 χρημάτων,
1389 839 1495 872 ἑαυτοὺς
1508 839 1535 867 δὲ
1549 840 1676 876 γυμνοῦσι
1689 839 1736 871 τῆς
1751 838 1797 865 εὖ-

1032 884 1102 917 νοίας
1118 887 1163 913 τοῖ’)
1184 886 1253 913 Θεοῦ
1277 885 1322 914 καὶ
1341 887 1388 919 τῆς
1404 884 1524 923 βοηθείας
1536 895 1541 900 ’
1557 887 1570 912 ὃ
1585 883 1612 911 δὲ
1629 882 1728 916 ἐκείνης
1747 893 1797 921 γυ-

1033 931 1143 968 μνωθεὶς
1151 953 1158 966 ,
1171 931 1218 960 κᾶν
1230 931 1334 960 ἅπαντα
1346 931 1522 970 περιέοἷληται
1534 932 1580 964 τ’ἧς
1591 928 1744 966 οἰκουμένης
1754 927 1798 957 τὸν

1032 978 1154 1012 πλοῦτον,
1175 977 1280 1005 πάντων
1305 977 1359 1006 ἐστὶ
1385 976 1552 1015 πενέστερος·
1576 977 1712 1013 ὥσπεροῧν
1726 973 1799 1002 καὶὸ

1033 1022 1137 1050 πάντων
1162 1023 1329 1061 πενέστερος,
1349 1023 1379 1050 ἂν
1401 1022 1496 1057 ταύτην
1520 1022 1585 1060 ἔχῃ,
1609 1020 1713 1049 πάντων
1729 1019 1799 1048 ἐστὶν

1033 1068 1209 1107 εὐπορώτερος
1221 1080 1226 1085 ·
1242 1068 1338 1107 Κύριος
1355 1068 1421 1107 γὰρ,
1439 1068 1502 1106 φησὶ
1516 1089 1523 1102 ,
1541 1066 1675 1104 ποιμαίνει
1690 1077 1737 1103 με,
1754 1064 1800 1093 καὶ

1032 1113 1103 1141 οὐδέν
1115 1126 1147 1151 με
1161 1114 1307 1151 ὑστερήσει.
1321 1113 1386 1142 Εἰπὲ
1399 1113 1430 1147 δή
1443 1124 1488 1151 μοι
1501 1135 1508 1147 ,
1524 1113 1548 1141 εἴ
1560 1124 1618 1140 τινα
1632 1107 1701 1150 εἶχες
1717 1111 1800 1150 ἄνδρα

1032 1159 1114 1197 με’-(αν
1129 1160 1173 1188 καὶ
1188 1159 1348 1197 θαυμαστὸν,
1365 1159 1432 1188 πάνυ
1449 1171 1477 1187 σε
1491 1159 1614 1197 φιλοῦντα
1629 1157 1673 1186 καὶ
1683 1156 1799 1194 κηδόμε-

1033 1217 1084 1239 νον,
1096 1201 1153 1233 εἶτα
1169 1205 1248 1243 ἔγνως
1264 1205 1303 1233 ὅτι
1314 1204 1455 1238 διαπαντὸς
1470 1205 1592 1239 ζήσεται,
1607 1203 1652 1231 καὶ
1663 1204 1691 1230 οὔ
1703 1213 1799 1241 προτε-

1032 1251 1166 1285 λευτή,εις
1181 1251 1257 1279 αὐτοῦ
1268 1273 1275 1285 ,
1290 1250 1334 1278 καὶ
1348 1251 1434 1278 πάντα
1450 1261 1490 1279 σοι
1505 1248 1612 1287 παρέξει
1629 1246 1697 1285 μετὰ
1712 1246 1801 1278 ἀδείας

1032 1296 1064 1324 τὰ
1084 1299 1160 1325 αὑτοῦ
1173 1319 1180 1331 ,
1195 1296 1262 1324 ὥστε
1282 1308 1311 1324 σε
1331 1298 1366 1327 ὡς
1385 1297 1436 1323 τῶν
1455 1297 1507 1323 σῶν
1525 1293 1686 1323 ἀπολαύειν·
1704 1288 1755 1331 ἆρα
1769 1292 1799 1320 ἂν

1032 1342 1162 1376 ἠθέλησας
1177 1340 1324 1375 κτήσασθαί
1340 1353 1382 1375 τις
1400 1337 1451 1378 ’ἆρα
1467 1341 1507 1375 ἂν,
1523 1341 1545 1368 εἰ
1556 1339 1661 1368 πάντων
1677 1337 1800 1377 ἐγυμνώ-

1031 1390 1077 1420 Οης
1087 1409 1094 1421 ,
1114 1386 1172 1425 οὐχί
1188 1398 1216 1415 σε
1230 1386 1424 1424 πλουσιωτέραν
1441 1385 1555 1423 ἐνόμιζες
1570 1381 1635 1414 εἶναι
1648 1384 1690 1412 διὰ
1704 1386 1780 1412 τοῦτο
1792 1395 1799 1418 ;

1031 1432 1066 1460 Τι’
1079 1433 1175 1467 δήποτε
1186 1428 1227 1460 οἶν
1243 1434 1343 1464 πενθεῖς
1357 1445 1363 1467 ;
1379 1431 1419 1460 ὅτι
1433 1431 1562 1470 χρήματα
1577 1432 1623 1459 οὐκ
1640 1430 1709 1469 ἔχεις
1720 1442 1727 1464 ;
1740 1430 1798 1458 ἀλλ’

1030 1481 1108 1508 ἐννόει
1123 1479 1163 1507 ὅτι
1175 1478 1307 1517 ἀφῃρέθης
1319 1480 1369 1506 τῶν
1383 1477 1584 1517 ἁμαρτημάτων
1598 1477 1646 1512 τὴν
1663 1476 1795 1505 ὑπόθεσιν.

1030 1525 1098 1554 Ἀλλ’
1117 1525 1157 1553 ὅτι
1169 1525 1257 1556 οὐσίας
1272 1524 1467 1562 ἀπεστερηθης;
1482 1524 1540 1552 ἀλλ’
1553 1523 1657 1557 ἐκτήσω
1671 1525 1716 1551 τοῦ
1727 1523 1798 1551 Θεοῦ

1029 1571 1076 1606 τὴν
1093 1571 1202 1599 εὔνοιαν.
1216 1570 1269 1599 Καὶ
1284 1571 1339 1602 πῶς
1351 1569 1515 1607 ἐκτησάμην,
1531 1569 1608 1608 φησίν
1622 1580 1630 1605 3
1646 1564 1731 1603 Εἷπε,
1747 1566 1799 1596 Διὰ

90 1616 217 1637 Μηνιῐιᾶα
241 1615 317 1650 agite
337 1624 345 1638 .·
363 1612 444 1646 dixit,
470 1614 555 1641 Beati
577 1624 716 1652 pauperes
743 1617 854 1653 spiritu.
882 1616 976 1654 Cogita
995 1628 1014 1648 Α
1029 1618 1054 1646 τί
1068 1617 1104 1654 μὴ
1118 1617 1216 1654 μᾶλλον
1233 1617 1382 1650 ἀδικεῖσοε;
1399 1610 1467 1643 εἶπεν
1481 1614 1579 1643 ὅτιἘν
1598 1613 1678 1643 παντὶ
1693 1615 1800 1652 εὔχαρι-

240 1657 322 1694 igitur
335 1665 432 1695 quanta
448 1659 544 1686 frueris
560 1659 752 1695 benevolentia,
768 1660 789 1688 si
806 1671 834 1688 ea
850 1671 897 1699 per
907 1662 976 1689 facta

239 1703 391 1732 ostenderis.
410 1705 478 1732 Nam
496 1715 579 1732 unum
599 1705 685 1733 solum
699 1706 828 1743 quaeritur
846 1717 860 1734 a
879 1707 955 1735 nobis
967 1729 975 1743 ,

1031 1668 1115 1691 στεῖτε
1126 1674 1132 1679 ·
1149 1657 1219 1690 εἶπεν
1232 1660 1272 1689 ὅτι
1285 1661 1419 1699 Μακάριοι
1436 1662 1459 1689 οἱ
1480 1660 1581 1699 πτωχοὶ
1594 1662 1632 1699 τῷ
1657 1659 1798 1696 πνεύματι.

1029 1708 1130 1737 ,Εννόει
1143 1706 1228 1735 τοίνυν
1241 1706 1304 1740 ὅσης
1329 1706 1429 1738 εὐνοίας
1451 1705 1626 1741 ἀπολαύσεις,
1649 1707 1734 1733 ταῦτα
1755 1703 1800 1732 διὰ

660 1816 832 1845 MUTIANO
855 1817 1109 1847 SCHOLASTICO
1133 1815 1385 1845 INTERPRETE.

239 1914 381 1943 Christiani
397 1927 402 1942 :
419 1922 618 1943 contemnamus
632 1916 758 1954 pecunias
769 1939 776 1953 ,
792 1927 824 1945 ne
837 1918 949 1946 salutem
963 1926 1081 1947 nostram
1095 1924 1296 1946 contemnamus
1312 1928 1317 1944 :
1334 1923 1533 1945 contemnamus
1547 1914 1690 1954 pecunias,
1706 1922 1732 1943 et
1745 1925 1797 1944 non

238 1968 434 1990 contemnemus
455 1961 592 1990 animam:
618 1962 675 2000 ipsa
699 1969 737 1990 est
759 1974 818 2000 quae
841 1963 998 2002 subjicietur
1022 1964 1178 2004 suppliciis,
1202 1964 1260 2002 ipsa
1279 1970 1317 1992 est
1338 1974 1396 2001 quae
1417 1962 1550 1991 afficietur
1571 1961 1732 1990 tormentis:
1751 1961 1799 1992 issa

237 2008 282 2036 hic
295 2015 441 2045 remanent,
458 2008 508 2036 ista
530 2008 667 2037 descendit
681 2008 755 2038 illuc.
777 2010 867 2044 Quare
888 2021 962 2049 ergo,
978 2011 1022 2039 dic
1039 2011 1117 2045 mihi,
1142 2011 1227 2049 luges,
1244 2017 1269 2038 et
1284 2020 1336 2038 non
1357 2009 1458 2038 sentis?
1481 2010 1544 2038 Haec
1564 2008 1599 2037 ad
1615 2018 1711 2037 avaros
1727 2008 1798 2045 dico,

236 2055 308 2083 etad
320 2066 363 2083 eos
377 2055 422 2093 qui
437 2055 470 2083 ab
485 2054 573 2083 avaris
586 2055 732 2093 laeduntur,
749 2063 778 2084 ut
792 2057 894 2086 fortiter
905 2058 1015 2086 illorum
1025 2058 1151 2087 avaritias
1164 2058 1275 2085 tolerent
1287 2069 1293 2084 ι
1307 2067 1335 2084 se
1346 2056 1417 2095 ipsos
1431 2056 1588 2084 interimunt
1603 2055 1654 2091 illi,
1668 2065 1720 2083 non
1733 2066 1797 2088 vos2

235 2112 282 2130 vos
296 2101 406 2139 quidem
420 2101 528 2141 privant
544 2101 663 2140 pecuniis
675 2125 682 2138 ‚
697 2103 850 2142 semetipsos
865 2110 953 2132 autem
969 2104 1156 2143 propitiatione
1171 2103 1222 2131 Dei
1237 2110 1262 2131 et
1277 2102 1419 2141 adjutorio.
1437 2102 1492 2138 Qui
1506 2101 1578 2130 enim
1597 2101 1643 2128 illa
1658 2100 1795 2136 nudatur,

236 2156 260 2176 et
275 2149 295 2177 si
311 2147 490 2177 circumdetur
505 2148 629 2176 omnibus
643 2149 739 2178 mundi
754 2149 858 2178 divitiis
870 2172 880 2187 ,
895 2151 1021 2178 omnibus
1035 2151 1084 2179 erit
1098 2150 1218 2189 egentior
1233 2162 1239 2177 :
1255 2150 1324 2178 sicut
1338 2156 1363 2178 et
1378 2149 1425 2187 qui
1440 2149 1567 2177 omnibus
1581 2148 1724 2187 pauperior
1738 2155 1796 2186 est,

236 2194 257 2222 si
278 2195 355 2223 istam
374 2194 490 2231 habeat,
507 2194 632 2222 omnibus
647 2195 697 2223 erit
717 2195 877 2234 opulentior.
904 2197 1065 2231 Dominus,
1086 2196 1183 2234 inquit,
1198 2199 1291 2235 pascit
1313 2206 1366 2232 me,
1387 2202 1414 2223 et
1434 2195 1510 2223 nihil
1531 2195 1604 2223 mihi
1623 2195 1724 2223 deerit.
1747 2195 1798 2223 Die

236 2248 324 2269 autem
339 2241 416 2277 mihi,
429 2241 451 2269 si
463 2241 573 2269 haberes
584 2241 701 2279 aliquem
716 2242 805 2270 virum
818 2253 945 2281 magnum
959 2250 1038 2281 atque
1052 2243 1214 2278 mirabilem,
1230 2249 1256 2271 et
1270 2241 1347 2271 valde
1361 2249 1385 2270 te
1399 2249 1544 2279 amantem,
1559 2248 1585 2270 et
1599 2252 1692 2270 curam
1705 2251 1797 2280 geren-

237 2292 289 2313 tem
301 2297 308 2322 ;
322 2285 417 2314 deinde
431 2296 599 2324 cognosceres
612 2286 739 2323 quoniam
752 2298 856 2326 semper
870 2287 990 2316 victurus
1004 2295 1089 2323 esset,
1104 2295 1129 2317 et
1141 2288 1215 2326 quod
1231 2299 1282 2317 non
1297 2299 1359 2317 eum
1375 2294 1458 2316 morte
1472 2287 1634 2327 praevenires
1644 2309 1652 2324 ,
1666 2294 1690 2316 et
1703 2294 1797 2316 cuncta

238 2331 287 2359 tihi
302 2332 464 2372 impertiens,
481 2342 543 2360 cum
557 2331 655 2360 fiducia
670 2333 725 2361 suis
737 2333 815 2361 rebus
828 2334 879 2361 frui
892 2334 1054 2372 permitteret
1069 2346 1075 2361 :
1088 2345 1153 2363 num
1167 2334 1248 2364 velles
1259 2333 1363 2372 aliquid
1377 2333 1514 2373 possidere
1526 2333 1539 2361 Ρ
1554 2344 1619 2362 num
1634 2333 1656 2361 si
1671 2333 1796 2362 omnibus

237 2378 308 2406 nuda
322 2390 398 2416 esses,
414 2389 499 2407 nonne
512 2378 636 2407 ditiorem
651 2386 674 2407 te
688 2390 742 2409 esse
757 2387 874 2419 putares⁷
890 2380 969 2409 illum
983 2381 1107 2410 habendo
1117 2382 1131 2410 Ξ)
1146 2381 1220 2417 Quid
1234 2392 1298 2420 ergo
1313 2382 1398 2420 luges,
1413 2381 1474 2419 quia
1494 2380 1619 2420 pecunias
1634 2390 1686 2408 non
1701 2379 1795 2415 habes,

238 2430 262 2451 et
277 2434 327 2452 non
347 2426 431 2464 magis
453 2425 602 2454 consideras
614 2448 622 2463 ,
636 2426 698 2464 quia
716 2427 810 2455 ablata:
833 2427 881 2455 tibi
898 2435 959 2456 sunt
979 2429 1128 2458 occasiones
1144 2428 1270 2469 peccandi
1283 2429 1296 2456 9
1315 2427 1368 2457 Sed
1386 2428 1468 2463 dices,
1488 2427 1550 2466 quia
1568 2426 1641 2465 quod
1661 2426 1792 2455 habebam

239 2470 324 2498 amisi.
352 2472 404 2500 Sed
431 2472 568 2510 acquisisti
598 2473 814 2512 propitiationem
840 2475 898 2503 Dei.
937 2475 971 2504 Et
996 2476 1131 2514 quomodo
1158 2475 1288 2514 acquisivi
1301 2498 1309 2513 ‚
1339 2475 1469 2513 inquies?
1502 2474 1573 2509 Quia
1600 2473 1703 2502 dictum
1730 2480 1769 2502 est
1786 2486 1791 2501 ε

242 2516 337 2553 Quare
352 2527 408 2545 non
424 2521 560 2557 injuriam
576 2521 667 2558 magis
676 2523 811 2558 patimini
823 2523 835 2548 Ρ
846 2521 949 2550 (lictum
964 2529 1011 2557 est,
1030 2524 1105 2560 Quia.
1118 2524 1195 2551 beati
1209 2525 1259 2561 qni
1274 2524 1371 2550 omnia
1386 2528 1468 2560 grate
1482 2522 1650 2559 suscipiunt.
1668 2519 1792 2558 Inte-llige

238 2560 320 2598 igitur
342 2570 439 2599 quanto
461 2564 508 2592 Dei
533 2565 621 2593 favore
640 2566 786 2604 perfruitur
806 2578 863 2606 quse
885 2568 933 2596 ista
949 2568 1074 2607 operibus
1096 2569 1160 2607 ipsis
1182 2568 1304 2597 ostendit.
1326 2569 1415 2599 [snum
1437 2566 1537 2606 quippe
1559 2573 1663 2595 tantum
1678 2577 1691 2594 a
1713 2565 1790 2595 nobis
