1886 2846
76 752 126 774 lac.
141 752 162 774 5.
180 752 214 774 13.

73 1223 92 1239 1.
103 1217 176 1239 ΓΙιτ-ςς,
187 1217 210 1245 (i-

73 1254 107 1269 12.

238 174 284 207 (313
587 188 616 210 5.
645 189 785 211 somnis
811 189 991 212 cnnrsosr.

236 249 336 276 mortis
343 258 397 286 per
407 254 497 276 totam
511 250 605 276 vitam
622 250 740 277 obnoxii
756 256 838 278 erant
852 252 974 278 servitu-

237 295 267 321 ti.
278 292 330 321 Sed
342 303 394 322 11011
409 293 496 321 51111115
511 304 557 322 1105
572 294 627 323 haec
642 294 766 331 credere,
779 306 824 334 per
839 296 895 334 ipsa
908 296 976 322 sacta

236 337 375 367 xobiscum
392 346 539 378 pugnantes
560 351 565 367 :
581 351 744 378 quamquam
760 342 832 369 Deus
849 340 976 369 adversus

235 384 286 413 hoc
300 385 383 414 multa
403 385 507 414 dederit
524 386 687 414 munimenta
701 409 709 423 ‚
728 394 757 414 ut
774 387 842 414 hanc
865 396 977 424 pravam

1022 189 1163 211 ARCfflEP
1170 203 1177 211 .
1207 189 1459 214 CONSTAN'HNOP
1466 207 1473 214 .

1030 262 1074 278 του
1094 250 1136 277 διὰ
1156 250 1252 282 παντὸς
1271 251 1376 290 τοῧζζῇν
1391 253 1477 292 ἔνοχοι
1490 250 1557 289 ἦσαν
1577 256 1700 288 δουλείας.
1728 256 1795 285 Ἀλλ’

1030 298 1075 325 οὐκ
1097 296 1185 335 ἀφίετε
1200 299 1282 325 ταῦτα
1297 298 1465 328 πιστεύεσθαι
1484 302 1574 338 ὑμεῖς,
1590 301 1736 340 μαχόμενοι
1753 303 1796 331 διὰ

1029 344 1080 370 τῶν
1102 342 1184 381 ἔργων
1204 344 1304 375 αὐτοῖς·
1330 343 1415 373 καίτοι
1428 346 1513 375 πολλὰ
1528 347 1736 386 ἐπιτειχίσαντας
1749 351 1794 376 τοῦ

1029 389 1098 417 Θεοῦ
1119 388 1234 426 γίνεσθαι
1258 389 1322 428 πρὸς
1342 392 1418 419 τοῦτο
1430 412 1437 426 ,
1461 391 1503 420 ἵνα
1519 393 1596 431 ἀνέλῃ
1616 393 1663 428 τὴν
1677 394 1794 432 πονηρὰν

234 430 337 459 tolleret
355 431 586 461 consuetudinem.
598 431 738 467 Nam,dic
753 431 831 465 mihi,
844 430 910 468 quid
925 430 976 458 sibi
994 437 1012 460 C
1030 433 1126 468 ταύτην
1141 434 1288 469 συνήθειαν.
1323 435 1392 464 Εἰπὲ
1412 436 1462 476 γάρ
1479 449 1538 475 μοι,
1560 438 1586 466 τί
1610 439 1745 477 βούλονται
1767 440 1794 467 αἱ

234 474 328 502 volunt
338 475 415 503 clarat
428 475 584 514 lampades?
593 486 680 504 annon
691 486 734 503 eos
746 482 880 511 tamquam
893 473 976 502 athle-

233 526 272 548 tas
286 519 469 549 deducimus?
481 521 547 559 quid
560 528 648 549 autem
662 520 777 559 hymni?
789 530 875 547 annon
889 520 977 548 Deum

236 565 420 603 glorificamus
436 574 460 595 et
473 567 570 605 gratias
583 567 695 605 agimus,
705 564 776 603 quod
789 575 850 593 enm
866 565 913 603 qui
927 576 976 593 ex-

231 613 307 642 cessit
317 614 373 653 jam
389 614 566 644 coronaverit,
576 612 647 651 quod
662 624 676 640 3
691 612 829 641 laboribus
842 613 976 641 liberave-

230 658 279 695 rit,
295 660 368 697 quod
385 660 466 699 ejecto
483 666 555 687 metu
574 669 634 686 eum
657 658 731 697 apud
746 669 774 686 se
788 658 903 687 habeat?
923 669 975 687 non

229 704 289 733 ideo
300 713 360 733 sunt
371 705 465 744 hymni
475 705 545 732 Z‘non
555 704 615 732 idco
624 703 780 743 psalmodiae
790 704 803 732 ,⁰
812 704 875 733 Haec
886 704 976 733 omnia

228 758 290 779 sunt
302 751 449 779 laetantium
459 763 466 779 ι
476 752 529 778 Est
542 752 618 777 enim
632 752 788 789 quispiam,
803 750 899 788 inquit,
909 751 975 779 Icelo

228 798 349 823 animo?
361 796 482 834 psallat.
498 794 550 824 Sed
572 805 623 823 non
643 795 691 823 hos
712 795 854 823 attendunt
872 795 971 824 Graeci.

227 841 266 868 Ne
287 841 352 868 mihi
374 841 455 877 enim,
477 841 575 878 inquit,
594 840 696 869 dixeris
717 842 849 879 eum,qui
867 841 901 870 ab
914 842 974 870 ani-

226 886 263 914 mi
284 893 356 914 metu
376 893 491 914 remotus
510 887 730 926 philosophatur3
745 887 796 916 hoc
815 887 886 916 enim
903 888 973 920 nihil

225 940 262 961 est
277 944 404 972 magnum
424 945 470 962 nec
489 933 672 975 admirabile-7
689 935 797 963 ostende
819 935 887 963 mihi
909 946 971 964 eum

224 980 271 1018 qui
290 980 317 1008 in
337 980 428 1009 dolore
449 981 508 1020 ipso
525 981 738 1020 philosophetur,
748 988 773 1010 et
790 989 852 1010 tunc
865 982 971 1010 credam

223 1027 418 1055 resurrectioni.
431 1028 465 1056 Et
479 1027 553 1065 quod
565 1027 616 1055 hoc
630 1027 729 1055 faciant
749 1027 858 1065 quidem
870 1028 970 1056 mulie-

223 1082 264 1100 res
280 1083 338 1111 quae
360 1073 387 1101 in
413 1072 493 1112 hujus
513 1073 575 1102 vitae
596 1072 666 1101 curis
689 1080 841 1110 versantur,
857 1084 909 1101 non
932 1080 971 1102 est

223 1119 333 1153 mirum,
348 1128 510 1156 quamquam
525 1118 575 1146 1100
588 1128 692 1156 quoque
706 1118 740 1146 sit
757 1119 858 1146 malum
869 1125 893 1146 et
905 1129 970 1157 gra-

223 1174 271 1192 ve:
286 1174 348 1192 nam
366 1164 401 1192 ab
419 1164 451 1192 iis
472 1175 578 1202 quoque
597 1164 689 1193 eadem
712 1164 831 1202 exigitur
852 1165 970 1203 philoso-

224 1210 288 1248 phia
302 1222 309 1237 1
321 1209 494 1248 quamobrem
504 1210 605 1238 Paulus
621 1221 728 1248 quoque
742 1210 825 1238 dicit:
840 1211 887 1238 De
902 1211 969 1239 dor-

223 1259 377 1286 mientibus
392 1264 489 1286 aulem
513 1258 580 1286 nolo
601 1268 656 1286 vos
680 1259 967 1297 ignorare,sratre5,

223 1311 254 1332 ut
267 1315 325 1332 non
335 1306 563 1341 contristemini,
577 1307 651 1333 sicut
667 1311 694 1333 et
707 1307 803 1333 coeteri
824 1307 873 1344 qui
889 1316 969 1344 spem

224 1362 282 1379 non
298 1352 416 1380 habent.
430 1352 488 1380 Non
501 1351 557 1380 haee
569 1352 702 1382 scribebat
713 1352 849 1381 monachis
859 1376 865 1388 ,
877 1363 925 1381 nec
936 1353 968 1381 iis
981 1383 1004 1401 47

1029 479 1166 517 λαμπάδες
1188 481 1214 508 αἱ
1237 481 1360 520 φαιδραί;
1384 482 1433 521 οὐχ
1446 484 1480 516 ὡς
1495 483 1609 519 ἀθλητὰς
1625 484 1716 517 αὐτοὺς
1729 496 1794 524 προ·

1029 525 1185 563 πέμπομεν;
1199 526 1224 554 τί
1241 526 1266 555 δὲ
1281 528 1304 555 οἱ
1321 526 1413 564 ὕμνοι;
1431 528 1488 567 οὐχὶ
1502 529 1545 558 τὸν
1560 530 1628 559 Θεὸν
1643 531 1792 568 δοξάζομεν,

1029 571 1073 599 καὶ
1090 573 1295 611 εὐχαριστοῦμεν
1310 573 1349 601 ὅτι
1367 574 1456 602 λοιπὸν
1477 575 1640 614 ἐστεφάνωσε
1651 576 1695 606 τὸν
1710 579 1792 606 ἀπελ-

1029 616 1122 653 Οόντα,
1146 618 1186 646 ὅτι
1210 620 1262 646 τῶν
1283 619 1368 647 πόνων
1393 620 1538 655 ἀπήλλαξεν
1552 643 1561 657 ,
1577 621 1617 650 ὅτι
1630 624 1678 657 τῆς
1696 623 1792 656 δειλίας

1029 663 1147 692 ἐκδαλὼν
1160 664 1216 703 ἔχει
1228 667 1290 704 παρ’
1306 667 1389 704 ἑαυτῷ
1401 677 1408 702 3
1422 668 1450 694 οὐ
1464 666 1506 695 διὰ
1520 670 1596 696 τοῦτο
1606 666 1698 705 ὕμνοι;
1713 669 1741 697 οὔ
1751 668 1794 697 διὰ

1027 712 1103 738 τοῦτο
1122 711 1294 750 ψαλμῳδιάις
1316 712 1409 740 Ταῦτα
1432 712 1519 741 πάντα
1538 713 1683 752 χαιρόντων
1705 714 1790 742 ἐστίν·

1028 756 1144 793 Εὔθυμεῖ
1156 756 1220 795 γὰρ,
1235 757 1314 796 φησὶ,
1334 757 1389 791 τίς;
1407 758 1541 796 ψαλλέτω.
1563 760 1632 787 Ἀλλ’
1648 761 1676 787 οὐ
1691 759 1791 793 τούτοις

1026 802 1198 840 προσέχουσιν
1217 802 1355 837 ἽΞλληνες.
1380 804 1427 838 Μὴ
1452 804 1502 842 γάρ
1521 816 1582 842 μοι,
1606 805 1701 844 φησὶν,
1715 805 1791 844 εἴπῃς

1026 847 1069 876 τὸν
1085 848 1158 881 ἐκτὸς
1172 851 1217 877 τοῦ
1232 849 1531 888 πάθως’φιλοσοφοῧντα
1542 873 1551 886 ⁷
1566 853 1641 880 τοῦτο
1655 851 1706 891 γὰρ
1718 851 1789 880 οὐδὲν

1025 894 1093 932 μέγα
1107 895 1163 923 οὐδὲ
1184 895 1350 932 θαυμαστὸν,
1376 895 1444 923 ἀλλὰ
1459 895 1538 928 δεῖξόν
1560 908 1604 934 μοι
1617 897 1660 926 τὸν
1675 898 1702 925 ἐν
1718 899 1790 934 αὖτῷ

1024 943 1061 980 τῷ
1078 941 1156 969 πάθει
1177 942 1366 979 φιλοσοςροῦντα
1376 963 1383 975 ,
1398 941 1443 969 καὶ
1457 941 1515 969 τότε
1529 942 1660 971 πιστεύσω
1675 945 1708 981 τῇ
1725 944 1789 971 ἄνα-

988 990 1008 1013 D
1025 986 1125 1014 στάσει.
1145 986 1198 1015 Καὶ
1214 987 1243 1015 τὸ
1262 986 1308 1023 μὲν
1330 986 1455 1024 βιωτικὰς
1468 991 1594 1025 γυναῖκας
1609 990 1685 1017 τοῦτο
1696 993 1790 1024 ποιεῖν,

1024 1032 1174 1069 Θαυμαστὸν
1189 1031 1260 1060 οὐδέν
1271 1043 1277 1049 ·
1292 1032 1378 1059 καίτοι
1392 1044 1421 1070 γε
1437 1032 1481 1060 καὶ
1497 1033 1559 1061 αὐτὸ
1573 1033 1668 1062 δεινόν’
1683 1033 1790 1073 καὶγὰρ

1023 1077 1069 1105 καὶ
1094 1073 1170 1105 αῧται
1192 1077 1240 1112 τὴν
1262 1077 1342 1112 αὐτὴν
1367 1079 1539 1106 ἀπαιτοῦνται
1557 1079 1727 1118 φιλοσοφίαν·
1750 1080 1790 1109 διὸ

1023 1123 1067 1151 καὶ
1080 1123 1184 1156 Παῧλός
1199 1135 1272 1162 φησι,
1289 1123 1356 1162 Περὶ
1369 1123 1395 1152 δὲ
1407 1125 1458 1152 τῶν
1471 1125 1669 1162 κεκοιμημένων
1682 1126 1710 1154 οὐ
1724 1125 1792 1154 θέλω

1022 1170 1089 1206 ὑμᾶς
1106 1171 1218 1207 ἀγνοεῖν,
1234 1168 1275 1197 ἵνα
1287 1169 1324 1207 μὴ
1336 1171 1462 1204 λυπῆσθε,
1475 1169 1561 1203 καθὼς
1574 1170 1618 1198 καὶ
1630 1173 1654 1199 οἱ
1665 1172 1752 1200 λοιποὶ
1767 1174 1791 1201 οἱ

1023 1215 1058 1253 μὴ
1083 1215 1185 1254 ἔχοντες
1209 1215 1311 1244 ἐλπίδα.
1339 1215 1407 1254 Οὐχὶ
1426 1215 1578 1253 μονάζουσιν
1594 1217 1690 1256 ἔγραφε
1706 1220 1790 1247 ταῦτα

1020 1261 1077 1290 οὐδὲ
1095 1261 1282 1299 ἀειπαρθένοις,
1304 1261 1371 1290 ἀλλὰ
1389 1261 1433 1289 καὶ
1451 1266 1590 1298 κοσμικαῖς
1601 1262 1680 1300 γάμῳ
1693 1264 1790 1300 ὁμιλη-

1023 1307 1133 1342 cotem,
1150 1308 1194 1336 καὶ
1212 1309 1352 1345 βιωτικοῖς.
1377 1306 1453 1341 Πλὴν
1474 1308 1532 1335 ἀλλ’
1558 1309 1606 1346 οὐχ
1624 1307 1691 1336 οὕτω
1707 1308 1787 1338 δεινὸν

1021 1357 1114 1382 τοῦτο·
1135 1353 1196 1382 ὅταν
1219 1353 1246 1382 δέ
1270 1365 1327 1388 τις,
1349 1352 1364 1387 ἢ
1386 1352 1467 1391 γυνὴ,
1490 1352 1507 1387 ἢ
1526 1353 1592 1392 ἀνὴρ
1607 1355 1787 1394 ἐσταυρῶσθαι

223 1409 282 1436 qua:
293 1408 397 1436 semper
413 1405 475 1426 sunt
489 1398 617 1436 virgines,
631 1398 677 1426 sed
692 1398 725 1426 iis
739 1398 818 1427 etiam
833 1409 890 1436 quae
903 1410 966 1429 ver-
983 1410 1004 1433 Α
1021 1401 1058 1438 τῷ
1081 1399 1173 1438 κόσμῳ
1190 1399 1273 1438 λέγων
1283 1421 1291 1435 ,
1307 1401 1321 1427 ὁ
1345 1398 1391 1436 μὲν
1409 1398 1502 1437 τρίχας
1515 1398 1591 1438 τίλλῃ
1601 1421 1609 1435 ‚
1624 1402 1640 1434 ἡ
1657 1399 1684 1429 δὲ
1697 1400 1786 1440 κωκύῃ

223 1451 314 1472 santur
326 1445 351 1472 in
365 1444 476 1480 mundo,
486 1455 544 1483 quse
553 1444 679 1472 dicuntur
691 1444 839 1474 saeculares.
852 1445 906 1475 Sed
914 1456 967 1475 non

222 1497 260 1518 est
278 1490 328 1518 hoc
345 1490 411 1518 adeo
428 1490 529 1518 malum
547 1497 572 1519 et
586 1501 684 1529 grave:
696 1491 804 1529 quando
820 1498 910 1520 autem
922 1493 967 1521 vel

224 1535 320 1563 mulier
329 1536 428 1573 aliqua,
439 1536 481 1564 vel
493 1536 537 1565 vir
547 1536 681 1575 quispiam
692 1536 782 1565 dicens
790 1548 816 1566 se
827 1548 881 1566 esse
892 1548 967 1567 mun-

223 1582 257 1610 do
271 1581 440 1619 crucifixum,
453 1582 496 1611 hic
509 1582 618 1620 quidem
629 1583 704 1614 vellit
718 1584 837 1622 capillos,
850 1584 896 1612 illa
905 1595 968 1614 vero

224 1627 303 1656 valde
314 1628 411 1666 ejulat:
422 1628 487 1667 quid
500 1635 538 1657 est
550 1629 601 1657 hoc
611 1629 715 1668 turpius
723 1636 748 1657 et
760 1630 846 1668 magis
856 1630 967 1659 indeco-

225 1673 306 1702 rum?
321 1673 428 1703 Credite
439 1675 505 1703 mihi
516 1674 614 1703 dicenti
628 1685 634 1702 τ
648 1682 778 1714 oporteret
792 1687 835 1704 cos
847 1676 968 1714 quisunt

225 1719 380 1758 hujusmodi
388 1742 396 1757 ,
413 1720 492 1758 longo
505 1727 623 1759 tempore
639 1721 723 1749 arceri
737 1732 752 1749 a
766 1721 906 1750 liminibus
920 1733 966 1751 00-

1021 1446 1140 1483 μεγάλα,
1153 1444 1178 1473 τί
1196 1445 1285 1473 τούτου
1303 1444 1545 1483 ἀσχημονέστερον;
1561 1444 1727 1474 Πιστεύσατέ
1741 1456 1787 1483 μοι

1019 1491 1137 1530 λέγοντι.
1151 1492 1204 1529 εἴγε
1216 1493 1251 1523 ὡς
1261 1492 1340 1529 ἐχρῆν
1351 1490 1458 1528 ἐγίνετο,
1471 1489 1551 1518 πολὺν
1563 1490 1614 1519 ἔδει
1625 1490 1716 1530 χρόνον
1728 1490 1786 1524 τοὺς

1021 1537 1151 1569 τοιούτους
1172 1537 1302 1576 εἴργεσθαι
1323 1538 1374 1564 τῶν
1398 1537 1479 1564 οὐδῶν
1500 1538 1550 1564 τῶν
1566 1539 1612 1571 τῆς
1635 1537 1785 1571 ἐκκλησίας.

1021 1585 1056 1612 Οἱ
1070 1584 1120 1623 γὰρ
1131 1584 1210 1615 ὄντως
1223 1583 1289 1616 ἄξιοι
1302 1582 1410 1614 πένθους
1421 1605 1428 1615 ,
1443 1577 1514 1609 οὗτοί
1529 1583 1603 1618 εἰσιν,
1617 1584 1641 1611 οἱ
1652 1582 1695 1611 τὸν
1709 1584 1785 1612 θάνα-

1021 1642 1063 1659 τον
1086 1629 1229 1662 δεδοικότες
1249 1629 1287 1657 ἔτι
1307 1627 1351 1657 καὶ
1372 1627 1535 1667 φρίττοντες,
1551 1629 1575 1656 οἱ
1589 1630 1622 1666 τῇ
1643 1629 1786 1659 ἀναστάσει

1022 1677 1226 1707 διαπιστοῦντες.
1249 1674 1318 1703 Ἀλλ’
1334 1674 1362 1701 οὗ
1377 1676 1409 1712 τῇ
1428 1674 1568 1702 ἀναστάσει
1584 1674 1724 1711 διαπιστῶ,
1740 1686 1793 1713 φη-

1022 1723 1072 1758 σὶν,
1094 1721 1162 1751 ἀλλὰ
1183 1721 1229 1756 τὴν
1251 1720 1388 1756 συνήθειαν
1404 1721 1528 1756 ἐπιζητῶ.
1550 1720 1601 1750 Διὰ
1615 1721 1641 1750 τί
1655 1717 1698 1750 οὖν
1709 1743 1716 1757 ,
1732 1721 1792 1751 εἶπέ

645 1831 818 1860 ΜΗΤΙᾹΝΟ
840 1831 1092 1860 SCHOLASTICO
1114 1831 1148 1860 IN
1155 1830 1368 1859 TERPRETE.

221 1932 272 1960 per
280 1932 393 1950 omnem
403 1924 498 1950 vitam
506 1923 624 1950 obnoxii
631 1929 715 1951 erant
729 1926 869 1953 servituti.
879 1925 933 1953 Sed
942 1935 992 1953 non
1005 1924 1167 1964 permittitis,
1181 1923 1373 1961 uteredantur,
1383 1933 1430 1951 vos
1439 1923 1489 1962 ipsi
1501 1922 1650 1963 vobisipsis
1663 1923 1788 1963 operibus

223 1974 413 2006 repugnantes,
429 1978 490 1995 cum
508 1967 588 1996 etiam
603 1978 650 1997 nos
668 1969 741 1997 Deus
760 1980 837 1998 muro
859 1970 1079 2010 circumsepserit,
1093 1970 1201 1999 veniens
1213 1970 1247 1999 ad
1263 1970 1330 2007 hoc,
1346 1976 1376 1998 ut
1394 1969 1463 1997 hanc
1479 1976 1630 2008 amputaret
1645 1969 1785 2009 pessimam

224 2014 452 2043 consuetudinem.
467 2014 517 2042 Dic
531 2015 607 2051 mihi,
619 2015 685 2054 quid
699 2016 750 2044 sibi
765 2017 861 2046 volunt
874 2017 931 2046 istae
946 2018 1083 2057 lampades
1097 2018 1310 2047 festivaePnonne
1321 2017 1389 2045 sicut
1401 2016 1514 2044 athletas
1529 2027 1572 2044 eas
1586 2016 1760 2055 producimus
1770 2017 1784 2045 Ξ)

222 2060 287 2099 quid
307 2061 387 2090 etiam
402 2061 518 2100 hymni?
533 2072 619 2090 nonne
633 2070 662 2091 ut
681 2064 768 2092 Deum
783 2065 974 2103 glorificemus,
989 2072 1015 2093 et
1029 2065 1052 2093 ei
1068 2064 1167 2103 gratias
1182 2074 1303 2102 agamus,
1323 2062 1450 2101 quoniam
1467 2062 1524 2101 jam
1542 2063 1679 2092 coronavit
1693 2063 1782 2092 disce-

221 2108 337 2145 dentem,
352 2108 479 2146 quoniam
491 2119 506 2136 a
520 2108 658 2137 laboribus
673 2109 800 2140 liberavit
813 2111 846 2140 de
859 2112 987 2141 servitute
1003 2112 1128 2149 educens,
1142 2111 1215 2151 apud
1234 2122 1262 2139 se
1276 2110 1376 2139 habens
1387 2110 1401 2138 ⁴?
1416 2119 1503 2138 nonne
1522 2116 1630 2149 propter
1643 2110 1693 2138 hoc
1710 2110 1781 2149 psal-

222 2155 258 2183 mi
276 2163 302 2184 et
322 2155 440 2195 hymni?
466 2166 551 2184 nonne
571 2163 679 2195 propter
703 2157 754 2186 1100
777 2159 928 2197 psalmodia
943 2161 956 2188 Ξ)
969 2160 1067 2189 Omnia
1089 2160 1140 2188 ista
1165 2158 1341 2198 gaudentium
1364 2164 1447 2186 sunt:
1467 2157 1599 2194 Gaudet,
1614 2157 1716 2195 inquis,
1729 2159 1782 2197 qui

220 2203 332 2240 psallit.
350 2203 403 2231 Sed
418 2213 469 2231 non
484 2203 520 2232 ad
536 2203 592 2231 haee
607 2203 745 2233 attendunt
760 2207 866 2244 pagani.
882 2208 951 2236 Nolo
971 2208 1037 2236 1111111
1053 2207 1138 2243 dicas,
1152 2207 1252 2245 inquit,
1271 2215 1434 2244 quemquam
1449 2204 1505 2233 sine
1520 2205 1703 2243 compassione
1716 2204 1781 2244 phi-

223 2250 407 2288 losophantem
424 2262 430 2277 z
442 2250 493 2278 hoc
507 2251 579 2279 enim
593 2250 661 2279 nihil
674 2262 801 2291 magnum
815 2260 852 2282 est
865 2264 951 2293 neque
967 2255 1091 2284 mirabile
1103 2266 1108 2282 :
1124 2253 1232 2283 ostende
1244 2253 1312 2282 mihi
1327 2252 1354 2280 in
1369 2252 1426 2291 ipsa
1443 2251 1634 2291 compassione,
1644 2251 1672 2280 in
1686 2251 1779 2280 dolore

222 2297 464 2336 philosophantem,
476 2305 500 2326 et
518 2305 581 2327 tunc
601 2298 708 2327 credam
727 2301 922 2331 resurrectioni.
940 2303 975 2331 Et
995 2302 1105 2341 quidem
1125 2301 1250 2331 mulieres
1271 2301 1409 2330 saeculares
1433 2299 1483 2328 1100
1504 2300 1589 2328 facere
1610 2298 1710 2327 mirum
1725 2309 1778 2327 non

221 2350 268 2380 cst,
284 2343 405 2381 quamvis
419 2344 498 2372 etiam
514 2355 615 2373 saevum
627 2344 678 2373 hoc
692 2352 730 2374 est
746 2357 751 2373 ε
769 2346 866 2375 etenim
881 2347 945 2386 ipsae
960 2348 1081 2377 eamdem
1096 2348 1207 2387 exigunt
1220 2345 1419 2386 philosophiam
1437 2357 1443 2373 :
1462 2352 1572 2385 propter
1584 2344 1658 2383 quod
1671 2351 1697 2373 et
1711 2345 1779 2373 Pau—

223 2391 264 2419 lus
279 2390 345 2419 dicit
360 2403 365 2418 :
382 2392 428 2419 De
441 2392 648 2421 dormientibus
668 2399 765 2422 autem
784 2394 850 2422 nolo
867 2405 921 2423 vos
936 2397 1082 2434 ignorare,
1104 2402 1135 2424 ut
1154 2405 1213 2423 non
1227 2395 1463 2428 constristemini,
1481 2394 1556 2422 sicut
1570 2398 1598 2420 et
1618 2393 1715 2419 caeteri
1728 2393 1780 2429 qui

224 2448 301 2476 spem
317 2448 374 2466 non
389 2439 506 2468 liabent.
520 2440 579 2468 Non
593 2439 663 2468 enim
680 2440 817 2469 monachis
829 2442 935 2481 scripsit
949 2443 1013 2477 haec,
1029 2454 1113 2482 neque
1127 2444 1154 2471 in
1168 2442 1323 2481 virginitate
1337 2441 1516 2477 manentibus,
1528 2439 1575 2468 sed
1588 2437 1775 2467 saecularibus.

224 2485 325 2512 Verum
341 2490 428 2512 tamen
444 2484 495 2514 hoc
514 2495 565 2514 non
581 2485 616 2514 ita
637 2497 737 2515 saevum
752 2493 790 2515 est
808 2498 814 2514 :
828 2497 889 2515 cum
905 2498 966 2516 vcro
982 2488 1041 2526 quis
1056 2496 1102 2517 aut
1118 2489 1223 2525 mulier,
1237 2495 1283 2516 aut
1297 2487 1341 2516 vir
1354 2486 1515 2516 crucifixum
1532 2495 1559 2513 se
1571 2483 1677 2512 Christo
1693 2483 1773 2520 dicit,

223 2537 246 2558 ct
262 2540 351 2559 eorum
371 2530 439 2558 alius
461 2531 570 2568 quidem
585 2533 695 2572 capillos
716 2533 837 2573 dissipat,
850 2534 895 2562 illa
912 2545 974 2563 vero
995 2535 1088 2571 ululat,
1103 2535 1169 2574 quid
1191 2535 1240 2563 hac
1261 2545 1288 2564 re
1307 2533 1491 2563 confusibilius
1503 2532 1516 2560 Ρ
1528 2530 1635 2560 Credite
1648 2530 1716 2559 mihi
1730 2530 1775 2559 di-

224 2577 292 2606 001111
308 2589 314 2606 2
331 2577 353 2605 si
371 2577 441 2606 enim
457 2578 523 2606 510111
538 2580 676 2617 oportebat
690 2580 774 2617 fieret,
792 2582 876 2611 multo
894 2589 1008 2621 tempore
1020 2581 1151 2613 dehebant
1168 2582 1323 2621 hujusmodi
1339 2582 1372 2611 ab
1386 2579 1500 2610 0001051εο
1516 2579 1608 2608 111111ηο
1623 2576 1770 2618 prohiberi.
