1886 2846
426 195 457 217 ΙΝ
489 195 597 217 ttt‘lsT.

84 260 205 300 ἀπέχων·
225 261 302 288 τοῦτο
322 258 365 286 καὶ
384 261 460 295 ἡμεῖς
475 257 639 295 ποιήσωμεν,
658 256 851 294 ἀποπὴσιομεν

83 306 190 338 ἑαυτοὺς
205 307 251 340 τ’ἠς
271 306 336 342 γῆς,
351 304 395 332 καὶ
409 304 474 343 πρὸς
489 304 518 332 τὸ
540 303 602 342 ὕψος
620 305 740 342 ἁρῦῶμεν
761 304 852 331 ἐκεῖνο.

84 353 134 382 Καὶ
157 356 207 381 ποῦ
229 355 274 387 τῆς
295 354 343 390 γῆς
365 351 471 383 ἑαυτοὺς
493 352 699 388 ἀποττῆσιι)μεν;
712 350 798 379 τὈταν
819 349 852 377 τὰ

83 400 192 438 οὐράνια
209 398 410 437 φανταζώμεθα.
421 397 455 427 ‘O
470 398 577 435 οὐρανὸς
598 397 727 435 ivi-'nepae
741 398 796 425 ἐστι
809 397 853 424 καὶ

83 446 165 473 ὑετῶν
185 444 230 473 καὶ
252 444 405 483 χειμώνων,
431 443 474 472 καὶ
502 445 546 472 ὑπ’
572 443 673 475 οὐδενὸς
698 442 850 471 ἁλίσκεται·

83 493 160 520 τοῦτο
173 490 218 519 καὶ
233 493 309 528 ἡμεῖς
324 489 486 526 δυνησόμεθα
496 512 502 523 ,
514 489 556 518 ἐὰν
573 490 699 527 Οέλωμεν.
713 484 798 521 Οὗτος
812 489 853 516 δο-

83 541 123 565 κεῖ
138 536 195 574 μὲν,
210 537 238 565 οὐ
262 535 351 574 μέντοι
366 536 481 574 πάσχει·
506 535 542 573 μὴ
567 536 652 564 τοίνυν
676 535 742 573 μηδὲ
762 537 853 572 ἡμεῖς,

83 583 131 611 κᾶν
147 583 266 621 δοκῶμεν
279 582 402 621 πάσχειν,
415 582 574 620 πάσχι-μεν.
588 582 694 622 ἱὨσπερ
708 582 759 620 γὰρ
774 582 799 609 ἐν
817 583 854 620 τῷ

82 632 196 668 χειμῶνι
213 631 236 657 o‘t
252 628 297 666 μὲν
313 629 405 657 πολλοὶ
426 629 456 657 τὸ
471 629 565 660 κάλλος
589 630 665 657 αὐτοῦ
687 631 733 657 οὐκ
756 629 854 662 ἴσασιν,

83 675 151 704 ἀλλὰ
166 675 313 712 νομίζουσιν
330 675 405 703 αὐτὸν
421 675 576 714 τρέπεσῦαι,
592 676 614 704 οἱ
631 675 658 704 δὲ
680 677 852 714 φιλοσοφοῦν-

81 734 123 754 τες
137 721 225 751 ἴσασιν
241 721 280 749 ὅτι
296 721 368 750 οὐδὲν
381 721 491 749 ἔπαθεν·
509 721 576 750 οὕτω
592 722 637 750 καὶ
658 721 718 759 περὶ
735 722 811 758 ἡμῶν
829 722 853 749 ἐν

81 772 139 800 ταῖς
159 767 288 806 θλίψεσιν,
306 769 329 796 οἱ
347 767 393 804 μὲν
415 768 507 796 πολλοὶ
530 768 678 805 νομίζουσιν
698 769 769 805 ἡμᾶς
786 778 854 803 συμ-

83 813 313 852 μεταῧεὸλῆσθαι,
326 814 370 842 καὶ
391 814 469 848 αὐτ-ἧς
489 816 565 851 ἡμῶν
580 810 661 852 {osleni
678 816 724 848 τῆς
746 813 854 852 καρδίας

81 860 130 895 τὴν
152 861 254 899 θλῖψιν·
268 862 291 888 οἱ
312 859 339 888 δὲ
365 860 501 898 φιλόσοφοι
527 860 614 888 ἴσασιν
639 859 680 888 ὅτι
702 861 750 898 οὐχ
767 859 854 897 ἥψατο

80 908 168 944 ἡμῶν.
190 906 332 944 Γενώμεθα
351 905 435 934 τοίνυν
457 906 580 944 οὐρανὸς,
594 907 744 943 ἀνέλθωμεν
766 907 802 938 εἷς
823 905 852 933 τὸ

81 952 165 991 ῧψος’
154 956 252 987 εκεῐνο,
263 952 307 980 καὶ
323 951 402 984 οὕτως
415 952 498 991 ὀψόμε
502 955 534 980 Οα
549 951 606 984 τους
619 952 770 991 ἀνθρώπους
789 963 852 989 μυρ-

83 1010 174 1035 μΤχ()ν
190 997 247 1027 Οὐδὲ
249 1011 263 1025 ν
282 998 357 1036 δῑαῨΞ
351 997 464 1036 ’ροντας
477 1009 505 1026 ου
519 997 577 1029 του’
593 1009 707 1032 πξνηῗαζ
719 997 788 1035 λέγὺ)
806 997 851 1034 ¹U-ol'

82 1055 135 1080 νον,
147 1043 204 1073 οὐδε
220 1043 279 1076 τους
294 1044 447 1078 πλουσιους,
459 1043 528 1071 αλλὰ
542 1042 590 1070 κᾶν
607 1054 706 1081 στρατη
709 1042 753 1080 (ός
767 1054 805 1074 ἰς
818 1054 851 1080 ῃ,

83 1090 132 1118 κᾶν
154 1089 290 1128 βασιλευς,
303 1091 349 1117 οὐκ
369 1089 486 1128 ὀψόμεθα
509 1089 564 1116 ἐκεῖ
585 1090 628 1117 τὸν
653 1088 781 1126 βασιλέα,
793 1088 851 1117 οὐδὲ

82 1136 126 1165 τὸν
140 1135 260 1169 ἰδιώτην·
275 1137 322 1164 οὐκ
338 1135 462 1172 εἰσόμεθα
475 1134 502 1162 τί
522 1133 569 1172 μὲν
583 1134 680 1173 χρυσὸς
690 1157 697 1170 ,
708 1134 735 1163 τί
755 1134 782 1164 δὲ
804 1135 853 1172 ἄρ-

82 1181 211 1220 γυρος,τί
235 1181 261 1210 δὲ
284 1181 388 1219 ἱμάτιον
409 1180 529 1219 σηρικὸν,
550 1179 567 1214 ἢ
588 1182 750 1219 πορφυροῦν·
765 1181 853 1209 πάντα

82 1227 172 1268 ὥσπερ
186 1227 265 1266 μυίας
282 1227 413 1266 ὀψόμεθα,
429 1226 473 1256 ἐὰν
489 1227 516 1255 ἐν
532 1226 623 1266 ἐκείνῳ
643 1228 680 1266 τῷ
698 1226 758 1266 ὕψει
779 1226 852 1255 καθί-

83 1273 290 1312 σωμεν-οὐδεὶς
310 1273 418 1313 θόρυὸος
438 1274 507 1308 ἐκεῖ,
530 1273 639 1312 οὐδεμία
657 1273 780 1313 ταραχὴ,
794 1273 852 1303 οὐδὲ

84 1319 196 1358 κραυγή.
213 1319 264 1349 Καὶ
281 1321 337 1351 πῶς
359 1318 410 1355 ἔνι,
426 1319 515 1358 φησὶν,
531 1321 567 1352 εἷς
588 1321 671 1349 ἐκεῖνο
692 1322 803 1359 ἀρθῆναι
823 1320 853 1350 τὸ

83 1365 162 1404 ὕψος,
178 1366 222 1395 ἐπὶ
235 1368 282 1401 1ι’-ῆς
295 1367 344 1404 γῆς
358 1369 572 1405 περιπατοῦντα;
585 1367 664 1406 Λόγῳ
680 1366 727 1405 μὲν
741 1369 770 1396 οὐ
783 1367 853 1406 λέγω

84 1414 160 1440 τοῦτο
172 1411 360 1448 ἁπλῶς-ἀλλ’,
373 1413 395 1440 εἷ
413 1411 514 1450 βούλει,
530 1411 582 1450 ἐγώ
597 1424 638 1442 σοι
650 1412 769 1451 δείκνυμι
784 1413 853 1453 ἔργῳ

82 1457 143 1492 τοὺς
158 1459 195 1491 εἷς
206 1458 236 1488 τὸ
250 1458 313 1497 ὕψος
324 1460 409 1487 ἐκεῖνο
421 1458 580 1498 φθάσαντας.
594 1459 677 1492 Τίνας
689 1460 720 1495 δὴ
732 1460 852 1495 τούτους;

83 1506 108 1534 Τ
109 1504 152 1538 οὺς
165 1505 226 1545 περὶ
240 1505 346 1534 Παῦλον
366 1504 453 1544 λέγω,
467 1505 560 1538 οἵτινες
579 1507 605 1535 ἐν
620 1508 654 1545 τῇ
674 1509 708 1546 γῇ
725 1506 812 1543 ὄντες,
825 1508 852 1535 ἐν

83 1552 121 1590 τῷ
141 1552 242 1590 οὐρανῷ
265 1551 404 1591 διέτριίῗον.
423 1552 476 1580 Καὶ
496 1552 522 1580 τί
541 1551 610 1590 λέγω
630 1554 657 1581 ἐν
677 1554 716 1592 τῷ
736 1553 853 1593 οὐρανῷ;

83 1597 238 1637 ὑψηλότεροι
257 1593 325 1633 ἦσαν
346 1602 391 1627 τοῦ
410 1599 536 1638 οὐρανοῦ,
553 1598 619 1627 ῃκαὶ
639 1602 685 1628 τοῦ
709 1599 788 1628 ἄλλου
811 1601 853 1628 οὐ·

85 1645 179 1682 ρανοῧ,
197 1644 242 1672 καὶ
261 1644 326 1683 πρὸς
343 1644 421 1673 αὐτὸν
439 1646 550 1679 ἁνῆλθον
571 1645 615 1674 τὸν
639 1645 717 1675 Θεόν.
731 1646 780 1678 Τίς
803 1645 854 1685 γὰρ

633 195 676 216 ΑΒ
705 193 873 217 nummos.

906 193 983 216 CAP.
1014 193 1061 216 lx.
1092 193 1212 217 llOMlL.
1243 196 1313 218 xvl.
1583 197 1646 219 231

905 256 1015 292 celsum,
1031 263 1055 285 et
1069 268 1085 285 a
1100 263 1169 285 terra
1184 257 1262 295 longe
1275 264 1406 286 remotum
1423 269 1428 285 :
1447 257 1498 286 hoc
1519 268 1566 287 nos
1584 269 1653 296 quo<

903 312 954 340 que
975 301 1141 337 faciainus‚a
1163 310 1231 331 terra
1256 314 1302 331 nos
1325 303 1500 340 abducamus,
1515 310 1540 332 ct
1559 303 1596 332 ad
1617 304 1654 332 il-

904 349 957 376 lam
973 348 1135 377 extollamur
1150 349 1330 378 altitudinem.
1346 349 1380 378 131
1396 349 1532 388 quomodo
1547 361 1561 378 a
1585 357 1655 380 terra

905 395 1090 424 abducemur?
1105 396 1134 425 Si
1158 396 1271 425 caelestia
1297 397 1452 435 cogitemus.
1473 397 1575 426 Caelum
1598 398 1653 426 im-

905 441 1000 470 bribus
1021 449 1045 470 et
1069 443 1271 482 tempestatibus
1293 450 1331 472 est
1352 443 1489 483 superior,
1503 451 1557 472 eta
1580 444 1655 473 nullo

906 488 1011 527 capitur
1027 501 1032 516 z
1048 489 1098 517 lioc
1122 499 1168 518 nos
1188 500 1294 528 quoque
1314 490 1472 529 poterimus,
1489 490 1511 518 si
1529 490 1654 519 velimus.

908 535 964 563 lloc
983 535 1091 573 quidem
1113 536 1167 575 pati
1188 535 1306 572 videtur,
1320 536 1409 575 ipsum
1431 543 1518 564 tamen
1536 546 1588 564 non
1608 547 1654 575 pa-

907 581 972 609 titur
988 594 994 608 :
1008 592 1055 610 uec
1075 592 1122 611 nos
1137 592 1200 621 ergo
1222 583 1373 622 patiamur,
1388 582 1492 611 etiamsi
1511 582 1653 611 vidmmur

908 628 973 666 pati.
984 629 1053 657 Nam
1071 636 1099 657 ut
1114 629 1141 657 in
1160 629 1247 658 hieme
1265 629 1343 658 multi
1359 629 1468 667 quidem
1488 639 1540 657 non
1555 636 1654 657 norunt

873 681 890 703 D
908 675 965 713 ejus
985 675 1225 714 pulclnitudinem‚
1240 675 1287 704 scd
1305 675 1461 704 existimant
1484 675 1572 714 ipsum
1595 685 1654 703 mu-

908 720 958 748 tari
976 732 984 757 ;
1005 721 1159 760 philosophi
1176 727 1265 750 autem
1287 721 1375 750 sciunt
1395 722 1485 761 ipsum
1506 720 1575 749 nihil
1595 731 1654 756 ,esse

907 777 1015 805 passum
1037 779 1043 794 :
1064 769 1099 796 ita
1117 768 1197 796 etiam
1215 768 1291 796 nobis
1307 768 1433 797 usuvenit
1452 769 1479 796 in
1501 767 1655 796 afflictioni-

907 813 968 847 bus,
983 814 1062 842 multi
1086 814 1196 853 quidem
1219 814 1372 843 existimant
1391 824 1439 843 nos
1458 824 1514 843 esse
1534 824 1656 843 commu-

907 866 986 894 tatos,
1001 867 1026 888 et
1040 861 1213 889 afflictionem
1229 860 1309 890 corda
1325 867 1414 889 nostra
1430 860 1566 898 tetigisse5
1583 860 1657 898 quod

906 912 993 934 autem
1016 916 1062 934 nos
1083 917 1134 934 non
1158 907 1284 943 tetigerit,
1300 913 1396 935 norunt
1419 906 1585 946 philosophi.
1599 907 1655 935 Nos

905 961 968 988 ergo
982 951 1077 980 caelnm
1092 952 1254 988 efficiamur,
1267 952 1443 981 ascendamus
1462 952 1487 981 in
1504 952 1578 981 illam
1594 953 1656 986 alti-

862 1025 895 1042 Μ
907 996 1042 1031 tudinem,
1056 1004 1081 1025 et
1095 998 1131 1025 ita
1150 998 1305 1026 videbimus
1319 998 1441 1027 homines
1460 999 1529 1027 nihil
1544 999 1654 1028 differre

870 1053 887 1074 x
905 1052 920 1070 a
937 1019 1084 1071 formicis:
1100 1053 1151 1071 non
1171 1043 1268 1079 solum,
1284 1043 1402 1082 inquam,
1417 1056 1547 1084 pauperes
1566 1052 1591 1074 et
1611 1044 1652 1073 di-

903 1087 989 1115 vites·
982 1087 1046 1124 ‚sed
1059 1088 1162 1117 etiamsi
1175 1088 1209 1117 sit
1221 1089 1374 1127 praefectus,
1387 1090 1408 1117 si
1420 1101 1478 1126 rex,
1489 1101 1537 1120 nec
1552 1102 1654 1130 regem,

904 1143 952 1161 nec
966 1134 1104 1173 privatum
1119 1134 1328 1163 internoscemus
1346 1147 1352 1162 :
1369 1136 1516 1164 nesciemus
1530 1137 1596 1175 quid
1618 1138 1653 1167 sit

905 1190 1011 1215 aurum,
1024 1179 1090 1218 quid
1100 1187 1250 1218 argentum,
1264 1180 1330 1218 quid
1340 1180 1422 1209 vestis
1431 1182 1515 1210 serica
1529 1190 1574 1211 aut
1589 1195 1655 1223 pur-

906 1236 1006 1264 purea:
1021 1226 1109 1255 omnia
1125 1226 1278 1255 videbimus
1293 1233 1429 1265 tamquam
1444 1238 1560 1265 muscas,
1575 1229 1600 1257 si
1613 1241 1656 1261 sc—

905 1271 1025 1300 derimus
1039 1272 1066 1301 in
1082 1272 1128 1301 illa
1145 1272 1288 1301 altitudine
1305 1285 1310 1300 :
1329 1273 1421 1301 nullus
1436 1273 1493 1302 illic
1510 1275 1652 1310 tumultus,

906 1329 953 1348 nec
970 1319 1150 1358 perturbatio,
1166 1330 1250 1358 neque
1268 1319 1378 1348 elamor.
1390 1318 1426 1349 Et
1442 1320 1578 1359 quomodo
1588 1344 1595 1357 ‚
1610 1322 1654 1350 in-

907 1367 980 1405 quit,
1004 1367 1063 1396 fieri
1084 1374 1219 1407 potestut
1239 1368 1273 1396 ad
1295 1375 1396 1397 tantam
1419 1369 1566 1397 extollatur
1587 1369 1654 1398 alti-

908 1412 1028 1442 tudinem
1051 1414 1098 1452 qui
1122 1414 1244 1442 ambulat
1262 1414 1290 1442 in
1312 1414 1403 1442 terra?
1420 1415 1520 1444 Verbis
1544 1415 1653 1453 quidem

873 1468 889 1490 Β
908 1471 960 1489 non
969 1460 1040 1497 dico,
1052 1460 1099 1490 sed
1115 1460 1195 1490 rebus
1207 1460 1273 1501 ipsis
1285 1460 1395 1490 ostendo
1407 1472 1452 1490 eos
1464 1461 1512 1500 qui
1526 1462 1562 1491 ad
1579 1462 1656 1491 illam

910 1513 1090 1546 pervenerunt
1099 1507 1282 1536 altitudinem.
1295 1507 1415 1542 Quinam
1429 1507 1446 1535 ii
1459 1507 1542 1536 sunt?
1556 1508 1657 1537 Paulus

909 1561 934 1582 et
946 1554 1004 1593 ejus
1018 1554 1133 1590 asseclae,
1146 1553 1192 1592 qui
1210 1564 1270 1582 cum
1286 1561 1372 1583 essent
1384 1565 1464 1593 super
1480 1561 1588 1589 terram,
1597 1565 1657 1582 rer-

909 1600 1039 1640 sabantur
1058 1600 1084 1629 in
1105 1600 1180 1629 caelo.
1197 1600 1234 1629 Et
1253 1600 1318 1639 quid
1337 1600 1399 1629 dico
1421 1601 1447 1628 in
1465 1600 1555 1629 caelo?
1570 1601 1657 1630 Erant

910 1646 975 1674 caelo
998 1646 1119 1683 altiores,
1135 1654 1160 1677 et
1183 1646 1236 1676 alio
1257 1647 1342 1683 caelo,
1359 1653 1384 1675 et
1403 1646 1438 1675 ad
1456 1647 1544 1676 Deum
1566 1646 1656 1687 ipsum

118 1742 128 1753 ³
145 1734 152 1769 [
166 1735 236 1760 Forz.
259 1740 295 1761 καὶ
319 1741 358 1762 τοῦ
379 1741 456 1770 τρίτου
474 1739 523 1770 055:-
543 1737 658 1761 Dunaeus.
674 1736 773 1761 Inclusa
787 1737 839 1761 haee
855 1743 911 1761 sunt
924 1738 949 1761 in
960 1737 1050 1769 Saril.]

504 1835 535 1863 M
542 1835 683 1864 UTIANO
706 1834 825 1864 SCllOL
832 1837 848 1863 A
854 1835 963 1864 STlCO
986 1835 1099 1864 INTER
1105 1835 1241 1864 PRETE.

89 1941 204 1970 multum
216 1940 340 1970 distansa
354 1948 423 1971 terra
440 1955 446 1970 ε
463 1941 515 1971 hoc
526 1942 607 1971 etiam
623 1952 670 1971 nos
686 1942 826 1978 faciamus,
840 1953 993 1982 separemus
1003 1953 1051 1971 nos
1066 1953 1078 1971 a
1091 1949 1172 1979 terra,
1182 1950 1206 1971 et
1222 1943 1248 1971 in
1257 1943 1393 1971 excelsum
1405 1942 1474 1972 illud
1487 1942 1619 1980 levemur,
1631 1951 1656 1972 et

90 1988 205 2017 multum
220 1999 292 2018 nosa
305 1996 373 2018 terra
389 1990 559 2019 extollamus.
575 1990 677 2019 Caelum
687 1990 809 2030 superins
827 1997 865 2018 est
879 1997 904 2018 et
922 1990 956 2019 ab
970 1990 1102 2018 imbribus
1113 1997 1138 2019 et
1150 2001 1164 2018 a
1177 1990 1289 2030 pluviis,
1305 1997 1330 2019 et
1344 1990 1451 2023 anullo
1467 1990 1652 2019 consumitur:

85 2035 137 2065 hoc
152 2044 178 2066 et
200 2048 247 2066 nos
262 2038 410 2077 poterimus
420 2061 427 2075 ‚
442 2038 464 2067 si
480 2038 654 2067 voluerimus.
671 2038 773 2067 Caelum
789 2038 900 2076 quidem
916 2045 1028 2077 putatur
1042 2038 1099 2077 pati
1114 2049 1122 2073 ;
1137 2045 1321 2066 verumtamen
1338 2038 1406 2066 nihil
1422 2038 1524 2077 patitur
1539 2038 1628 2078 ipsum
1645 2051 1651 2066 ι

83 2084 122 2112 sic
136 2084 218 2124 igitur
229 2093 254 2114 et
269 2096 328 2123 nos,
343 2097 374 2116 ac
388 2086 410 2115 si
426 2094 555 2126 putamur
570 2087 637 2126 pati,
654 2097 705 2115 non
720 2087 850 2126 patimur⁴
867 2086 943 2115 Sicut
958 2085 1029 2114 enim
1052 2085 1079 2114 in
1094 2085 1186 2114 hieme
1196 2085 1275 2114 multi
1291 2084 1400 2123 quidem
1420 2085 1654 2124 pulchritudinem

83 2131 215 2170 ejusvnon
231 2140 390 2172 agnoscunt,
406 2133 453 2162 sed
476 2140 570 2173 putant
590 2133 660 2161 illud
679 2140 835 2168 mutatum;
853 2132 1009 2172 philosophi
1032 2142 1095 2161 vero
1114 2133 1214 2169 sciunt,
1229 2132 1293 2171 quia
1312 2132 1379 2160 nihil
1401 2142 1510 2171 passum
1532 2140 1571 2161 est
1587 2146 1593 2162 ε
1615 2134 1654 2162 sic

83 2184 109 2207 et
129 2178 163 2206 de
177 2179 276 2207 nobis'
268 2190 295 2207 in
310 2180 532 2208 tribulationibus
547 2180 625 2209 multi
646 2179 756 2218 quidem
779 2187 835 2219 put
837 2187 872 2208 int
898 2190 944 2207 uos
959 2186 1084 2214 mutatos,
1096 2185 1120 2207 et
1146 2179 1209 2217 quia
1225 2178 1364 2207 tribulatio
1378 2178 1412 2207 ad
1428 2179 1516 2218 ipsum
1532 2187 1653 2210 nostrum

84 2225 194 2263 attingit
212 2236 273 2262 cm;
293 2227 448 2267 philosophi
469 2235 558 2256 autem
574 2228 663 2257 sciunt
679 2228 805 2267 quoniam
823 2238 873 2256 con
894 2238 942 2256 nos
957 2227 1053 2266 tetigit.
1070 2227 1231 2256 Esticiamui
1247 2226 1336 2264 itaque
1353 2227 1462 2263 caelum,
1479 2227 1653 2266 ascendamus

85 2273 112 2301 in
123 2272 291 2301 altitudinem
305 2273 390 2308 illam,
401 2281 427 2302 et
445 2274 480 2303 ita
495 2274 648 2303 ridebimus
664 2274 795 2311 homines,
810 2281 838 2302 ut
854 2281 978 2313 putemus
993 2284 1008 2302 a
1023 2273 1142 2302 folmieis
1160 2273 1229 2302 nihil
1248 2273 1380 2302 differre·
1396 2284 1447 2302 non
1464 2285 1594 2314 pauperes
1609 2274 1654 2303 di-

86 2329 116 2348 co
129 2326 232 2348 tantum
246 2329 332 2358 neque
351 2320 482 2359 plurimos
497 2332 505 2357 ;
519 2320 668 2354 sedetiam
682 2321 704 2350 si
726 2297 911 2359 magistratus,
926 2321 947 2349 si
965 2321 1115 2360 Imperator
1134 2320 1178 2357 sit,
1196 2331 1248 2349 non
1271 2319 1425 2348 ridebimus
1442 2321 1633 2360 Imperatorem
1644 2345 1652 2359 ‚

85 2377 171 2404 neque
191 2366 327 2406 privatum
344 2378 519 2406 agnoscemus
538 2381 544 2397 x
565 2369 631 2407 quid
646 2379 752 2405 aurum,
770 2369 837 2407 quid
857 2376 1007 2408 argentum,
1023 2368 1089 2408 quid
1112 2369 1193 2397 vestis
1217 2367 1312 2405 serica,
1326 2367 1394 2406 quid
1416 2375 1519 2397 ostrum
1535 2382 1541 2398 :
1559 2377 1653 2399 cuncta

85 2421 223 2453 tamquam
242 2425 346 2448 muscas
361 2415 527 2451 videbimus,
551 2416 572 2444 si
588 2417 615 2445 in
635 2417 681 2445 illa
695 2417 838 2446 altitudine
853 2417 998 2446 sederimus
1015 2429 1022 2445 ε
1039 2417 1130 2446 nullus
1143 2417 1198 2446 illic
1215 2417 1446 2452 tumultus‚rnulla
1469 2417 1525 2446 illic
1540 2425 1653 2457 pertur-

85 2462 168 2500 batia,
180 2473 265 2501 neque
287 2463 396 2492 clamor.
408 2463 443 2492 Et
463 2463 610 2502 quomodo,
624 2464 723 2504 inquis,
735 2465 793 2494 fieri
814 2472 899 2505 potest
920 2465 957 2495 ad
977 2465 1054 2494 illam
1073 2465 1244 2494 altitudinem
1266 2465 1401 2494 sublevari
1421 2465 1447 2494 in
1467 2472 1537 2494 terra
1556 2465 1652 2495 ambu-

86 2510 206 2540 lantem?
222 2511 282 2540 Non
303 2510 366 2539 dico
385 2510 435 2539 tibi
450 2511 532 2540 verbo
547 2518 660 2548 tantum,
677 2511 723 2541 sed
745 2522 793 2551 ego
808 2512 856 2542 tihi
878 2513 944 2553 ipsis
958 2513 1085 2553 operibus
1098 2512 1239 2542 ostendam
1258 2522 1303 2542 eos
1319 2513 1367 2552 qui
1381 2512 1415 2542 ad
1437 2513 1514 2542 illam
1529 2513 1654 2542 altitudi-

87 2568 147 2586 nem
165 2565 356 2598 pervenerunt.
374 2558 449 2594 Quos
469 2559 554 2588 istos?
569 2559 685 2589 Paulum
705 2560 766 2590 dico
790 2567 816 2590 et
835 2562 893 2602 ejus
911 2561 1022 2599 similes,
1037 2561 1084 2600 qui
1106 2561 1132 2590 in
1149 2568 1219 2589 terra
1240 2561 1390 2599 constituti,
1404 2561 1431 2590 in
1456 2555 1520 2590 cae'to
1537 2571 1653 2591 conver-

87 2605 225 2635 sabantur.
242 2606 277 2636 Et
295 2606 361 2645 quid
376 2607 439 2636 dico
454 2607 480 2636 in
495 2607 584 2637 caelo'?
598 2608 706 2638 altiores
721 2609 799 2645 etiam
816 2610 887 2639 caelis
908 2617 994 2649 crant,
1009 2610 1090 2639 etiam
1109 2609 1219 2639 alterius
1244 2609 1312 2644 exoli,
1330 2616 1354 2638 et
1370 2608 1403 2638 ad
1424 2609 1512 2649 ipsum
1528 2618 1654 2649 perrene-
