1906 2846
401 159 432 181 IN
462 157 569 181 EpiST.
601 157 645 180 AD
673 156 843 180 tilium-‘os-

873 154 1188 178 cx1=.xu.uo›ui.
1220 155 1311 176 xxix.
1571 143 1641 190 393

67 219 225 260 ὑγιαίνοντες
240 220 319 248 πάλιν
338 220 432 259 ἕτεροι,
452 220 579 259 Καθάπερ
598 219 648 258 γὰρ
673 219 717 247 ἐπὶ
735 223 840 257 νευρᾶς,
858 225 876 247 D
896 217 1003 246 Etenim
1028 217 1054 245 in
1078 215 1180 244 morbis
1208 226 1302 245 sumus
1325 215 1382 253 alii,
1406 221 1546 255 pxwopteiea
1569 216 1640 254 quod

67 267 129 296 ὅταν
148 261 212 295 ὦσιν
233 268 256 295 οἱ
272 265 380 305 φθόγγοι
397 266 494 295 ἁπαλοι
516 277 561 294 και
580 265 710 303 μαλακοὶ,
735 265 780 293 καὶ
801 264 838 303 μὴ

67 312 250 350 διατεταμένοι
263 313 366 347 καλῶς,
381 311 426 340 καὶ
442 314 458 347 ἡ
475 315 522 347 ’.ἧς
537 312 631 351 τέχνης
648 312 728 351 ἀρετὴ
744 311 838 340 ὑποτέ-

66 370 175 398 μνεται,
196 358 397 397 ἀναγκαζομένη
421 358 550 387 δουλεύειν
573 359 587 371 *

597 361 629 397 τῇ
645 357 765 398 μαλακία
787 358 838 386 τῶν

65 407 176 446 νευρῶν·
193 404 262 433 οὕτω
275 405 319 433 καὶ
340 405 383 434 ἐπὶ
398 408 443 434 τοῦ
458 404 594 442 σώματος,
611 404 710 437 πολλὰς
728 405 772 433 ἀπ’
795 405 840 433 αι)-

66 454 111 480 τοῧ
137 450 242 490 δέχεται
266 451 367 489 βλάὸας
392 451 435 479 καὶ
448 453 463 485 ἡ
479 450 568 490 ψυχὴ,
591 451 690 484 πολλὰς
715 451 840 489 ἀνάγκας.

66 497 153 527 ‘'O-cmv
169 497 220 536 γὰρ
235 499 334 532 πολλῆς
351 497 441 533 δέηται
458 498 614 537 θεραπείας,
629 497 726 536 πικρὰν
742 497 840 536 ὑπομέ-

68 555 107 572 νει
122 542 169 578 τὴν
184 543 301 572 δουλείαν
323 543 419 579 ἐκείνη,
443 543 454 558 ¹¹
466 543 513 572 Διὸ
525 567 531 579 ,
547 545 713 582 παρακαλῶ,
734 544 841 583 ἰσχυρὸν

70 589 132 618 αὐτὸ
153 589 340 629 ἐργαζώμεθα,
364 589 408 618 καὶ
438 589 474 628 μὴ
496 589 687 628 νοσηλεύωμεν.
714 591 754 619 Οὐ
777 603 860 648 ,ττροιςη

70 635 164 674 ἄνδρας
180 635 267 674 μόνον,
288 636 356 665 ἀλλὰ
377 648 421 665 και
436 637 500 675 πρὸς
513 641 638 675 γυναῖκας
652 639 664 665 ὃ
677 637 784 675 λόγος’
773 637 840 675 εμοί.

70 682 106 710 Ἰί
120 681 170 721 γὰρ
186 685 302 721 συνεχῶς
315 682 389 712 ἐκλυε
395 695 414 715 ις
432 683 494 711 αὐτὸ
507 685 538 721 τῇ
550 685 650 722 τρυφῇ,
665 694 709 711 και
724 682 841 719 :zi—qm

69 732 152 761 ποιεῖς
164 751 171 765 7
185 741 207 757 (1)
220 740 314 767 YDV213
338 729 363 756 τί
384 741 431 764 τῙν
449 728 524 768 ῐσΙυν
545 729 661 768 RQ!
686 741 730 758 σῖἓ.
725 730 792 764 Ιασῑ;
812 730 842 758 τὸ

70 774 150 814 στέαρ
164 775 295 814 γαυνότης
310 776 365 804 ἐστὶ
380 776 482 816 τούτω,
498 776 544 804 οὐκ
557 775 641 814 ἷσχυς.
659 775 752 804 Εαν
738 775 764 804 οὲ
780 776 840 805 τού

69 832 121 849 των
143 823 298 858 ἀποστᾶσα,
316 822 410 859 ἑτέρως
426 822 491 862 ἄγῃς
514 821 625 857 σεαυτήν
638 833 643 838 ·
668 822 726 851 τότε
743 822 788 851 καὶ
813 823 841 851 τὸ

69 867 165 899 κάλλος
185 867 214 896 τὸ
235 868 387 906 σωματικὸν
406 872 539 908 προχωρεῖ
554 868 622 896 κατὰ
643 868 762 906 γνώμην,
779 869 840 897 ὅταν

69 912 146 952 ἰσχὺς
160 912 205 941 καὶ
217 913 301 947 εὐεξία
313 916 385 953 παρῇ
398 926 403 931 ·
425 914 455 942 ἂν
475 914 565 952 μέντοι
585 915 689 953 μυρίαις
708 914 770 943 αὐτὸ
788 926 838 943 πο-

69 960 177 998 λιορκῇς
191 959 290 996 νόσοις,
306 959 365 988 οὔτε
377 960 452 993 ἄνθος
462 959 604 999 χρώματος
614 982 622 996 ,
638 959 696 989 οὔτε
708 959 790 994 εὐεξία
802 973 841 993 τις

69 1005 157 1034 ἔσται’
176 1005 216 1034 ἀεὶ
230 1005 281 1045 γὰρ
293 1007 318 1034 ἕν
332 1005 465 1045 κατηφείᾳ
476 1006 533 1044 ἔσῃ.

109 1099 181 1129 'lo-75
193 1099 219 1128 ’δὲ
233 1099 273 1129 ὅτι
291 1098 382 1138 ὥσπερ
398 1094 467 1128 οἷκον
489 1098 579 1133 καλὸν,
594 1098 699 1127 ἐπειδὰν
715 1099 814 1138 γελάσῃ
830 1101 842 1127 ὁ

71 1145 122 1184 ἀὴρ
132 1169 139 1181 ,
152 1145 306 1186 λαμπρὸν
293 1145 432 1182 οείκνυσιν,
446 1145 514 1173 οὕτω
529 1145 574 1174 καὶ
590 1145 648 1184 ὄψιν
663 1145 762 1185 ὡραίαν
779 1157 842 1184 φαι-

73 1192 165 1231 ορότης
177 1192 347 1231 επιγενομένη
360 1193 462 1232 ψυχῆς,
474 1192 631 1231 κρείττονα
623 1197 708 1221 ποιεῖ·
720 1191 764 1221 ἐὰν
776 1192 803 1221 δὲ
818 1194 843 1221 ἐν

75 1249 176 1276 zur-031:
166 1236 207 1266 ία
221 1240 237 1276 ᾐ
253 1236 298 1265 καὶ
319 1236 438 1273 οδύναις,
456 1236 638 1275 δυσειδεστέρα
660 1236 774 1274 γίνεται
797 1235 844 1271 τὴν

76 1282 103 1312 δὲ
124 1282 269 1322 κατήφειαν
287 1285 314 1311 αἱ
332 1282 403 1312 νόσοι
417 1285 521 1312 ποιοῦσι
536 1294 581 1311 και
597 1284 623 1311 αἱ
637 1282 745 1318 ὁδυναι,
759 1283 806 1316 τὰς
819 1283 844 1312 οὲ

75 1329 166 1362 νόσους
181 1330 212 1358 τὸ
234 1328 422 1369 μαλακώτερον
438 1329 559 1368 γενέσθαι
579 1329 609 1358 τὸ
631 1332 709 1368 σῶμα
733 1329 785 1359 ἀπὸ
798 1332 845 1365 τῆς

73 1377 174 1411 πολλῆς
187 1378 294 1415 τρυφῆς.
311 1374 398 1404 Ὥστε
419 1376 463 1404 καὶ
484 1375 553 1405 κατὰ
571 1378 648 1404 τοῦτο
662 1375 783 1415 φεύξεσθε
797 1376 844 1411 τὴν

72 1421 183 1461 τρυφὴν,
199 1421 242 1450 ἐὰν
258 1421 317 1459 ἐμοὶ
330 1422 463 1457 πείθησθε.
478 1421 546 1451 Ἀλλ’
561 1421 666 1457 ἡδονὴν,
684 1422 774 1461 φησὶν,
791 1422 845 1462 ἔχει

73 1468 103 1497 τὸ
115 1473 224 1508 τρυφᾷν.
235 1468 304 1496 Ἀλλ’
318 1471 346 1497 οὐ
364 1468 506 1504 τοσαύτην,
515 1468 578 1502 ὅσας
590 1469 735 1502 δυσκολίας,
746 1467 846 1502 Ἄλλως

74 1514 116 1550 δὲ,
130 1519 146 1550 ἡ
160 1513 239 1549 ἡδονὴ
253 1514 333 1553 μέχρι
347 1517 392 1543 τοῦ
409 1515 554 1554 φίρυγγος,
571 1514 651 1555 μέχρι
666 1518 713 1551 τῆς
727 1515 846 1555 γλώττης

107 1606 118 1617 ‘¹
139 1604 229 1639 {Iidem
242 1613 268 1638 τῇ
285 1610 360 1638 κακία,
372 1612 397 1630 ut
409 1605 501 1639 legerat
511 1606 630 1640 Mutian]

894 264 1117 301 emolliamu1·‚et
1128 273 1189 291 eum
1204 262 1260 291 sani
1273 272 1384 299 sumus,
1396 272 1490 290 rursus
1505 261 1561 290 alii.
1578 262 1641 291 Sie-

894 317 923 338 ut
947 309 1061 339 enimin
1084 309 1193 338 chordis
1213 320 1274 339 cuin
1301 308 1400 338 fuerint
1420 308 1478 337 soni
1502 308 1595 338 molles
1616 316 1642 338 et

895 368 945 386 uon
961 364 1031 386 reete
1042 357 1156 393 extensi,
1168 357 1234 385 artis
1249 367 1356 395 quoque
1370 356 1458 385 virtus
1471 355 1640 395 praeciditur,

895 411 984 433 coacta
1009 405 1112 432 servire
1134 404 1256 432 mollitiae
1273 402 1435 431 chordarum
1450 414 1455 429 :
1470 402 1506 431 ita
1521 402 1602 431 etiam
1615 403 1642 431 in

895 462 1005 491 corpore
1018 451 1103 479 multa
1114 450 1212 479 damna
1228 450 1262 478 ab
1273 459 1303 478 eo
1318 449 1417 488 accipit
1431 449 1530 485 anima,
1544 449 1643 478 multas

895 497 1073 527 necessitates,
1088 498 1157 525 Nam
1170 507 1232 526 cum
1248 496 1333 525 multa
1344 502 1418 534 egeat
1435 496 1582 529 curatione,
1596 494 1641 523 illa

894 544 1017 573 aeeiham
1042 543 1155 572 sustinet
1177 543 1345 572 servitutem.
1362 541 1546 576 Quamobrem
1565 551 1640 580 wgo,

863 589 923 635 75id
937 589 1081 618 reddamus
1097 589 1164 617 forte
1177 595 1203 617 et
1216 587 1369 622 lobustum‚
1388 597 1436 615 nec
1451 587 1579 615 faciamus
1594 597 1611 615 v
1614 597 1641 614 a-

860 647 878 667 x
875 621 1099 665 letudinarium
1122 635 1181 663 Non
1203 634 1290 662 solum
1310 644 1371 662 cum
1389 633 1456 662 viris
1473 632 1583 671 loquor,
1596 632 1643 660 sed

894 682 974 711 etiam
995 693 1054 711 cum
1079 681 1247 710 mulieribus.
1265 682 1319 709 Cui
1333 680 1403 709 euim
1419 679 1509 720 ipsum
1534 678 1643 708 assidue

894 729 1021 759 dissolvis
1042 728 1161 765 deliciis,
1186 728 1308 767 exileque
1330 734 1355 756 et
1371 726 1514 755 flaccidum
1532 726 1608 763 sacis,
1627 738 1642 754 o

895 775 1013 804 mulier?
1029 774 1094 813 quid
1107 774 1179 803 vires
1190 774 1340 814 corrumpis
1355 773 1434 813 adipe
1446 773 1458 801 Ξ)
1469 772 1551 813 adeps
1566 780 1605 802 est
1619 773 1643 801 ei

894 822 1034 859 mollities.
1051 832 1103 850 non
1118 821 1209 850 robur.
1226 821 1272 850 Sin
1287 827 1376 849 autem
1391 820 1434 848 his
1452 819 1570 848 dimissis
1587 820 1642 848 ali-

894 876 972 897 terte
988 879 1081 907 geras,
1100 875 1164 897 tunc
1180 875 1205 897 et
1220 867 1396 907 pulchritudo
1411 867 1531 906 corporis
1552 877 1642 906 proce-

892 914 933 943 dit
945 925 979 943 ex
990 914 1131 948 sententia,
1146 914 1291 953 quandoet
1302 925 1318 942 x
1323 914 1374 942 ires
1387 913 1522 942 adfuerint
1537 919 1562 941 et
1574 912 1642 942 hona

892 959 1037 989 habitudo:
1032 960 1086 988 ·sin
1094 970 1109 988 x
1112 970 1155 988 ero
1164 959 1252 999 ipsum
1263 959 1336 988 mille
1345 959 1447 988 nimbis
1457 959 1589 996 obsideas,
1596 969 1645 988 nec

894 1006 945 1034 erit
955 1006 1004 1034 ssos
1018 1005 1136 1044 eorporis
1145 1028 1152 1041 ,
1166 1016 1213 1033 uec
1225 1005 1297 1034 bona
1312 1006 1402 1044 aliqua
1415 1005 1563 1043 habitudo3
1575 1016 1645 1034 sem-

898 1063 946 1092 per
958 1062 1030 1079 enlm
1042 1062 1094 1079 eris
1110 1062 1135 1079 ιιι
1153 1058 1272 1079 tristitia.

935 1099 962 1127 4.
978 1097 1060 1127 Scitis
1078 1104 1168 1126 autem
1182 1097 1255 1136 quod
1270 1098 1338 1126 sicut
1354 1098 1496 1137 pulchram
1514 1098 1644 1133 domum,

896 1153 958 1171 cum
968 1142 991 1171 ei
1005 1152 1049 1170 aer
1061 1141 1192 1180 arriserit,
1204 1142 1296 1170 reddit
1309 1142 1479 1181 splendidam
1495 1153 1501 1169 τ
1515 1143 1551 1171 ita
1567 1143 1647 1171 etiam

898 1189 1047 1230 speciosum
1063 1188 1188 1225 vultum,
1200 1188 1222 1217 si
1238 1189 1334 1217 animae
1355 1189 1480 1218 alacritas
1496 1191 1646 1225 accesserit,

896 1236 988 1265 reddit
1004 1236 1159 1272 meliorem3
1177 1235 1217 1263 sin
1232 1242 1321 1264 autem
1335 1235 1370 1264 sit
1383 1235 1409 1264 in
1423 1235 1533 1264 tristitia
1548 1243 1572 1264 et
1583 1247 1649 1265 moe-

898 1294 966 1319 rore,
983 1283 1013 1310 lit
1034 1281 1191 1311 deformior.
1208 1281 1363 1310 Tristitiam
1389 1281 1478 1310 morbi
1502 1282 1605 1310 faciunt
1625 1290 1649 1311 et

899 1328 1090 1368 aegritudiues5
1108 1328 1217 1357 morbos
1242 1335 1331 1356 autem
1356 1327 1438 1363 facit,
1455 1326 1527 1366 quod
1553 1338 1650 1367 corpus

899 1376 999 1405 factum
1015 1376 1049 1404 sit
1065 1375 1174 1404 mollius
1192 1385 1207 1403 a
1230 1374 1323 1403 multis
1337 1373 1451 1403 deliciis.
1467 1374 1650 1409 Quamobrem

899 1423 951 1452 liae
961 1423 1042 1452 etiam
1058 1422 1160 1451 ratione
1170 1421 1255 1461 fugite
1269 1421 1390 1457 delicias,
1403 1421 1425 1449 si
1439 1421 1507 1450 mihi
1523 1421 1648 1450 credatis.

901 1470 934 1498 At
950 1469 1116 1508 voluptatem
1138 1467 1219 1496 habet
1230 1490 1238 1505 ‚
1253 1467 1355 1506 inquit,
1373 1466 1515 1506 indulgere
1534 1467 1611 1506 genio
1625 1474 1650 1495 et

901 1516 1016 1546 deliciis.
1032 1515 1086 1545 Sed
1101 1526 1154 1544 non
1169 1522 1208 1544 tot
1220 1521 1285 1553 quot
1298 1514 1442 1543 molestias.
1457 1514 1584 1553 Alioquin
1597 1525 1649 1542 au-

920 1608 932 1627 δ
951 1608 998 1632 Hic
1012 1616 1111 1640 quoque
1121 1606 1203 1631 hiatus
1215 1612 1252 1631 est
1266 1605 1289 1630 in
1302 1605 1449 1630 Colberiino
1461 1604 1563 1629 Codice.

494 1706 671 1735 MUTIANO
693 1706 951 1735 SCHOLASTICO
974 1706 1228 1735 INTERPRETE.

72 1794 143 1832 quod
157 1793 251 1822 morbo
264 1793 446 1822 mollescimus
461 1805 469 1831 3
485 1800 509 1822 et
524 1793 622 1822 iterum
641 1803 702 1822 cum
718 1793 854 1830 valemus,

866 1794 945 1822 aliter
958 1805 1005 1823 nos
1019 1793 1160 1822 habemus.
1172 1793 1249 1822 Sicut
1265 1793 1336 1821 enim
1350 1793 1392 1832 [f.
1409 1792 1510 1829 etiam]
1524 1792 1549 1820 in
1565 1792 1648 1821 ehor-

70 1844 113 1872 dis
136 1841 266 1880 contingit
281 1853 287 1868 τ
300 1852 361 1869 cum
378 1841 450 1870 enim
466 1848 528 1870 sunt
544 1841 594 1880 ipsi
611 1841 714 1870 sonitus
728 1841 822 1870 molles
838 1848 863 1869 et
878 1841 988 1872 delicati
1009 1848 1034 1870 et
1050 1852 1101 1870 non
1116 1840 1306 1870 convenienter
1320 1840 1432 1877 extenti,
1445 1840 1525 1868 etiam
1538 1850 1581 1868 ars
1598 1840 1648 1868 de-

71 1896 212 1930 pravatur,
228 1895 253 1916 et
265 1888 371 1926 cogitur
384 1888 452 1917 vitio
467 1888 567 1916 servire
585 1888 747 1916 chordarum
760 1900 765 1915 :
776 1888 814 1916 sic
832 1888 912 1916 etiam
927 1888 957 1916 fit
970 1888 997 1916 in
1011 1898 1122 1927 corpore
1134 1900 1140 1915 :
1153 1887 1251 1916 multas
1265 1887 1299 1915 ab
1313 1897 1344 1915 eo
1359 1886 1447 1914 anima
1463 1886 1575 1925 suscipit
1601 1888 1649 1915 lae-

71 1937 160 1965 siones
173 1935 322 1972 multasque
337 1934 512 1962 necessitates.
528 1933 645 1968 Quando
658 1933 730 1962 euim
741 1934 825 1962 multa
842 1945 910 1973 opus
920 1934 1045 1962 habuerit
1056 1934 1088 1962 ad
1103 1934 1144 1962 sui
1159 1933 1335 1967 curationem,
1352 1943 1471 1961 amaram
1487 1932 1575 1960 anima
1589 1943 1648 1962 sus<

74 1983 139 2012 tinet
157 1982 324 2011 servitutem.
339 1982 482 2020 Propterea
496 1981 605 2009 obsecro
616 2004 624 2019 ,
639 1988 666 2009 ut
680 1987 801 2009 nostrum
817 1992 913 2020 eorpus
927 1982 994 2010 forte
1005 1980 1165 2017 reddamus,
1181 1991 1228 2008 nec
1242 1979 1311 2008 illud
1327 1979 1473 2008 delicatum
1488 1986 1512 2008 et
1536 1987 1651 2017 oegrota-

72 2031 127 2060 bile
147 2030 287 2059 faciamus.
304 2030 363 2057 Non
388 2028 422 2057 ad
443 2029 516 2058 viros
534 2036 649 2063 tantum,
665 2028 711 2057 sed
726 2028 805 2057 etiam
821 2029 853 2057 ad
870 2029 995 2057 mulieres
1011 2028 1078 2057 mihi
1094 2035 1132 2056 est
1155 2039 1250 2057 sermo.
1268 2027 1343 2063 Quid
1368 2027 1437 2056 illud
1453 2028 1549 2067 szrpius
1563 2029 1648 2062 lavas,

71 2078 135 2117 quid
152 2077 255 2107 deliciis
270 2076 419 2116 corrumpis
429 2102 436 2111 ,
450 2083 475 2105 et
490 2077 587 2116 gracile
603 2076 677 2113 sacis,
690 2087 705 2105 o
723 2077 840 2105 mulier?
853 2076 918 2115 quid
934 2076 1119 2105 fortitudinem
1134 2076 1191 2115 ejus
1205 2075 1352 2104 debilitas?
1366 2074 1471 2104 deliciae
1486 2075 1587 2116 quippe
1599 2077 1649 2105 las·

70 2125 215 2156 situdiuem
227 2123 338 2159 faciunt,
352 2133 404 2152 non
421 2123 617 2152 fortitudinem.
635 2123 664 2152 Si
678 2131 767 2152 autem
779 2124 812 2152 ab
824 2124 861 2152 eis
875 2123 1007 2159 recedens,
1017 2123 1093 2151 aliter
1107 2123 1276 2162 temetipsum
1291 2129 1396 2156 tractas,
1412 2129 1476 2150 tunc
1488 2129 1513 2150 et
1527 2122 1651 2161 pulchri—

69 2172 136 2201 tudo
146 2171 195 2200 tibi
213 2170 332 2209 corporis
342 2176 492 2208 generatur,
506 2169 614 2208 quando
631 2170 780 2199 secuudum
794 2171 926 2199 rationem
941 2177 965 2199 et
981 2170 1052 2199 valet
1069 2177 1093 2198 et
1109 2170 1233 2198 habitum
1248 2169 1350 2197 obtinet
1365 2168 1509 2197 salutarem
1525 2181 1530 2196 :
1548 2170 1570 2198 si
1587 2181 1649 2199 vero

69 2219 195 2260 plurimis
219 2217 289 2247 illud
309 2217 498 2257 circumsepias
510 2218 624 2255 morbis,
641 2229 727 2257 neque
744 2219 792 2247 flos
810 2218 852 2246 vel
868 2218 946 2257 vigor
968 2217 1054 2247 aderit
1069 2218 1200 2257 corporis,
1221 2227 1306 2255 neque
1320 2216 1430 2246 habitus
1445 2216 1588 2254 salutaris,
1603 2217 1650 2246 sed

68 2273 173 2307 semper
195 2272 319 2294 moestum
343 2265 393 2294 erit
409 2272 435 2294 et
455 2265 626 2305 languidum.

108 2315 188 2345 Scitis
200 2321 288 2342 autem
304 2313 368 2352 quia
383 2313 450 2342 sieut
461 2312 573 2342 domum
587 2314 730 2353 pulchram
740 2325 801 2343 cum
815 2314 874 2352 quis
887 2315 996 2344 eraserit
1007 2316 1051 2355 [f.
1070 2326 1114 2344 aer
1129 2314 1277 2352 arriserit]‚
1293 2313 1375 2342 efficit
1391 2312 1574 2352 pulchriorem
1589 2325 1594 2340 :
1611 2313 1650 2342 sic

68 2363 149 2392 etiam
164 2361 258 2391 facicm
269 2361 411 2401 pulchram
423 2361 548 2401 splendor
561 2364 657 2390 auimoe
673 2363 864 2401 superveniens
878 2363 995 2402 amplius
1012 2369 1201 2399 convenustat5
1216 2362 1237 2390 si
1252 2372 1315 2391 vero
1331 2360 1357 2389 in
1373 2360 1498 2389 moestitia
1514 2360 1547 2389 sit
1563 2367 1588 2389 et
1600 2360 1650 2390 do-

68 2405 171 2440 loribus
187 2409 345 2445 constituta,
357 2409 484 2437 deformis
494 2409 622 2438 efficitur.
637 2409 767 2438 Moestitia
782 2420 897 2448 namque
913 2417 939 2440 et
954 2422 1080 2440 moerores
1095 2409 1268 2449 zegritudines
1280 2408 1382 2437 faciunt
1395 2414 1420 2436 et
1432 2407 1557 2446 dolores;
1569 2408 1648 2447 aegri-

68 2457 162 2486 tudine
177 2465 266 2486 autem
280 2455 476 2485 delicatudines
487 2457 606 2496 eorporis
619 2464 790 2495 generantur,
803 2468 861 2496 qua:
875 2457 980 2487 deliciis
997 2465 1127 2487 constant.
1143 2456 1260 2486 Proinde
1277 2463 1302 2485 et
1316 2456 1351 2485 ob
1362 2456 1414 2484 hoc
1425 2455 1511 2495 fugite
1522 2455 1645 2489 delicias,

70 2504 91 2532 si
104 2504 168 2543 quid
186 2503 255 2532 mihi
269 2502 383 2532 obeditis
393 2509 418 2531 et
433 2503 550 2532 creditis.
564 2503 618 2533 Sed
634 2504 813 2544 voluptatem,
834 2504 1054 2544 inquiS,l1abent
1069 2505 1182 2534 deliciae.
1197 2503 1252 2533 Sed
1267 2514 1318 2532 uon
1341 2509 1442 2532 tantam
1463 2503 1627 2543 voluptatem
1641 2527 1647 2536 ,

71 2557 182 2588 quantas
195 2550 369 2579 difficultates
384 2557 463 2589 atque
479 2550 623 2581 molestias.
639 2551 698 2580 Huc
717 2551 818 2581 aceedit
834 2551 898 2591 quia
916 2552 1041 2592 voluptas
1058 2552 1118 2587 illa,
1134 2561 1271 2590 usquequo
1287 2550 1408 2589 linguam
1423 2550 1465 2579 vel
1481 2550 1571 2589 gulam
1588 2558 1649 2580 tan-

192 2613 265 2633 Toni.
292 2614 345 2632 ΧΗ.

1489 2604 1526 2632 QG

1684 878 1765 899 Contra

1654 910 1773 930 mulin-rum

1654 941 1753 962 octiens.
