1906 2846
386 169 419 191 lN
448 169 554 191 Et‘lsT.

42 231 114 261 λικόν
131 233 202 268 ἐστι,
218 231 247 260 τὸ
265 232 322 269 εἰκῇ
346 230 391 259 καὶ
415 230 501 268 μάτην
528 229 628 269 ῥίπτειν
650 230 757 262 ἑαυτοὺς
772 231 809 263 εἷς

41 281 186 317 κινδύνους,
202 281 248 310 καὶ
261 280 394 319 πειράζειν
411 282 432 309 εἰ
451 280 529 313 σώζει
543 282 556 308 ὁ
571 279 656 316 Θεός;
671 280 809 320 Προεστά-

41 345 83 362 ναι
106 333 157 372 γὰρ
180 333 265 361 αὐτῶν
287 331 376 360 οὐκέτι
402 331 529 366 ἠδύνατο,
550 330 631 364 οὕτως
653 331 810 368 ἀγνωμόνως

40 386 92 412 τῶν
115 381 338 422 εὐεργετουμένων
359 381 531 418 διακειμένων
546 392 551 398 ·
568 380 655 420 ,umpbv
671 380 756 409 τοίνυν
777 376 808 415 ἦν

39 434 84 463 καὶ
99 434 222 468 ἀνόητον,
238 432 324 471 με’νειν
338 432 437 461 αὐτόθι.
448 433 543 460 Ταῦτα
555 431 582 460 δὲ
597 431 684 460 πάντα
698 431 789 470 γε’γονε
801 453 808 465 ,

40 484 106 513 διότι
125 486 160 517 ὡς
180 486 247 523 ὁρῶν
270 484 312 512 τὸν
334 483 461 523 ἀόρατον,
484 482 565 516 οὕτως
587 483 734 522 ἐκαρτέρει.
747 483 809 512 ἶ’Ἂν

40 535 123 564 τοίνυν
144 534 189 563 καὶ
206 536 283 572 ἡμεῖς
299 535 401 573 ὁρῶμεν
422 533 461 562 ἀεὶ
476 533 520 561 τὸν
532 532 600 562 Θεὸν
612 534 650 571 τῷ
665 535 710 572 νῷ,
724 533 754 562 ἂν
770 533 810 562 ἀεὶ

40 587 65 615 ἐν
79 587 111 624 τῇ
127 584 218 623 μνήμῃ
240 584 320 612 αὐτοῦ
336 583 489 622 στρέφωμεν
503 582 560 617 τὴν,
571 582 701 619 διάνοιαν,
722 583 808 612 πάντα

39 636 103 672 ἡμῖν
119 636 202 672 ῥᾷστα
220 633 381 671 φανήσεται,
396 632 483 661 πάντα
496 632 596 672 φορητὰ
607 655 614 667 ,
634 633 721 662 πάντα
737 634 805 662 εὖκό·

40 688 92 719 λως
113 686 234 724 οἴσομεν,
253 685 358 714 πάντων
375 685 501 724 ἀνώτεροι
515 685 688 724 γενησόμεθα.
705 687 737 714 lii
758 686 809 726 γὰρ

40 738 217 777 ἀγαπώμενόν
242 750 282 770 τις
300 739 383 776 ὁρῶν,
400 739 500 775 μᾶλλον
517 738 543 766 δὲ
564 738 730 776 μεμνημένος
750 739 806 768 τού·

39 802 84 819 του
94 813 101 826 ,
116 789 282 818 διανίσταται
296 789 344 824 τὴν
355 789 442 828 ψυχὴν
452 812 459 825 ,
476 789 520 818 καὶ
534 790 632 828 ὑψηλὸς
646 790 746 828 γίνεται
760 790 807 824 τὴν

41 842 171 877 διάνοιαν,
197 842 243 870 καὶ
271 841 358 870 πάντα
382 841 494 874 εὐκόλως
521 841 594 880 φέρει
620 843 750 881 ἐντρυφῶν
775 844 807 880 τῇ

41 894 133 932 μνήμῃ
144 905 150 911 ·
162 896 176 922 ὁ
194 893 237 921 τὸν
254 893 335 926 ὄντως
359 895 497 931 ἀγαπῆσαι
516 896 587 931 ἡμᾶς
608 894 809 927 καταξιώσαντα

40 945 107 985 ἔχων
124 947 149 974 ἓν
164 944 281 985 διανοίᾳ,
296 945 340 973 καὶ
354 945 521 983 μεμνημένος
541 947 633 981 αὐτοῦ,
649 946 713 974 πότε
726 945 743 980 ἢ
764 947 808 974 λυ-

40 999 126 1036 πηροῦ
143 1009 211 1030 τινος
229 997 384 1032 αἰσθήσεται
395 996 429 1032 ,ἢ
444 995 554 1035 φοῧερόν
567 1008 592 1024 τι
609 996 653 1024 καὶ
668 996 808 1025 ἐπικίνδυ-

44 1061 86 1078 νον
106 1048 301 1088 :poeno-Aeetam
320 1047 384 1076 πότε
397 1047 423 1076 δὲ
440 1046 647 1085 ὀλιγοψυχῆσει;
663 1047 809 1076 Οὐδέποτε.

40 1100 134 1129 Πάντα
147 1100 198 1139 γὰρ
212 1101 277 1137 ἡμῖν
290 1098 403 1127 δύσκολα
416 1098 552 1137 φαίνεται,
564 1099 604 1127 ὅτι
618 1101 662 1127 τοῦ
676 1100 747 1127 Θεοῦ
762 1098 808 1134 τὴν

41 1152 148 1190 μνήμην
162 1153 210 1180 οὐκ
224 1151 319 1191 ἔχομεν
334 1153 369 1184 ὡς
381 1151 450 1189 ἔχειν
464 1153 518 1185 δεῖ,
532 1150 572 1180 ὅτι
591 1151 619 1180 οὐ
634 1150 809 1191 περιφέρομεν

42 1204 118 1232 αὐτὸν
131 1205 156 1232 ἐν
169 1206 202 1242 τῇ
218 1203 319 1242 διανοίᾳ
333 1202 474 1235 διαπαντός
487 1214 492 1221 ’
508 1202 576 1232 εἴποι
590 1203 641 1242 γὰρ
657 1203 687 1231 ἂν
702 1203 810 1236 δικαίως

41 1254 106 1293 πρὸς
120 1257 206 1291 ἡμᾶς,
222 1254 348 1283 ἐπελάθου
366 1265 414 1291 μου
428 1253 475 1289 σὺ,
492 1254 653 1292 ἐπιλήσομαί
664 1265 709 1283 σου
726 1254 810 1292 κάγώ.

40 1305 126 1334 ’Ώστε
141 1307 248 1334 διπλοῦν
262 1305 292 1334 τὸ
306 1305 386 1334 κακὸν
400 1304 516 1343 γίνεται,
531 1304 571 1334 ὅτι
585 1306 630 1334 καὶ
642 1308 719 1344 ἡμεῖς
732 1307 810 1335 αὐτοῦ

42 1357 284 1396 ε’πιλανΟανόμεΟα,
306 1357 351 1386 καὶ
376 1357 452 1389 αὐτὸς
474 1359 560 1394 ἡμῶν.
581 1358 675 1386 Ταῦτα
692 1357 743 1396 γὰρ
767 1357 812 1386 δύο
830 1359 846 1381 Β

41 1409 113 1438 ἐστὶν
138 1409 262 1444 ἀλλήλοις
285 1408 331 1446 μὲν
357 1408 596 1447 συμπεπλεγμένα,
619 1409 664 1437 δύο
693 1409 719 1438 δὲ
741 1408 811 1447 ὅμως

42 1460 107 1489 ἔστί.
118 1459 217 1499 ι’Μέγα
228 1461 276 1499 μὲν
290 1460 341 1500 γὰρ
353 1460 382 1489 τὸ
396 1461 440 1489 καὶ
452 1464 523 1498 ἡμᾶς
536 1462 562 1489 ἐν
576 1460 668 1499 μνήμῃ
680 1463 811 1489 ποιεῖσθαι

43 1513 87 1540 τοῦ
102 1513 186 1548 Θεοῦ,
202 1512 270 1551 μέγα
282 1513 309 1542 δὲ
323 1513 367 1541 καὶ
384 1512 414 1540 τὸ
431 1512 640 1551 μνημονεύεσθαι
656 1512 732 1541 αὐτὸν
746 1513 810 1551 παρ’

76 1618 86 1630 ⁸
104 1611 151 1634 Hic
164 1618 262 1642 quoque
274 1609 356 1634 hiatus
371 1610 486 1634 hahetur.

75 1651 86 1668 Ι]
104 1650 143 1681 [Α.
158 1650 195 1678 8.,
209 1648 332 1673 Commel.
343 1655 369 1673 et
382 1658 460 1682 marg.
475 1649 533 1674 Sar.
545 1652 655 1681 μέγκμὲν
667 1653 711 1681 γὰρ
722 1654 779 1674 mis}
789 1653 801 1677 ἡ

41 1696 121 1721 μνήμη
132 1694 171 1715 τοῦ
183 1693 239 1714 ῦεοῧ.
257 1690 287 1713 Et
305 1688 340 1712 sic
352 1695 455 1720 uterque
468 1687 524 1720 legit
538 1689 646 1719 lutei-pr.
663 1687 756 1711 Placet.
773 1688 802 1711 In

585 169 603 190 A
610 169 629 190 D
656 169 809 192 nummos
817 184 823 191 .

820 754 853 804 ²3¹
866 780 913 808 per
926 776 1004 798 erunt
1019 769 1118 803 facilia,
1137 769 1225 797 onmia
1241 767 1404 803 tolerabilia,
1427 768 1517 796 omnia
1531 767 1610 796 facile

853 169 931 191 car.
962 169 1008 190 xr.
1039 168 1156 190 nonu„
1187 167 1281 189 xxvi.
1540 158 1607 201 3253

865 240 933 265 cere,
946 228 1060 259 Videam
1074 239 1106 256 an
1120 238 1162 257 me
1175 235 1260 257 servet
1273 229 1356 257 Dens.
1372 227 1429 257 Hoc
1439 228 1519 257 etiam
1531 229 1610 258 Chri-

865 284 905 305 sto
929 276 1001 305 dixit
1024 275 1167 310 diabolus,
1195 276 1282 304 filine
1306 281 1333 303 te
1356 275 1501 304 deorsum.
1526 276 1610 306 Vides
1627 287 1766 316 ,νμιιικμτι

866 323 938 361 quod
952 323 1003 351 hoc
1022 322 1057 350 sit
1070 321 1248 359 diabolicum,
1262 328 1358 350 temere
1377 328 1403 350 et
1418 321 1611 351 inconsiderate

865 379 892 397 sc
905 369 930 397 in
942 368 1061 408 pericula
1072 367 1211 406 conjicere,
1222 373 1247 396 et
1259 373 1360 396 tentare
1372 377 1405 395 an
1418 367 1491 396 Deus
1503 378 1611 396 conser-

865 413 932 441 vet?
953 413 1006 441 Eos
1027 412 1144 451 amplius
1165 410 1306 440 defendere
1330 422 1383 440 non
1406 418 1524 451 poterat,
1548 423 1608 441 cnm

865 466 919 488 tam
934 458 1032 497 ingrati
1043 464 1128 486 essent
1141 458 1234 493 animi,
1246 457 1293 495 qui
1307 457 1495 485 afficiebantur
1506 457 1612 486 benefi-

865 504 906 533 cio
925 515 930 531 ε
948 503 1040 532 fuisset
1053 513 1116 541 ergo
1131 502 1245 531 stultitia
1261 509 1285 530 et
1300 502 1396 530 mentis
1412 501 1537 531 vecordia
1555 503 1611 531 illic

867 560 983 577 manere.
1001 549 1065 577 Haec
1087 555 1176 576 autem
1191 547 1280 576 omnia
1296 547 1365 575 sacta
1379 553 1454 583 sunt,
1478 547 1552 585 quod
1574 548 1611 576 ita

866 593 995 621 tolerabat
1010 600 1147 630 tamquam
1162 591 1257 621 videns
1272 602 1333 620 eum
1348 591 1394 629 qui
1409 601 1460 620 non
1475 591 1546 620 eadit
1561 592 1612 620 suh

866 644 1012 677 aspectum.
1027 637 1056 666 Si
1075 647 1138 675 ergo
1153 647 1199 665 nos
1214 646 1322 674 quoque
1338 637 1425 664 Deum
1439 642 1527 664 mente
1543 646 1612 664 sem-

866 692 914 719 per
928 680 1077 716 videamus,
1093 681 1114 709 si
1128 681 1154 709 in
1171 681 1227 719 ejus
1241 679 1424 709 recordatione
1439 690 1544 719 semper
1558 690 1609 708 no-

866 732 948 753 stram
964 735 1101 754 versemus
1116 724 1316 763 cogitationem,
1335 723 1413 752 nobis
1427 724 1516 752 omnia
1540 734 1611 752 sem-

865 813 990 848 fermnus,
1004 809 1104 841 erimus
1117 813 1242 842 omnibns
1254 812 1414 852 superiores.
1427 812 1456 840 Si
1469 812 1530 850 quis
1540 812 1611 841 enim

865 856 960 885 videns
974 856 1115 893 dilectum,
1140 857 1183 884 vel
1200 856 1290 895 potius
1314 856 1371 895 ejus
1386 855 1539 892 recordans,
1560 866 1612 884 ex-

865 900 950 939 surgit
965 900 1055 928 animo
1075 907 1101 929 et
1117 907 1204 928 mente
1218 900 1340 937 erigitur,
1361 906 1386 927 et
1400 899 1488 927 omnia
1502 900 1553 928 fert
1572 899 1612 927 sa-

866 943 926 977 cite,
949 953 983 971 ex
1004 944 1060 982 ejus
1083 943 1211 971 memoria
1231 943 1338 982 capiens
1354 943 1521 981 voluptatem
1542 953 1548 970 ε
1565 943 1611 981 qui

865 996 926 1013 eum
939 986 986 1023 qui
999 996 1046 1014 nos
1059 997 1121 1014 vere
1133 997 1222 1014 amare
1235 986 1362 1023 dignatus
1375 993 1414 1014 est
1426 987 1452 1014 in
1464 993 1552 1015 mente
1563 986 1612 1015 ba-

865 1029 908 1057 bet
931 1036 957 1056 et
978 1029 1036 1067 ejus
1058 1028 1190 1063 meminit,
1209 1029 1315 1066 quando
1337 1030 1380 1057 vel
1397 1030 1541 1058 molestum
1556 1031 1610 1059 ali—

864 1072 930 1110 quid
945 1072 1048 1107 sentiet,
1065 1072 1107 1101 vel
1122 1072 1243 1100 terribile
1256 1079 1281 1100 et
1296 1073 1477 1111 periculosum
1491 1074 1610 1102 extime-

864 1115 941 1144 scet?
957 1115 1064 1153 quando
1075 1115 1124 1143 erit
1136 1115 1234 1154 pusillo
1245 1122 1270 1143 ct
1280 1116 1384 1153 abjecto
1395 1117 1507 1145 animo?
1526 1118 1611 1146 Num-

865 1170 954 1198 quam.
969 1159 1067 1188 Omnia
1081 1159 1150 1187 enim
1164 1159 1241 1188 nobis
1251 1159 1379 1188 videntur
1389 1161 1522 1197 difficilia,
1539 1161 1609 1200 quod

866 1203 916 1232 Dei
929 1203 1029 1232 nullam
1042 1203 1190 1232 habeamus
1204 1203 1361 1232 memoriam
1372 1211 1401 1232 ut
1413 1204 1513 1232 habere
1532 1216 1612 1244 opor-

866 1255 911 1282 tet,
922 1247 996 1286 quod
1006 1258 1058 1276 non
1070 1258 1132 1276 eum
1144 1247 1170 1276 in
1185 1247 1345 1286 cogitatione
1355 1255 1482 1287 perpetuo
1498 1249 1612 1278 circum-

865 1293 982 1321 feramus
1004 1304 1010 1319 :
1035 1291 1130 1320 merito
1145 1291 1215 1320 enim
1231 1292 1308 1320 nobis
1330 1292 1442 1330 dixerit,
1461 1293 1571 1321 Oblitus
1585 1304 1612 1321 es

865 1336 928 1371 mei,
947 1346 994 1374 ego
1011 1346 1118 1374 quoque
1132 1335 1172 1364 tui
1188 1336 1333 1365 obliviscar
1346 1349 1352 1365 :
1367 1343 1392 1365 et
1412 1336 1516 1375 duplici
1529 1337 1612 1365 ratio-

866 1391 898 1408 ne
912 1380 943 1408 fit
957 1380 1068 1415 malum,
1087 1380 1160 1418 quod
1178 1387 1203 1408 et
1217 1391 1264 1409 nos
1278 1381 1335 1420 ejus
1355 1380 1561 1417 obliviscamur,
1585 1388 1611 1410 et

866 1425 922 1463 ipse
937 1424 1029 1452 nostri.
1044 1424 1107 1453 Haee
1121 1424 1192 1453 enim
1207 1423 1261 1453 duo
1285 1431 1346 1453 sunt
1361 1424 1429 1453 inter
1451 1435 1478 1453 se
1503 1425 1612 1463 quidem

867 1467 1018 1506 complexa,
1039 1475 1101 1496 sunt
1115 1475 1203 1496 tamen
1217 1468 1282 1498 duo.
1303 1469 1374 1497 Nam
1388 1478 1485 1507 magna
1506 1479 1547 1497 res
1570 1476 1609 1497 est

866 1512 894 1540 in
914 1511 965 1540 Dei
980 1511 1107 1540 memoria
1128 1522 1203 1549 esse;
1219 1522 1316 1551 magna
1336 1512 1429 1549 etiam,
1456 1512 1528 1551 quod
1549 1523 1609 1541 me-

852 1615 951 1641 recepta
964 1609 1090 1641 scriptura
1103 1609 1211 1634 offendit
1223 1609 1318 1635 locutio
1331 1616 1391 1642 ἡμᾶς
1409 1615 1432 1636 ἐν
1447 1618 1526 1646 μνήμῃ
1540 1618 1611 1638 ποιεῖ-

854 1652 903 1674 σθαι
916 1653 954 1674 τοῦ
966 1652 1023 1680 θεοῦ,
1036 1657 1082 1680 pro
1094 1654 1201 1673 nexuum
1209 1659 1224 1673 a
1238 1649 1293 1673 Deo
1301 1650 1443 1674 memoriam
1457 1650 1543 1675 haberi
1551 1661 1557 1674 :
1565 1651 1610 1675 nisi

853 1687 912 1712 sort.
925 1687 972 1720 leg.
985 1692 1023 1714 τζ-,ν
1035 1692 1092 1718 om,
1106 1694 1132 1712 ut
1143 1688 1211 1713 Deus
1224 1698 1268 1712 nos
1279 1688 1370 1714 habea!
1379 1690 1404 1714 ιίι
1416 1691 1461 1722 ιιι]

463 1796 639 1825 ML‘TIANO
661 1795 914 1824 SCHOLASTICO
936 1795 1189 1824 INTERPRETE.

45 1896 126 1925 Deus.
140 1895 197 1924 Hoc
212 1895 290 1924 etiam
307 1894 415 1923 Christo
432 1894 503 1923 dixit
516 1893 641 1922 diabolus
660 1905 665 1921 ε
687 1894 774 1922 Mitte
786 1900 813 1921 te
827 1892 968 1922 deorsum.
985 1894 1101 1922 Intueris
1115 1893 1178 1932 quia
1198 1894 1248 1922 lioc
1266 1893 1432 1923 diabolicum
1454 1901 1502 1931 est,
1517 1902 1546 1923 ut
1559 1906 1608 1924 su-

7 1942 8 1947 ’
45 1953 177 1983 pervaeue
192 1952 222 1971 ac
237 1942 370 1981 superflue
386 1952 414 1971 se
428 1941 569 1980 quisquam
591 1941 617 1969 in
633 1941 786 1980 periculum
804 1941 895 1979 jactet,
911 1947 1012 1969 tentare
1026 1941 1114 1969 Deum
1128 1940 1150 1969 si
1172 1941 1283 1970 salvet?
1302 1941 1408 1970 Etenim
1422 1952 1534 1981 praeesse
1551 1943 1608 1981 jam

42 1990 98 2019 illis
118 1990 153 2018 ad
167 1990 285 2029 regimen
301 1999 392 2018 eorum
413 1999 465 2018 non
481 1995 593 2028 poterat,
616 1988 653 2016 ita
667 1989 770 2027 ingrate
784 1988 886 2016 affectis
906 1988 972 2024 illis,
990 1988 1090 2026 quibus
1105 1995 1176 2017 tanta
1192 1988 1360 2028 praestiterat.
1377 1989 1498 2018 Stultum
1519 1990 1610 2028 itaque

41 2044 97 2066 erat
110 2044 136 2066 et
150 2036 314 2065 insensatum
328 2045 484 2075 permanere
498 2035 565 2064 illie.
582 2035 645 2063 Haec
659 2041 748 2063 autem
763 2034 852 2063 omnia
868 2035 936 2063 facta
948 2041 1019 2071 sunt,
1034 2035 1098 2073 quia
1113 2035 1197 2064 veluti
1208 2035 1303 2064 videns
1317 2035 1484 2065 invisibilem
1499 2035 1537 2065 sic
1548 2046 1607 2065 sus-

42 2083 151 2115 tinebat.
168 2083 198 2112 Si
214 2083 297 2122 igitur
311 2083 434 2112 videmus
448 2089 536 2111 mente
550 2092 654 2122 semper
668 2083 768 2119 Deum,
799 2082 821 2111 si
837 2092 942 2122 semper
959 2082 986 2111 in
1003 2082 1213 2112 recordationem
1227 2084 1285 2123 ejus
1300 2083 1480 2112 convertimus
1494 2091 1609 2113 mentem

41 2137 169 2167 nostram,
184 2130 274 2159 omnia
288 2129 365 2160 nobis
378 2129 468 2158 facilia
484 2129 664 2168 apparebunt,
677 2129 767 2158 omnia
782 2129 935 2168 portabilia,
951 2130 1042 2158 omnia
1056 2129 1151 2159 leviter
1165 2130 1335 2167 sustinemus,
1350 2130 1475 2159 omnibns
1489 2130 1609 2170 superio-

11 2190 13 2197 <
41 2187 82 2206 res
98 2177 240 2206 efficimur.
255 2178 284 2207 Si
299 2177 370 2206 enim
384 2177 526 2216 qnisquam
541 2176 671 2206 dilectum
686 2176 770 2215 videt,
786 2177 872 2215 magis
886 2183 974 2206 autem
989 2178 1144 2206 recordatus
1163 2177 1249 2215 illius,
1265 2177 1341 2216 erigit
1357 2177 1474 2206 animam
1488 2188 1565 2206 suam
1584 2184 1609 2206 et

2 2318 15 2347 ⁴⁶„
0 2279 15 2309 μρ
0 2234 9 2261 «ς

41 2231 128 2253 mente
139 2224 263 2253 sublimis
277 2225 404 2263 efficitur,
418 2231 448 2254 ut
462 2224 551 2254 omnia
562 2225 639 2253 facile
652 2225 754 2262 toleret,
769 2224 898 2253 delicians
909 2235 942 2253 ex
956 2225 1084 2254 memoria
1098 2225 1182 2254 illius.
1193 2225 1247 2260 Qui
1261 2225 1332 2254 enim
1345 2225 1372 2254 in
1384 2233 1470 2254 mente
1485 2225 1609 2254 habuerit

41 2281 114 2307 cum,
127 2271 232 2310 quinos
245 2271 358 2310 diligere
372 2282 434 2301 vere
447 2271 575 2311 dignatus
587 2279 636 2309 est,
650 2279 675 2301 et
690 2271 846 2301 recordatus
859 2272 939 2301 fucrit
954 2272 1010 2311 ejus
1023 2284 1029 2299 :
1045 2271 1151 2310 quando
1166 2272 1263 2312 poterit
1278 2272 1397 2311 aliquam
1411 2272 1507 2301 sentire
1524 2271 1607 2301 tristi-

41 2318 120 2355 tiam,
134 2324 180 2347 aut
194 2318 312 2348 terribile
324 2318 439 2356 aliquid,
453 2326 500 2348 aut
514 2319 695 2358 periculosum
711 2318 826 2348 timere?
843 2318 950 2357 quando
972 2319 1195 2358 pusillanimitate
1209 2320 1343 2348 afficiatur
1353 2319 1367 2347 ‘z’
1381 2320 1537 2357 Numquam
1557 2318 1608 2347 sci-

4 2379 9 2393 .=
43 2364 114 2394 licet.
131 2365 230 2394 Omnia
245 2366 344 2405 quippe
357 2366 434 2395 nobis
455 2366 580 2395 difficilia
594 2366 732 2404 videntur,
749 2366 812 2405 quia
828 2366 878 2395 Dei
894 2365 1050 2395 memoriam
1064 2377 1116 2395 non
1129 2366 1270 2403 habemus,
1289 2367 1357 2395 sicut
1371 2373 1474 2406 oportet
1496 2365 1605 2403 habere,

6 2411 8 2419 '
44 2411 106 2450 quia
119 2423 170 2442 non
183 2423 243 2442 eum
258 2423 363 2453 semper
375 2414 402 2443 in
417 2421 504 2443 mente
518 2421 608 2443 nostra
624 2421 769 2454 portamus.
784 2415 860 2444 Juste
873 2415 973 2454 quippe
989 2414 1066 2443 nobis
1079 2414 1179 2443 dixerit
1195 2426 1201 2442 ε
1219 2414 1328 2444 Oblitus
1340 2425 1367 2443 es
1381 2414 1443 2451 mei,
1458 2413 1605 2443 obliviscar

5 2468 8 2475 ·
44 2466 70 2488 ct
81 2469 129 2498 ego
150 2459 199 2489 tui.
216 2460 250 2489 Et
264 2460 380 2500 duplum
394 2462 511 2491 efficitur
525 2462 628 2491 malum
643 2474 649 2489 z
667 2462 729 2500 quia
748 2469 773 2491 et
790 2472 838 2491 nos
851 2462 908 2502 ejus
924 2462 1123 2498 obliviscimur,
1146 2469 1171 2490 et
1189 2462 1235 2491 ille
1249 2462 1331 2491 nostri
1346 2474 1352 2489 :
1367 2462 1424 2491 haze
1438 2462 1537 2501 quippe
1551 2461 1605 2490 duo

45 2505 166 2545 colligata
176 2514 237 2537 sunt
250 2518 284 2537 ex
295 2508 421 2545 invicem,
434 2508 488 2538 duo
500 2519 614 2547 namque
624 2508 678 2539 duo
692 2517 762 2538 sunt.
774 2511 906 2548 Magnum
917 2510 1018 2549 quippe
1027 2516 1153 2549 operatur
1167 2510 1294 2538 memoria
1310 2509 1370 2546 Dei,
1384 2508 1412 2537 id
1424 2515 1473 2544 est,
1485 2519 1546 2537 cum
1558 2518 1604 2538 no-

46 2552 92 2582 stri
106 2553 178 2583 Deus
187 2554 357 2592 recordatur,
373 2565 499 2594 magnum
512 2562 600 2585 autem
613 2556 702 2593 etiam,
717 2567 779 2586 cum
789 2563 814 2586 et
826 2566 873 2586 nos
884 2557 940 2596 ejus
950 2555 1094 2585 habeamus
1109 2555 1263 2585 memoriam
1278 2567 1283 2583 :
1298 2555 1348 2584 hoc
1363 2555 1464 2594 quippe
1474 2554 1537 2584 facit
1551 2554 1603 2583 eli-
