1906 2846
460 196 493 218 IN
520 197 627 219 EPIST-

109 257 199 297 ἑώρων
208 259 232 286 οἱ
247 256 272 290 ἐξ
283 255 415 296 Ἑὸραίων
427 257 629 289 πεπιστευκότες
638 280 644 292 ,
655 259 690 289 ὡς
702 256 800 296 μυρίων
814 257 878 285 ἀπο-

109 303 256 334 λαύσαντας
270 303 384 340 ἀγαθῶν,
401 302 527 331 δείκνυσιν
543 302 583 331 ὅτι
597 303 678 335 οὐδεὶς
694 302 796 331 οὐδέπω
806 301 877 331 οὐδὲν

110 349 262 386 ἐκομίσατο,
273 347 340 376 ἀλλὰ
352 347 447 380 πάντες
458 348 521 376 εἰσὶν
534 348 683 386 ἀγέραστοι,
693 349 737 376 καὶ
746 347 786 376 ὅτι
797 348 879 380 οὐδεὶς

562 396 619 427 'lig
634 394 729 434 πατρίς
732 407 758 426 ος
783 396 878 426 ἐκεῖνος

549 440 599 448 «««««

110 395 212 423 0u05'7rto
227 394 281 426 305³,
283 404 330 421 2‘0
352 393 399 425 ’ὰς
424 394 546 431 αμΟῑΟἴς.

109 485 171 523 ἔρχ..
161 496 226 513 εται.
243 461 295 513 KQ
306 484 332 512 τί
347 485 509 522 Onomar-ov,
524 487 546 514 εἷ
563 487 650 520 αὐτος,
666 452 745 515 ὁττουΕ
743 497 772 524 γε
789 486 832 514 καὶ
850 498 879 514 το

109 541 216 568 σπερμα
232 531 310 558 αὐτου
321 529 389 558 οὕτω
404 542 543 565 κατωκτσε
545 543 573 565 ν;
587 530 674 569 Ορῶν
692 534 753 569 γοῦν
768 532 878 570 ἐλεγχο-

110 576 189 613 μένην
205 575 253 610 τὴν
268 577 366 614 ἐτταγγε
356 576 439 611 -λιαν,
464 589 492 605 ου
510 589 572 605 κατε
563 577 690 615 νάρκησε
693 589 721 604 ν·
739 573 795 605 εἶπε
813 577 878 615 γὰρ,

109 622 157 650 Σοι
173 621 249 650 δύσω
267 621 314 656 τὴν
337 624 386 660 γῆν
410 622 518 657 ταύτνν,
542 623 586 650 καὶ
607 635 644 650 τι)
668 635 717 652 σπε
712 623 789 661 ’ρικατ
781 623 801 650 ί
824 635 878 652 σου,

109 663 172 705 Εἷδε
188 667 231 696 τὸν
248 667 311 696 Υἱὸν
327 669 381 695 ἐκεῖ
397 670 584 703 κατοικοῦντα,
599 668 644 696 καὶ
659 671 672 697 ὃ
686 668 789 706 ἔκγονος
801 669 880 697 πάλιν

109 708 176 742 εἶδεν
191 712 282 741 ἑαυτὸν
297 714 323 740 ἐν
338 713 463 753 ἀλλοτρία
478 717 660 748 κατοικοῦντα,
675 715 719 742 καὶ
732 714 805 742 οὐδὲν
821 716 879 744 5³00-

111 759 222 799 ρυὸήθη.
240 759 280 788 Τὸ
297 758 343 797 μὲν
363 760 414 798 γὰρ
430 763 475 788 τοῦ
494 759 614 798 'Agyrte
636 760 742 792 εἰκότως
756 761 879 799 ἐγεγόνει,

110 805 155 834 ἅτε
178 805 245 843 μετὰ
262 807 345 833 ταῦτα
360 806 506 842 μελλούσης
521 807 567 839 τῆς
582 806 741 844 ἐπαγγελίας
755 808 791 839 εἰς
806 807 879 845 ἔργον

109 850 270 885 {zerices-Oai
292 851 328 882 εἷς
347 850 464 888 τὸγένος
479 853 571 880 αὐτοῦ·
596 852 682 880 καίτοι
698 864 727 889 γε
749 852 794 880 καὶ
815 852 879 890 πρὸς

110 896 188 925 αὐτὸν
200 896 304 935 εἴρητο,
319 896 359 924 ὃτι
374 897 422 925 Σοὶ
438 897 483 925 καὶ
500 899 537 935 τῷ
551 897 684 936 σπέρματί
699 908 760 925 σου·
779 898 820 933 οὗ,
836 898 879 926 διὰ
897 903 914 925 C

109 945 155 970 τοῦ
170 941 320 980 σπέρματός
336 941 382 971 σού
396 954 450 978 σοι,
465 942 547 978 ἀλλὰ,
565 943 612 971 Σοὶ
626 942 671 970 καὶ
686 943 724 981 τῷ
745 942 880 980 σπέρματί

111 999 174 1017 σου·
189 999 233 1016 και
257 999 316 1016 ουτε
337 989 413 1020 αὐτὸς
403 1010 427 1022 ,
448 988 493 1017 οὔτ
484 1001 506 1016 5
496 991 534 1016 τὸ
548 988 656 1023 Ισαὰκ,
675 987 733 1015 οὔτε
750 990 764 1015 ὁ
780 987 879 1016 Ἰακὼὸ

110 1033 295 1068 ἀπήλαυσαν
283 1036 330 1067 τῆς
344 1033 473 1071 ὓποσχέσε
463 1045 518 1065 ως.
531 1033 564 1061 O
577 1032 608 1070 μὲ
598 1045 623 1061 ν
643 1032 693 1071 γὰρ
707 1033 816 1071 μισΟυ’
805 1033 878 1060 5606-

107 1079 208 1114 λευσεν,
221 1080 235 1106 ὁ
252 1078 279 1106 δὲ
298 1077 468 1113 ἐξηλαύ)ετο,
484 1080 558 1110 οὗτος
571 1077 599 1106 δὲ
620 1077 665 1105 καὶ
688 1077 810 1110 εξέπιπτε
831 1079 876 1106 δε-

105 1124 213 1157 δοικώς·
230 1123 322 1152 καὶτὰ
336 1123 383 1161 μὲν
396 1119 448 1152 εῑΛε
462 1123 586 1163 nolint-‚2
611 1123 645 1151 τὰ
666 1122 692 1151 δὲ
702 1145 709 1159 ,
731 1125 754 1152 εἷ
778 1123 814 1162 μὴ
830 1126 878 1159 τ’ἧς

103 1173 149 1199 τοῦ
160 1171 229 1199 Θεοῦ
243 1171 325 1209 ῥοπῆς
335 1168 436 1208 ἔτυχεν,
449 1169 570 1198 ἀπώλετο
583 1169 689 1199 atvs-h&
699 1169 776 1199 τοῦτό
787 1181 876 1209 φησιν,

103 1215 145 1244 ὅτι
160 1215 237 1244 Μετὰ
252 1217 303 1244 τῶν
315 1215 486 1254 κληρονόμων
499 1217 545 1250 τῆς
561 1216 718 1271 ἐπαγγελίας
726 1217 777 1250 τ’ἧς
786 1217 875 1250 αὐτῆς.

103 1262 176 1300 Οὐχὶ
191 1261 269 1294 αὐτὸς
286 1260 384 1299 μόνος,
403 1272 491 1300 φησιν,
511 1261 578 1290 ἀλλὰ
597 1261 642 1290 καὶ
659 1263 683 1290 οἷ
702 1261 873 1318 κληρονόμοι.

104 1303 173 1336 hiza
184 1319 229 1336 και
243 1307 284 1336 ἕτε
274 1306 330 1345 ,ρόν
341 1319 367 1335 τι
379 1319 431 1336 των
444 1307 588 1346 εἰρημένων
601 1307 754 1354 τρανότερον
773 1307 874 1347 ἐπήγα-

104 1365 135 1391 γε
148 1353 246 1390 λέγων·
268 1352 346 1381 Κατὰ
360 1352 450 1381 πίστιν
467 1353 595 1382 ἀπέθανον
611 1355 682 1382 οὗτοι
701 1354 815 1388 πάντες,
837 1353 873 1392 μὴ

104 1398 278 1436 κομισάμενοι
292 1397 339 1430 τὰς
362 1397 529 1437 ἐπαγγελίας.
550 1398 602 1427 Δύο
625 1399 737 1427 ἐνταῦθα
760 1400 874 1434 ζητῆσαι

105 1443 189 1478 ἄξιον,
211 1446 267 1476 πῶς
285 1442 366 1472 εἷπὼν
381 1443 420 1471 ὅτι
437 1443 574 1478 Metto-qm
588 1444 632 1472 τὸν
648 1443 737 1482 Ἑνὼχ
747 1465 754 1477 ,
774 1446 819 1473 τοῦ
835 1444 872 1482 μὴ

106 1490 170 1518 ἰδεῖν
185 1489 304 1524 Θάνατον,
316 1489 360 1517 καὶ
377 1490 424 1528 οὐχ
438 1488 581 1527 εὑρίσκετο,
596 1489 681 1527 λέγει·
694 1489 771 1518 Κατὰ
784 1490 872 1518 πίστιν
889 1503 908 1526 Β

105 1535 233 1564 ἀπέθανον
250 1530 320 1563 οὗτοι
334 1535 441 1567 πάντες.
458 1534 510 1563 Καὶ
530 1534 612 1563 πάλιν
627 1534 719 1571 εἰπὼν,
735 1536 780 1570 Μὴ
794 1547 872 1573 κομι-

107 1580 215 1618 σάμενοι
226 1580 272 1613 τὰς
283 1580 441 1619 ἐπαγγελίας
450 1602 457 1615 ,
471 1580 515 1608 τὸν
527 1581 587 1608 Νῶε
599 1580 726 1609 δείκνυσιν
740 1581 874 1620 εἰληφέναι

658 196 701 218 ΑΒ
730 196 883 218 nummos
891 211 897 218 .

927 195 1003 218 (Ἀρ.
1034 195 1082 218 xi.
1112 195 1228 218 nonni„
1258 196 1355 218 xxur.
1605 185 1665 217 501

934 263 1001 287 trem
1016 258 1111 287 habuit
1127 258 1252 297 gentilem
1272 264 1297 286 et
1312 256 1490 292 idololatram,
1509 266 1561 284 non
1576 256 1674 285 audie-

933 310 973 332 rat
988 304 1141 343 prophetas,
1159 304 1291 332 nesciebat
1313 313 1366 341 quo
1389 302 1447 330 iret.
1462 302 1532 330 Nam
1548 301 1675 339 quoniam

936 349 970 377 ad
992 360 1035 378 eos
1055 349 1219 389 aspiciebant
1241 349 1287 387 qui
1310 347 1476 377 crediderant
1487 358 1522 376 ex
1545 347 1675 383 Hebraeis,

934 402 962 424 ut
987 396 1032 433 qui
1048 396 1117 424 bona
1135 395 1313 435 percepissent
1329 393 1544 429 innumerabilia,
1559 393 1675 422 ostendit

934 440 1006 478 qnod
1018 441 1109 469 nullus
1120 441 1209 469 adhuc
1218 439 1365 478 quidquam
1377 439 1517 478 acceperit,
1528 439 1573 467 sed
1584 449 1674 468 omnes

934 486 985 515 sint
1006 498 1020 514 a
1040 487 1150 526 proemio
1171 486 1311 521 immunes,
1331 492 1356 513 et
1376 485 1466 513 nullus
1486 484 1576 513 adhuc
1590 485 1675 512 ullam

934 531 1058 560 habuerit
1083 531 1331 561 remunerationem.
1348 530 1458 559 Excidit
1481 530 1527 558 ille
1544 537 1568 558 et
1588 542 1602 558 a
1626 541 1674 569 pa—

935 578 984 605 tria
1005 585 1029 606 et
1049 589 1064 606 a
1087 578 1178 614 domo,
1198 584 1223 606 et
1245 577 1311 606 exiit
1335 576 1454 604 nesciens
1478 587 1531 614 quo
1557 576 1613 604 iret.
1640 576 1674 604 Et

934 623 1000 661 quid
1025 624 1123 652 mirum
1147 624 1169 652 si
1195 624 1265 662 ipsc,
1292 633 1353 651 cnm
1377 623 1433 661 ejus
1458 632 1564 660 quoque
1586 631 1673 650 semen

933 669 971 697 sic
985 669 1138 697 habitarit?
1163 669 1266 699 Vitlens
1290 668 1374 707 igitur
1398 678 1450 696 non
1475 667 1580 706 impleri
1610 678 1674 706 pro-

934 715 1096 750 missionem,
1113 725 1162 743 non
1185 714 1322 753 elanguit3
1338 713 1409 742 dixit
1424 713 1494 741 enim

935 762 969 788 bo
985 767 1091 789 ter-ram
1107 762 1193 797 lianc,
1208 767 1235 788 et
1250 761 1353 789 semini
1369 766 1428 788 tuo.
1444 759 1522 788 Vidit
1537 759 1625 787 filium
1641 758 1672 787 il-

934 805 969 833 lic
984 806 1159 842 habitantem,
1182 813 1207 834 ct
1222 816 1303 844 nepos
1318 815 1411 833 rursus
1423 815 1450 833 se
1462 804 1531 833 vidit
1548 804 1674 833 habitan-

933 858 987 880 tem
1003 852 1029 879 in
1055 852 1151 886 aliena,
1174 859 1199 880 et
1213 852 1281 880 nihil
1300 858 1338 880 est
1364 852 1496 880 turbatus.
1518 852 1586 880 Nam
1601 850 1673 889 quod

933 897 967 925 ad
988 897 1124 925 Abraham
1143 897 1252 935 quidem
1266 897 1371 934 attinet,
1396 896 1424 926 id
1446 897 1496 926 suit
1521 897 1585 925 satis
1609 907 1673 925 con-

934 949 1088 970 sentaneum
1102 964 1110 978 ,
1148 949 1240 981 utpote
1270 943 1343 980 quod
1375 943 1516 982 promissio
1546 943 1581 971 ad
1605 943 1673 971 effe-

933 994 1007 1016 ctum
1025 994 1115 1026 postea
1137 995 1203 1016 esset
1217 988 1374 1016 deducenda
1396 989 1422 1017 in
1447 999 1541 1028 genere
1564 989 1648 1028 ipsius
1666 1001 1674 1025 ς

932 1043 1095 1070 quamquam
1109 1033 1159 1071 ipsi
1174 1044 1280 1071 quoque
1290 1033 1394 1062 dictum
1406 1042 1455 1069 est,
1475 1037 1539 1063 Tibi
1551 1041 1578 1064 et
1591 1037 1676 1064 semi-

933 1079 964 1105 ui
979 1084 1027 1105 tuo
1042 1090 1050 1104 :
1066 1088 1129 1112 non,
1149 1079 1200 1106 Per
1215 1089 1302 1107 semen
1319 1087 1395 1108 tuum
1408 1080 1469 1115 tibi,
1486 1081 1542 1116 sed,
1565 1082 1630 1110 Tibi
1648 1087 1676 1110 et

930 1125 1035 1152 semini
1050 1130 1099 1152 tuo
1118 1135 1126 1151 .·
1148 1130 1173 1152 et
1188 1134 1236 1152 nec
1250 1125 1317 1163 ipse,
1346 1135 1393 1154 nec
1420 1127 1502 1163 Isaac,
1530 1138 1578 1156 nec
1591 1127 1676 1157 Jacob

929 1169 1019 1209 adepti
1033 1176 1095 1198 sunt
1107 1170 1324 1209 promissionem.
1341 1172 1413 1199 Nam·
1424 1172 1468 1200 hic
1479 1173 1589 1210 quidem
1603 1185 1674 1203 mei*

929 1217 993 1245 cede
1013 1217 1115 1254 serviit,
1130 1217 1198 1246 alius
1219 1228 1282 1246 vero
1305 1224 1344 1247 est
1360 1219 1500 1258 expulsus,
1522 1220 1590 1249 alius
1610 1230 1674 1250 vero

928 1263 1008 1291 etiam
1026 1263 1120 1292 timens
1137 1263 1254 1301 excidit3
1269 1271 1294 1292 et
1312 1264 1364 1293 alia
1380 1263 1489 1303 quidem
1503 1265 1574 1294 bello
1595 1267 1674 1306 cepit,

927 1309 979 1338 alia
993 1316 1082 1338 autem
1097 1310 1248 1349 periissent,
1270 1310 1322 1339 nisi
1337 1311 1388 1338 Dei
1409 1311 1460 1350 ipsi
1478 1311 1607 1340 adfuisset
1621 1323 1674 1340 au-

928 1355 1036 1384 xilium.
1057 1356 1200 1395 Propterea
1223 1356 1291 1385 dicit
1314 1358 1407 1386 :Cum
1423 1358 1575 1386 heredibus
1596 1361 1671 1398 ejus-

927 1402 991 1430 dem
1006 1403 1219 1441 promissionis.
1237 1403 1297 1431 Non
1313 1402 1385 1441 ipse,
1400 1403 1500 1441 inquit,
1515 1403 1602 1439 solus,
1627 1404 1672 1433 sed

926 1447 1007 1476 etiam
1021 1449 1078 1487 ejus
1092 1448 1212 1477 heredes.
1228 1448 1332 1477 Deinde
1345 1449 1419 1477 aliud
1432 1460 1466 1478 ex
1481 1449 1561 1478 dictis
1572 1450 1671 1479 clarius

926 1494 1056 1529 enuntiat,
1082 1493 1173 1523 dicens
1200 1506 1206 1522 :
1232 1495 1328 1523 Juxta
1343 1495 1439 1534 fidem
1455 1496 1589 1535 defuncti
1603 1503 1670 1524 sunt

927 1552 1027 1570 omnes
1038 1544 1087 1570 isti
1099 1552 1157 1570 non
1169 1544 1295 1582 acceptis
1306 1545 1586 1582 repromissionibus.
1599 1544 1671 1582 Ope-

927 1597 963 1615 rae
980 1587 1097 1626 pretium
1119 1594 1158 1616 est
1178 1587 1222 1616 hic
1243 1587 1298 1616 duo
1314 1599 1442 1626 quaerere,
1458 1588 1594 1626 quomodo
1609 1599 1672 1617 cum

107 1632 200 1669 μισθὸν
216 1633 252 1665 εἷς
266 1631 399 1671 σωτηρίαν
414 1633 460 1659 τοῦ
474 1631 546 1660 οἴκου
558 1632 651 1665 αὑτοῦ,
665 1630 710 1659 καὶ
729 1631 772 1660 τὸν
785 1631 874 1671 Ἑνὼχ
929 1632 1030 1661 dixerit
1053 1632 1128 1671 quod
1150 1633 1287 1662 transtulit
1311 1634 1417 1673 Enoch,
1442 1640 1472 1663 ut
1496 1644 1548 1663 non
1569 1633 1676 1666 videret

138 1728 150 1738 ι
167 1720 214 1744 nic
227 1719 315 1752 incipit
325 1719 427 1745 homilia
438 1721 463 1746 in
474 1719 569 1746 Codice
581 1720 654 1746 Colb.

529 1825 702 1855 MUTIANO
726 1825 978 1857 SCHOLASTICO
998 1827 1249 1858 INTERPRETE.

106 1932 206 1962 ganum
219 1922 317 1951 habuit
328 1928 354 1951 et
367 1921 548 1958 idololatram,
563 1921 706 1961 prophetas
719 1932 771 1951 non
785 1921 915 1959 audierat,
930 1932 1016 1961 neque
1028 1922 1130 1951 sciebat
1146 1933 1200 1961 quo
1215 1923 1354 1962 pergebat.
1372 1924 1508 1959 Quoniam
1523 1926 1594 1954 enim
1606 1926 1671 1956 istos

105 1970 280 1999 intuebantur
293 1969 339 2007 qui
350 1968 520 1998 crediderant
532 1979 565 1997 ex
578 1968 697 1997 Hebraeis
709 1970 792 1998 veluti
804 1969 896 1998 decem
907 1969 991 1997 millia
1001 1969 1033 2007 [l.
1046 1969 1180 2006 millibus]
1203 1969 1280 1997 bonis
1290 1969 1387 2008 potitos
1400 1981 1406 1997 :
1419 1970 1532 1999 ostendit
1542 1973 1670 2009 quoniam

106 2017 198 2046 nullus
207 2016 296 2045 adhuc
304 2015 407 2054 aliquid
418 2017 527 2056 recepit,
535 2026 627 2044 omnes
638 2023 700 2044 sunt
711 2017 767 2045 sine
775 2017 896 2056 praemio,
908 2016 997 2044 nullus
1006 2015 1096 2044 adhuc
1106 2015 1306 2044 vicissitudines
1315 2017 1426 2056 aceepit.
1438 2019 1458 2045 Α
1469 2018 1555 2056 patria
1566 2029 1611 2047 sua
1623 2019 1671 2049 ille

105 2070 132 2092 et
147 2074 162 2092 a
176 2063 257 2093 domo
272 2064 383 2099 excidit,
398 2071 423 2093 et
436 2074 555 2102 egressus
572 2070 610 2091 est
627 2063 743 2093 nesciens
765 2074 818 2103 quo
832 2063 890 2092 iret.
906 2063 939 2092 Et
954 2063 1019 2102 quid
1036 2063 1145 2098 mirum,
1159 2063 1181 2091 si
1197 2063 1255 2102 ipse
1268 2063 1314 2098 ita,
1335 2074 1397 2092 cuni
1412 2064 1492 2092 etiam
1507 2075 1594 2094 semen
1610 2067 1668 2105 ejus

105 2110 144 2140 sic
158 2110 314 2140 habitaret?
330 2111 434 2140 Videns
449 2121 511 2150 ergo
526 2110 651 2149 redargui
668 2111 949 2151 repromissionem***
965 2111 1068 2139 dictum
1081 2110 1151 2139 enim
1166 2117 1233 2147 erat,
1254 2112 1318 2139 Tibi
1332 2112 1407 2139 dabo
1423 2118 1529 2141 terram
1545 2114 1622 2142 Ιιαηε
1639 2119 1667 2142 et

105 2159 209 2186 semini
223 2164 284 2186 tuo.
301 2157 382 2187 Vidit
395 2157 485 2186 filium
508 2157 546 2186 ibi
571 2164 600 2185 ut
614 2158 786 2196 peregrinum
811 2157 976 2186 habitantem
996 2169 1002 2184 ε
1018 2167 1099 2196 nepos
1113 2157 1175 2185 item
1190 2158 1248 2196 ejus
1262 2157 1331 2185 vidit
1345 2159 1516 2197 semetipsum
1539 2159 1566 2188 in
1581 2160 1667 2189 aliena

105 2208 174 2232 terra
188 2203 408 2243 peregrinantem,
419 2211 445 2233 et
459 2204 527 2232 nihil
542 2204 665 2234 turbatus
679 2212 726 2234 est.
743 2205 776 2234 Et
794 2205 863 2233 eirca
879 2204 1017 2233 Abraham
1032 2204 1150 2232 fortassis
1163 2204 1259 2233 merito
1271 2205 1309 2233 sic
1322 2211 1410 2233 actum
1425 2213 1472 2241 est,
1489 2213 1580 2245 utpote
1592 2207 1666 2244 quod

104 2255 194 2288 postea
218 2250 252 2279 ad
267 2250 389 2279 effectum
414 2251 585 2290 repromissio
600 2258 666 2280 esset
680 2251 852 2291 perducenda
878 2264 884 2279 ι
907 2252 934 2280 in
948 2251 1025 2291 prole
1037 2258 1126 2280 autem
1142 2251 1199 2289 ejus
1224 2251 1287 2280 satis
1301 2258 1356 2280 erat
1373 2252 1485 2290 mirum,
1501 2263 1665 2292 quamquam

104 2296 183 2325 etiam
195 2297 228 2325 ad
244 2297 331 2336 ipsum
345 2297 450 2327 dictum
464 2305 530 2327 esset
544 2299 607 2337 quia
626 2300 691 2328 Tibi
706 2299 781 2328 dabo
796 2306 821 2328 et
835 2301 940 2328 semini
952 2305 1001 2327 tuo

104 2350 156 2372 tuo
170 2355 177 2372 .·
194 2350 219 2372 et
230 2350 317 2373 tam-en
329 2355 412 2384 neque
427 2346 492 2385 ipse,
509 2357 592 2385 neque
607 2347 680 2375 lsaac
692 2369 699 2382 ‚
715 2357 799 2385 neque
811 2347 894 2377 Jacob
909 2346 985 2386 potiti
997 2353 1058 2375 sunt
1070 2346 1119 2374 hoe
1131 2346 1271 2385 promisso,
1284 2346 1333 2375 lllc
1346 2346 1454 2384 quidem
1468 2347 1579 2376 servivit
1595 2359 1664 2377 mer-

103 2391 207 2420 cenaria
222 2392 361 2429 servitute,
382 2393 426 2422 hic
440 2400 529 2422 autem
544 2394 744 2432 exagitabatur,
761 2395 810 2423 iste
824 2405 888 2424 vero
905 2404 970 2434 pene
985 2394 1121 2423 exciderat
1137 2394 1233 2422 timens
1252 2405 1258 2421 :
1274 2400 1299 2422 et
1324 2394 1390 2422 alias
1404 2394 1515 2432 quidem
1532 2395 1664 2425 interemit

102 2438 190 2468 hostes
202 2439 228 2468 in
243 2439 323 2476 bello,
339 2441 405 2470 alias
419 2448 520 2479 autem,
537 2442 588 2470 nisi
603 2442 651 2470 Dei
666 2442 768 2471 adesset
783 2442 950 2482 praesidium,
964 2442 1084 2471 fortassis
1098 2442 1179 2470 etiam
1193 2441 1312 2480 perisset.
1325 2442 1467 2481 Propterea
1481 2441 1551 2471 dixit
1565 2454 1571 2470 ε
1588 2444 1664 2481 Quia

104 2497 169 2516 cum
185 2489 372 2518 coheredibus
385 2492 616 2529 repromissionis
631 2492 767 2531 ejusdem⁴
788 2492 847 2520 Non
863 2491 919 2530 ipse
934 2491 1017 2526 solus,
1034 2490 1132 2528 inquit,
1146 2489 1192 2518 sed
1207 2490 1287 2518 ctiam
1301 2489 1420 2518 heredes.
1443 2491 1606 2520 Secundum
1615 2492 1662 2531 fi-

105 2533 170 2562 dem
183 2537 290 2564 mortui
307 2542 385 2573 sunt,
399 2536 497 2575 inquit,
514 2537 545 2565 1ιί
560 2547 669 2572 omnes,
687 2548 746 2566 non
759 2544 940 2577 reportantes
955 2539 1200 2577 repromissiones.
1217 2537 1278 2565 Duo
1293 2535 1415 2575 quaedam
1430 2536 1474 2565 hic
1488 2536 1601 2575 dignum
1624 2543 1662 2565 est

106 2591 232 2620 (pirri-ere,
248 2582 381 2621 quomodo
405 2594 465 2612 cum
490 2595 571 2624 supra
592 2583 715 2624 dixisset,
738 2586 911 2615 Translatus
933 2592 975 2615 est
998 2585 1111 2623 Enoch,
1134 2590 1160 2614 ee
1176 2594 1236 2612 non
1249 2584 1466 2619 inveniebatur,
1494 2595 1530 2612 ne
1547 2583 1661 2612 videret

1023 2311 1031 2326 :
1046 2309 1109 2335 non,
1125 2299 1176 2327 Per
1191 2309 1279 2327 semen
1295 2299 1354 2336 tibi,
1369 2298 1425 2335 sed,
1443 2301 1506 2328 Tibi
1519 2307 1545 2329 et
1561 2303 1667 2330 semini

1517 725 1522 740 :
1544 714 1607 741 Tibi
1621 714 1673 741 clat-
1687 727 1744 747 Gen,
1759 732 1783 746 ιη
1805 733 1827 754 7.

1681 1522 1701 1535 v.
1719 1516 1755 1538 23.
