1886 2846
453 161 485 183 tx
515 161 621 183 Et‘tsT.

127 222 190 255 Πῶς
204 218 258 258 οὖν,
269 222 326 251 εἶπέ
340 232 400 259 μοι,
412 222 512 259 λέγεις,
530 222 643 259 :ips-„ixi
653 244 660 256 ,
676 221 718 250 διὰ
734 221 764 250 τὸ
776 220 852 258 λέγε«
873 222 890 244 D

86 271 146 297 σθαι
159 268 233 308 παρὰ
247 270 279 307 τῇ
297 268 404 307 Γραφῇ,
423 263 503 296 Εἶπεν
518 269 532 296 ὁ
546 267 627 302 Θεὸς,
636 267 772 306 γενηθήτω
787 267 855 306 φῶς,

84 313 124 342 ὅτι
136 313 232 353 Πατὴρ
243 311 377 348 ἐπέταξεν,
389 315 402 342 ὁ
414 313 440 342 δὲ
454 313 515 346 Υἱὸς
524 316 533 329 ⁶
543 313 702 348 ἐπήκουσεν;
716 311 783 341 Ἀλλ’
801 310 855 340 ἰδοὺ

86 359 132 388 καὶ
138 360 250 389 ἐνταῦθα
262 359 362 398 ῥήματι
375 359 451 391 αὐτὸς
464 363 533 388 ποιεῖ
542 370 547 376 ·
557 358 653 398 Φέρων
667 370 695 387 τε
706 357 767 397 γὰρ,
778 358 841 397 φησὶ
849 380 856 392 ,

85 404 119 434 τὰ
129 405 231 434 πάντα·
242 404 378 440 τουτέστι,
391 404 536 443 κυὸερνῶν,
551 404 584 433 τὰ
605 404 780 432 διαπίπτοντα
792 414 856 440 συγ-

85 453 198 492 κρατῶν.
215 452 271 481 Τοῦ
285 451 335 490 γὰρ
348 453 458 486 ποιῆσαι
472 451 516 479 τὸν
530 451 628 488 κόσμον
645 451 695 489 οὐχ
706 445 784 484 ἧττόν
800 451 855 478 ἐστι

85 498 116 528 τὸ
129 502 295 538 συγκρατεῖν,
311 499 381 531 ἀλλ’,
396 499 417 526 εἰ
434 497 471 526 δεῖ
495 509 520 525 τι
534 497 578 525 καὶ
595 496 745 534 θαυμαστὸν
762 497 855 530 εἰπεῖν,
869 521 892 540 η

85 543 131 573 καὶ
143 546 239 582 μεῖζον.
255 544 296 573 Τὸ
311 543 358 582 μὲν
373 543 423 582 γὰρ
439 542 465 576 ἐξ
481 544 527 572 οὐκ
545 543 625 572 ὄντων
644 541 701 571 ἐστι’
721 553 747 570 τι
762 541 891 581 παρά-ι
873 552 891 571 Λ

86 601 157 628 γειν·
171 590 201 619 τὸ
218 589 259 626 δὲ,
273 589 306 618 τὰ
329 590 455 628 γεγονότα
480 590 515 621 εἰς
536 589 566 617 τὸ
584 588 621 627 μὴ
639 583 705 616 εἶναι
725 587 856 625 μέλλοντα

87 638 246 676 ἀναχωρεῖν,
260 635 379 674 συνέχειν
395 647 423 664 τε
446 647 490 664 και
512 634 653 664 συνάπτειν
669 634 733 673 πρὸς
753 634 857 668 ἄλληλα

87 682 322 717 διαστασιάζοντα,
337 681 414 710 τουτό
429 682 484 709 ἐστι
501 691 531 708 το
553 692 584 718 με
579 679 621 717 ’γα
635 691 680 707 και
695 678 857 716 Θαυμαστὸν,

86 739 131 756 και
142 727 270 762 πολλῆς
255 727 353 764 ουναμε
356 739 414 759 ωςτ
417 726 553 765 εκμήριον.
566 720 634 754 Εἶτα
649 736 694 753 και
708 725 738 753 τὸ
752 724 858 753 εὔκολον

87 773 173 808 δηλῶν
181 775 255 808 εἰπε,
266 772 373 811 Φέρων.
386 772 445 800 Οὐκ
464 767 536 805 εἶπε,
551 770 721 809 κυὸερνῶν,
707 782 760 799 <mo
775 782 858 808 μετα-

86 823 167 858 φορᾶς
189 820 241 847 τῶν
270 817 360 850 ἁπλῶς
385 819 423 856 τῷ
449 816 571 856 δακτύλῳ
593 827 620 844 τι
640 815 790 851 κινούντων,
814 815 858 844 καὶ

85 863 230 894 ποιούντων
241 867 251 880 ²
259 863 454 903 περιφέρεσθαι.
464 861 596 892 Ἐνταῦθα
608 861 652 890 καὶ
666 862 709 890 τὸν
721 861 797 899 ὄγκον
813 863 858 895 τῆς

86 910 198 943 κτίσεως
216 908 296 942 ἔδειξε
311 909 394 947 μέγαν
415 909 492 943 ὄντα,
511 908 556 936 καὶ
570 908 600 936 τὸ
617 906 686 963 μέγα
700 906 771 936 οὐδὲν
788 907 858 944 αὐτῷ

87 957 125 986 ὄν.
138 952 207 985 Εἶτα
219 955 300 985 πάλιν
315 967 346 984 το
362 954 473 990 ἀπονητὶ
486 954 628 987 δείκνυσιν,
642 951 733 988 εἰπὼν,
752 953 800 980 Ta]
814 952 859 989 ῥή-

88 1015 153 1040 ματι
165 1003 212 1037 τῆς
234 1002 369 1040 δυνάμεως
382 1002 470 1029 αὐτοῦ.
480 1000 577 1031 Καλῶς
591 1001 658 1033 εἰπε,
672 998 721 1036 [ω
745 997 857 1035 ῥήματι·
878 1006 894 1027 R

86 1047 177 1083 ἐπειδὴ
191 1048 242 1088 γὰρ
254 1049 284 1077 τὸ
300 1050 373 1087 ῥ’ἦμα
383 1047 445 1085 παρ’
458 1046 547 1083 ἡμῖν
535 1057 565 1084 ἲιι
558 1044 610 1073 ιλὸν
627 1046 694 1072 εἶναι
708 1043 795 1079 δοκεῖ,
810 1043 859 1071 δει-

86 1106 176 1124 κνυσιν
191 1106 232 1123 οτι
255 1096 302 1123 οὐκ
326 1093 382 1122 ἔστι
405 1091 481 1131 ψιλον
507 1090 550 1120 ἐπι
565 1091 645 1120 Θεοῦ.
670 1089 740 1118 Ἀ)λ’
755 1088 795 1117 ὅτι
812 1089 844 1126 μὲ
847 1101 860 1116 ν

85 1142 124 1180 τῷ
139 1139 239 1180 ῥηματι
253 1139 341 1179 φέρει,
354 1141 427 1168 εἰπε-ε’
442 1137 472 1166 τὸ
489 1135 516 1166 δὲ
532 1137 588 1169 πῶς
602 1147 640 1164 τω
657 1135 757 1174 ῥήματι
772 1147 802 1174 φε
791 1135 833 1181 ζξρ
822 1147 861 1168 ι,

86 1186 175 1215 οὐκέτι.
189 1185 366 1225 προσέθηκεν·
387 1182 446 1213 οῦδὲ
467 1182 518 1221 γὰρ
537 1181 645 1210 ουνατὸν
666 1180 771 1210 εἰδέναι.
794 1158 862 1209 lit-mi

86 1232 203 1271 ἐπήγαγε
214 1231 274 1271 περὶ
284 1233 332 1266 ri:
346 1229 548 1269 μεγαλειότητος
562 1229 649 1257 αὐτοῦ.
659 1226 740 1256 Οὕτω
749 1226 800 1265 γὰρ
815 1234 863 1262 κοῦι

86 1281 100 1307 ὁ
113 1278 238 1313 Ἰωάννης
247 1277 389 1312 πεποίηκεν
399 1288 405 1293 ·
418 1274 498 1304 εἰπὼν
508 1274 560 1313 γὰρ
574 1274 615 1302 ὅτι
625 1272 693 1306 Θεός
703 1274 784 1308 ἔστιν,
797 1273 861 1308 ἐπή-

87 1337 152 1381 γαγε
165 1326 212 1360 τῆς
223 1324 332 1355 κτίσεως
341 1322 388 1358 τὴν
407 1320 589 1360 δημιουργίαν.
601 1319 689 1358 ‘'Oi-rep
702 1318 752 1358 γὰρ
764 1320 861 1351 ἐκεῖνος

86 1369 194 1409 ᾐνίξατο
208 1369 299 1405 εἰπὼν,
311 1368 357 1397 Ἐν
373 1369 444 1407 ἀρχῇ
458 1379 490 1402 ην
504 1368 518 1394 ὁ
532 1365 630 1404 Λόγος,
646 1364 701 1400 καὶ,
715 1364 840 1393 Πάντα
825 1366 859 1392 σι’

87 1417 166 1445 αὐτοῦ
182 1415 299 1454 ἐγένετο,
313 1425 389 1443 τουτο
403 1425 448 1442 και
463 1414 536 1444 οὗτος
553 1410 596 1440 διὰ
610 1423 655 1440 του
676 1409 793 1449 ῥήματος
814 1421 859 1438 και

86 1464 131 1491 τοῦ
144 1463 237 1497 εἰπεῖν,
251 1460 295 1489 Δι
304 1462 333 1488 οὓ
348 1459 393 1488 καὶ
407 1470 466 1491 τους
480 1459 576 1489 αἷωνας
591 1455 723 1492 ἐποίησεν,
737 1457 776 1484 ἐνε
766 1455 857 1494 'W

85 1508 131 1538 καὶ
148 1507 199 1548 γὰρ
214 1507 259 1536 καὶ
274 1505 442 1545 δημιουργὸν,
464 1504 509 1533 καὶ
531 1504 582 1542 πρὸ
604 1504 710 1533 πάντων
725 1503 788 1531 ὄντα
804 1505 856 1531 τῶν

119 1606 128 1617 ²
147 1598 224 1631 [Leg.
237 1600 366 1626 ὑπήκουσεν.
381 1596 494 1619 Mutian.
508 1594 631 1620 obedivit.
643 1593 773 1628 Dunaeus.]

120 1646 130 1657 ²
151 1639 203 1661 Huc
214 1636 304 1660 ‹tvsinii
318 1635 429 1660 numina
443 1635 469 1658 11
485 1633 508 1658 in
521 1633 670 1658 colbertino
681 1653 687 1664 ,
702 1634 744 1658 ubi
757 1640 846 1658 caetera

655 160 669 182 Α
676 161 696 182 t)
725 159 880 182 imunt-tos
887 174 894 180 .

924 159 998 181 cn‘.
1026 159 1049 180 Ι.
1079 158 1196 180 ttOMtL.
1227 158 1262 180 ll.
1609 158 1649 179 2'.)

947 220 977 246 3.
995 218 1138 254 Quomodo
1152 228 1224 256 ergo,
1240 229 1328 256 quaeso
1346 225 1380 253 te,
1397 218 1472 255 dicis,
1487 229 1502 246 o
1518 218 1650 255 haeretice,

908 274 969 294 cum
981 263 1110 303 scriptum
1121 264 1173 292 sit:
1187 264 1283 298 Dia-it,
1297 265 1393 302 inquit,
1407 265 1496 299 Deus,
1510 266 1579 292 Fiat
1590 265 1651 296 lux.
1667 288 1707 306 ,ἐμ
1748 295 1751 304 .

909 311 1014 339 Patrem
1022 309 1146 349 jussisse,
1157 310 1257 338 Filium
1272 317 1361 339 autem
1375 310 1529 339 obediisse?
1543 310 1597 340 Sed
1610 322 1650 339 ec·
1669 303 1672 306 Δ

909 367 938 386 ce
948 356 991 386 hic
1003 366 1109 395 quoque
1122 355 1178 395 ipse
1188 356 1268 385 verbo
1281 356 1344 385 facit
1355 368 1360 383 ι
1371 367 1442 392 narn,
1456 358 1650 396 Portansqne.

909 402 1005 441 inquit,
1023 404 1142 435 omnia‚·
1158 401 1209 430 hoc
1222 409 1276 439 est,
1293 402 1459 440 gubernans,
1475 413 1533 440 quae
1550 403 1651 431 cadunt

908 448 1034 477 continet.
1050 449 1109 477 Non
1131 455 1169 477 est
1191 448 1261 476 enim
1282 449 1370 476 miuus
1393 448 1542 485 continere,
1569 460 1776 492 quamluiuws>sv

908 494 1039 524 mundum
1056 494 1163 532 fecisse;
1187 494 1232 523 sed
1247 494 1268 523 si
1285 495 1408 524 mirabile
1428 495 1530 533 aliquid
1544 502 1649 534 oportet
1662 503 1770 523 mun-¹11...

1661 543 1696 554 Πι-
1699 543 1734 554 ivr
1746 551 1750 557 ,

909 541 1013 577 dicere,
1027 548 1066 570 est
1078 541 1157 570 etiam
1172 542 1267 581 majus.
1280 542 1349 570 Nam
1363 541 1430 570 illud
1444 541 1554 580 quidem
1567 549 1648 570 estex

911 633 1047 673 relapsura
1061 633 1097 662 ad
1120 633 1236 662 nibilum
1259 633 1394 662 continere
1407 640 1431 662 et
1447 634 1516 662 inter
1530 643 1557 662 se
1569 634 1649 662 dissi-
1663 638 1731 652 ⁵²¹⁸³¹

911 678 1000 707 dentia
1014 678 1183 718 conjungere,
1193 678 1244 707 hoe
1256 685 1295 707 est
1307 689 1436 718 magnum
1449 685 1474 708 et
1486 678 1655 715 admirabile,

912 731 937 753 et
948 723 1078 753 indicium
1095 734 1198 763 magnae
1211 725 1329 753 virtutis.
1342 724 1446 753 Deinde
1460 724 1602 754 ostendens
1614 726 1654 753 sa-

912 770 1051 804 cilitatem,
1067 769 1151 805 dixit,
1166 770 1295 798 Portans
1308 780 1354 799 seu
1370 770 1463 799 ferens.
1479 771 1538 799 Non
1563 770 1652 803 dixit,

913 814 1083 852 Gubernans,
1096 826 1111 843 a
1127 815 1279 854 metaphora
1295 826 1385 844 eorum
1395 816 1441 854 qui
1454 815 1542 855 digito
1554 817 1655 846 solum—

913 861 992 890 modo
1005 860 1109 899 aliquid
1124 868 1242 898 movent,
1258 868 1283 890 et
1298 861 1419 890 efficiunt
1433 869 1462 890 ut
1477 863 1655 892 circumfera-

914 914 965 936 tur.
982 908 1031 936 Hic
1043 907 1156 935 ostendit
1171 918 1294 946 magnam
1308 908 1389 937 etiam
1403 909 1501 938 molem
1513 919 1568 938 esse
1581 920 1656 938 crea—

913 960 990 987 turae,
1012 951 1041 980 id
1061 952 1133 990 quod
1150 963 1277 991 magnum
1292 961 1329 982 est
1346 954 1369 982 ci
1385 954 1453 983 nihil
1475 965 1539 984 esse.
1553 955 1657 984 Deinde

914 1009 1007 1027 rursus
1029 997 1145 1026 ostendit
1159 998 1230 1036 quod
1245 998 1271 1027 id
1287 1000 1366 1028 saciat
1380 999 1445 1029 eitra
1460 1000 1589 1036 laborem,
1610 1001 1658 1029 di-

914 1055 986 1081 cens,
1005 1046 1099 1073 Verbo
1113 1047 1233 1073 virtutis
1255 1056 1322 1073 51111'.
1345 1047 1425 1075 Recte
1438 1047 1519 1081 dixit,
1542 1049 1656 1076 Verbo.-

915 1101 977 1120 nam
989 1090 1116 1129 quoniam
1127 1090 1239 1118 verbum
1253 1090 1324 1129 apud
1341 1102 1388 1119 nos
1399 1092 1506 1121 videtur
1519 1103 1575 1122 esse
1588 1093 1659 1122 exile

916 1143 941 1166 et
955 1143 1043 1171 tenue,
1071 1135 1187 1165 ostendit
1207 1135 1234 1164 id
1257 1146 1309 1164 non
1326 1147 1382 1166 esse
1402 1138 1473 1167 exile
1489 1146 1514 1167 et
1538 1146 1616 1168 tenue
1630 1140 1658 1168 in

918 1184 984 1212 Deo.
1004 1181 1058 1212 Sed
1070 1181 1143 1220 quod
1153 1181 1264 1220 quidem
1278 1182 1362 1211 verbo
1377 1189 1477 1221 portet,
1494 1183 1579 1221 dixit5
1592 1196 1660 1223 quo-

917 1229 997 1258 modo
1011 1236 1100 1258 autem
1122 1228 1206 1257 verbo
1229 1235 1333 1268 portet,
1357 1239 1524 1268 nequaquam
1538 1230 1636 1269 adjecit
1651 1244 1657 1259 ε

918 1286 1004 1315 neque
1014 1275 1086 1304 enim
1098 1274 1160 1304 sciri
1174 1281 1268 1314 potest.
1284 1274 1390 1304 Deinde
1402 1275 1544 1315 subjunxit
1555 1276 1590 1306 de
1603 1277 1660 1316 ejus

916 1322 1062 1361 majestate.
1083 1320 1129 1350 Sic
1150 1321 1222 1348 enim
1242 1320 1304 1349 feeit
1328 1321 1408 1350 etiam
1431 1322 1547 1351 Joannes
1568 1334 1574 1350 ε
1596 1333 1659 1352 nam

916 1377 977 1396 eum
991 1366 1102 1395 dixisset
1117 1365 1191 1404 quod
1205 1366 1240 1394 sit
1255 1367 1338 1402 Deus,
1360 1367 1503 1406 subjunxit
1521 1368 1660 1407 opificium

915 1421 1052 1444 creaturae.
1069 1413 1150 1450 Quod
1172 1413 1243 1442 enim
1268 1413 1314 1442 ille
1339 1415 1415 1443 tacite
1433 1414 1532 1450 innuit,
1548 1415 1656 1451 dicens,

914 1461 951 1487 In
976 1460 1120 1498 principio
1146 1464 1208 1487 erat
1238 1459 1362 1487 Verbum
1373 1481 1382 1494 ‚
1407 1466 1449 1495 et,

914 1505 1006 1541 ipsum
1031 1503 1118 1540 facta
1152 1508 1238 1536 sunt,

1476 1461 1584 1489 Omnia
1607 1472 1660 1499 per

1270 1502 1321 1531 hoc
1347 1502 1447 1531 Paulus
1476 1514 1582 1542 quoque
1610 1516 1657 1544 per
1670 1501 1714 1552 [γ’

897 1594 981 1618 omnia
992 1592 1176 1618 desaderfflstur-
1190 1594 1255 1625 [ΡΓΟ
1265 1606 1339 1627 περιρ.
1353 1594 1393 1619 alii
1410 1599 1523 1630 pipefflzt.
1533 1596 1655 1623 Neutrum

897 1634 1017 1665 expressit
1031 1633 1105 1665 Mat]

508 1746 683 1775 MUTIANO
705 1746 958 1776 SCHOLASTICO
979 1746 1232 1776 INTERPRETE.

119 1843 147 1871 5.
162 1840 255 1870 Solent
270 1837 375 1866 Arriani
389 1846 536 1876 proponere
550 1847 556 1863 :
569 1836 641 1874 quia,
657 1846 718 1864 cum
730 1835 843 1865 dixisset
860 1838 948 1871 Deus,
967 1839 1038 1866 Fiat
1058 1838 1110 1866 lux
1122 1861 1129 1872 ‚
1153 1839 1233 1867 Patet·
1247 1840 1414 1879 praeceperit,
1440 1841 1524 1871 Filius
1541 1843 1652 1874 obedie-

1660 576 1701 595 (μω
1705 575 1724 586 ιιι
1735 575 1769 616 ιρι».

910 588 996 616 nihilo
1010 587 1114 626 aliquid
1135 587 1301 626 producer·e
1315 598 1373 626 quae
1385 588 1453 617 sacta
1471 594 1532 616 sunt
1550 595 1649 624 autem,
1663 603 1743 625 mnu·

1708 1510 1728 1520 ι’*
1756 1510 1760 1522 1

81 1888 117 1917 rit
133 1901 139 1916 :
155 1886 200 1916 scd
213 1895 274 1915 ecce
285 1883 450 1913 ostendimus
464 1883 526 1921 quia
544 1893 592 1911 suo
605 1882 686 1911 verbo
701 1889 795 1911 cuncta
809 1883 928 1922 perfecit.
941 1885 1062 1922 Fer-ens,
1077 1885 1174 1923 inquit,
1193 1888 1312 1920 onmia,-
1327 1887 1378 1916 hoc
1391 1894 1430 1916 est
1444 1889 1596 1927 gubernans
1608 1904 1614 1919 ι
1629 1899 1652 1927 si

81 1934 189 1974 quidem
202 1932 324 1963 cadentia
339 1931 411 1960 etad
427 1930 546 1959 nihilum
568 1928 701 1958 tendentia
722 1929 846 1959 continet.
863 1931 922 1959 Non
940 1931 1014 1961 enim
1034 1931 1124 1960 minus
1144 1939 1183 1961 est
1197 1933 1332 1963 continere
1353 1935 1496 1973 mundum,
1520 1948 1599 1975 quam
1613 1940 1651 1967 se-

80 1984 162 2019 cisse;
177 1981 221 2010 sed
235 1981 257 2011 si
269 1986 372 2019 oportet
384 1977 488 2017 aliquid
502 1977 631 2006 audacius
657 1976 762 2014 dicere,
781 1977 870 2005 adhuc
888 1978 1005 2016 amplius
1025 1985 1074 2007 est.
1093 1979 1163 2007 Nam
1186 1979 1212 2007 in
1233 1980 1353 2009 faciendo
1368 1982 1477 2020 quidem
1489 2006 1497 2018 ‚
1515 1995 1548 2013 ex
1568 1987 1652 2015 nullis

79 2029 246 2059 exstantibus
260 2037 350 2056 rerum
364 2025 482 2055 essentiae
493 2024 630 2065 productae
642 2031 703 2053 sunt
715 2036 723 2061 ;
737 2025 763 2053 in
778 2023 938 2053 continendo
947 2034 1011 2054 vero
1023 2035 1052 2053 ea
1067 2035 1126 2063 quae
1137 2026 1206 2054 sacta
1219 2033 1295 2062 sunt,
1309 2037 1341 2055 ne
1352 2028 1386 2056 ad
1400 2029 1516 2059 nihilum
1532 2033 1650 2068 redeant,

79 2077 257 2107 continentur.
281 2074 331 2104 tlic
345 2083 408 2112 ergo
429 2073 495 2102 dum
518 2079 661 2111 reguntur,
682 2079 707 2100 et
727 2072 762 2100 ad
780 2071 895 2100 invicem
918 2072 970 2100 sibi
994 2072 1171 2112 repugnantia
1192 2080 1364 2112 coaptantur,
1379 2085 1506 2114 magnum
1529 2085 1556 2107 ct
1570 2080 1650 2110 valde

80 2124 220 2161 mirabile,
237 2122 412 2162 plurimaequc
422 2120 532 2149 virtutis
547 2119 677 2148 indicium
690 2119 852 2148 declaratur.
872 2119 993 2148 Dicendo
1005 2126 1108 2156 autem,
1122 2122 1233 2149 Ferens
1244 2143 1250 2155 ‚
1266 2121 1422 2152 facilitatem
1438 2124 1591 2156 continendi
1603 2139 1649 2157 vo-

81 2172 132 2200 luit
150 2171 298 2210 designare.
320 2170 378 2198 Non
394 2169 464 2198 enim
477 2168 568 2206 dixit,
587 2168 765 2202 Gubevnans,
784 2168 829 2196 sed
849 2178 882 2196 ex
898 2168 1053 2208 metaphora
1071 2178 1164 2197 eorum
1178 2168 1225 2207 qui
1240 2169 1296 2198 sine
1314 2170 1370 2199 ullo
1391 2170 1483 2201 labore
1496 2173 1583 2212 digito
1605 2177 1647 2205 vel

83 2225 189 2247 movent
202 2216 303 2255 aliquid
318 2216 361 2245 vel
374 2215 503 2244 efficiunt.
524 2215 574 2244 Hic
593 2215 676 2244 etiam
697 2215 794 2244 molem
811 2221 940 2243 creatura:
955 2215 1221 2254 magnitudinemque
1240 2215 1388 2254 significat,
1406 2225 1430 2247 et
1445 2221 1569 2257 quamvis
1590 2233 1648 2251 ma-

83 2275 134 2304 gna
156 2263 191 2293 sit
201 2285 208 2298 ,
229 2263 269 2291 illi
281 2270 368 2291 tamen
381 2262 463 2291 veluti
477 2262 547 2291 nihil
561 2269 607 2291 est.
624 2262 677 2292 Sed
691 2262 771 2291 etiam
785 2261 916 2298 dicendo,
939 2263 1032 2291 Verbo
1047 2265 1168 2292 virtutis
1182 2273 1251 2299 sure,
1272 2263 1435 2302 significavit
1453 2265 1561 2305 iterum,
1575 2270 1648 2307 quod

82 2311 138 2340 sine
151 2309 243 2339 labore
256 2314 350 2338 cuncta
363 2309 503 2338 contineat.
515 2308 550 2337 Et
561 2309 629 2338 bene
647 2308 736 2344 dixit,
762 2310 854 2338 Verbo
868 2311 988 2338 virtutis
1002 2319 1060 2338 511ae
1071 2321 1081 2337 :
1095 2309 1168 2348 apud
1185 2319 1231 2338 nos
1252 2309 1354 2349 quippe
1374 2311 1486 2341 verbnm
1505 2314 1607 2343 nudum
1617 2326 1648 2343 ac

82 2357 192 2386 volatile
206 2363 243 2385 est
260 2370 267 2386 ι
283 2355 398 2385 ostendit
413 2363 500 2385 autem
515 2356 576 2395 quia
590 2357 616 2385 in
631 2358 687 2386 Deo
700 2357 797 2384 nonita
812 2363 859 2385 cst.
875 2356 999 2391 Qualiter
1012 2363 1100 2385 autem
1116 2356 1200 2384 verbo
1210 2356 1318 2384 virtutis
1331 2367 1386 2386 suae
1401 2365 1495 2387 cuneta
1506 2360 1648 2395 contineat,

83 2415 135 2434 non
149 2403 264 2439 addidit,
275 2402 339 2441 quia
356 2403 483 2442 possibile
496 2414 548 2432 non
561 2410 599 2432 est
615 2403 687 2432 istud
702 2414 852 2443 agnoscere.
864 2403 969 2433 Deinde
979 2404 1070 2433 intulit
1082 2403 1153 2442 quod
1166 2403 1200 2432 ad
1213 2404 1270 2442 ejus
1286 2404 1451 2444 majestatem
1466 2407 1587 2445 pertinet.
1601 2409 1647 2437 Sie

83 2451 162 2480 ctiam
181 2451 296 2480 =loannes
315 2449 376 2479 fecit
390 2461 395 2476 ι
407 2460 467 2478 cuin
482 2449 553 2479 enim
566 2449 693 2485 dixisset,
716 2449 779 2488 quia
801 2451 874 2479 Deus
894 2457 946 2486 cst,
962 2450 1053 2479 intulit
1071 2449 1145 2489 quod
1168 2450 1247 2478 etiam
1272 2456 1398 2479 creaturae
1419 2450 1511 2490 opifex
1527 2451 1584 2492 ipse
1604 2455 1647 2482 sit.

84 2497 164 2534 Quod
177 2498 247 2528 enim
261 2497 304 2525 ille
316 2497 479 2535 significavit
492 2497 605 2527 dicendo
619 2510 623 2525 :
638 2499 673 2525 ln
688 2499 830 2536 principio
841 2505 904 2527 erat
922 2499 1099 2533 Verbum,ct‚
1109 2499 1214 2526 Omnia
1225 2507 1276 2535 per
1290 2499 1382 2536 ipsum
1392 2496 1483 2537 sacta
1494 2506 1560 2529 sunt
1576 2512 1583 2527 .·
1598 2501 1649 2529 hoe

241 2560 313 2579 Toni.
336 2560 391 2579 xtt.
1492 2561 1509 2579 Ο
