1886 2846
455 186 487 209 IN
515 185 621 209 Et‘tST.

653 183 696 207 AD
722 182 890 207 minua-:OS-
920 180 998 205 CAP.
1027 181 1051 204 1.
1079 180 1198 204 HoMtL.
1228 181 1263 203 tt.

1602 179 1645 214 29

79 247 218 276 ταπεινῶν.
230 247 264 277 Ὁ
279 248 345 281 Θεὸς
362 247 413 287 γὰρ
430 248 565 286 ἅνθρωπος
581 246 700 286 γενέσθαι
715 245 752 284 μὴ
774 247 845 275 ἀπα-
865 247 882 270 C
903 243 1027 272 milium:
1041 253 1102 271 nam
1124 243 1198 270 Deus
1217 241 1297 270 homo
1320 240 1377 269 fieri
1397 249 1448 269 non
1469 239 1644 278 dedignatus,

78 291 189 328 ξιώσας,
204 293 250 322 καὶ
262 294 293 323 τὸ
306 299 419 333 πρᾶγμα
436 293 473 332 μὴ
487 293 718 332 παραιτησάμενος
727 315 734 329 ,
745 293 803 325 πῶς
816 291 846 320 ἂν

77 337 111 367 τὰ
125 339 232 378 ῥήματα
249 340 440 379 παρῃτήσατο,

117 386 201 415 Ταῦτ’
227 382 270 414 οὖν
296 386 391 419 εἰδότες
401 409 408 423 ,
437 386 519 424 μηδὲν
548 384 784 424 ἐπαισχυνώμεῡα,
809 385 846 423 μὴ

77 430 147 469 μέγα
161 433 308 471 φρονῶμεν.
319 433 354 461 Εἰ
364 432 416 471 γὰρ
431 432 506 465 αὐτὸς
522 432 589 464 Θεὸς
603 431 639 459 ὢν
656 432 701 460 καὶ
712 431 848 466 Δεσπότης

78 476 124 505 καὶ
137 478 208 506 Θεοῦ
221 478 300 514 Υἱὸς,
314 480 344 507 οὔ
367 478 542 517 παρῃτήσατο
568 477 670 516 μορφὴν
687 477 778 506 δούλου
797 479 847 506 λα-

78 521 147 551 δεῖν·
158 523 249 562 πολλῷ
264 524 364 561 μᾶλλον
374 525 445 561 ἡμᾶς
459 523 564 552 ἅπαντα
579 525 617 552 δεῖ
629 528 723 559 ποιεῖν,
738 523 786 552 κᾶν
800 534 849 552 τα·-

78 566 156 596 πεινὰ
165 563 192 607 ᾗ.
209 569 294 597 Πόθεν
313 569 377 608 γὰρ,
396 569 454 598 εἶπέ
469 581 529 607 μοι,
545 569 678 608 ἄνθρωπε,
694 569 763 608 με’γα
784 580 849 608 φρο-

80 617 148 649 νεῖς;
161 614 215 643 ἀπὸ
227 616 280 643 τῶν
293 617 439 653 βιωτικῶν;
457 615 525 644 ἀλλὰ
534 618 619 644 ταῦτα
631 616 692 655 πρὶν
703 615 720 650 ἢ
738 617 850 654 φανῆναι

80 660 254 699 παρα-τρέχει.
264 661 334 689 Ἀλλ’
351 661 404 690 ἀπὸ
414 663 465 689 τῶν
478 663 676 699 πνευματικῶνς
692 661 752 689 ἀλλ’
765 661 792 690 ἓν
806 661 851 689 καὶ

80 705 158 732 τοῦτό
171 706 227 734 ἐστι
238 706 398 744 κατόρθωμα
413 706 639 744 πνευματικὸν,τὸ
654 706 690 744 μὴ
705 706 772 745 με’γα
785 718 850 746 φρο-

80 754 142 779 νεῖν.
164 751 216 779 Διὰ
240 751 266 779 τί
287 751 372 780 τοίνυν
397 752 466 790 μέγα
490 756 606 791 φρονεῐς;
633 752 674 780 ὅτι
702 755 851 792 κατορῡοῖς;

79 794 204 825 Ἄκουσον
230 799 276 825 τοῦ
300 798 417 836 Χριστοῦ
441 798 562 836 λέγοντος
573 821 579 833 ,
605 798 692 827 ’Όταν
723 799 852 834 ποιήσητε

79 841 167 870 πάντα
177 865 184 878 ,
200 842 290 882 λέγετε
300 843 341 872 ὅτι
351 845 454 883 ἀχρεῖοι
467 844 553 873 δοῦλοί
568 846 647 882 ἐσμεν
658 857 663 862 ·
677 845 693 873 ἃ
706 844 756 885 γὰρ
769 844 851 884 ὠφεί-

80 888 160 926 λομεν
175 890 300 925 ποιῆσαι,
314 890 511 928 πεποιήκαμεν.
525 889 604 919 Ἀλλὰ
619 890 662 919 διὰ
674 890 718 919 τὸν
740 891 852 919 πλοῦτον

82 933 150 971 μέγα
165 939 282 973 φρονεῖς;
294 935 337 963 διὰ
353 935 392 969 τί,
405 936 463 964 εἰπέ
479 947 536 973 μοι;
549 936 597 964 οὐκ
615 936 728 970 ἤκουσας
742 936 782 965 ὅτι
802 948 853 973 γυ·

83 979 142 1017 μνοὶ
166 980 320 1018 εἰσήλθομεν
335 982 372 1013 εἷς
387 981 431 1009 τὸν
455 981 520 1019 βίον,
542 982 636 1019 γυμνοὶ
651 981 696 1009 καὶ
711 981 854 1010 ἀπελευσό-

83 1028 166 1063 μεθα;
180 1027 280 1063 μᾶλλον
293 1026 319 1055 δὲ
328 1049 335 1062 ,
349 1028 398 1066 οὐχ
411 1028 472 1065 ὁρᾷς
486 1027 545 1059 τοὺς
558 1028 609 1065 πρὸ
625 1029 670 1055 σοῦ
683 1027 795 1065 ἐρήμους
811 1026 855 1056 καὶ

82 1071 193 1110 γυμνοὺς
218 1072 394 1109 ἀπελθόντας;
417 1073 467 1106 Τίς
489 1072 523 1102 τὰ
545 1073 672 1112 ἀλλότρια
695 1073 763 1112 ἔχων
786 1073 855 1112 μέγα

83 1121 171 1158 φρονεῖ
176 1130 184 1154 ;
196 1119 231 1147 Οἱ
241 1117 292 1157 γὰρ
306 1119 461 1157 βουλόμενοι
476 1120 563 1152 αὐτοῖς
576 1122 694 1159 χρῆσθαι
711 1120 746 1153 εἷς
756 1119 855 1148 οἰκείαν

83 1163 166 1201 μόνην
181 1163 337 1201 ἀπόλαυσιν,
346 1167 519 1205 ἀφαιροῦνται
540 1165 605 1194 αὐτὰ
619 1165 665 1194 καὶ
676 1166 797 1201 ἄκοντες,
810 1166 856 1195 καὶ

83 1210 136 1250 πρὸ
145 1209 193 1248 μὲν
201 1213 248 1246 τῆς
259 1213 383 1246 τελευτῆς
393 1212 537 1248 πολλάκις,
550 1213 576 1241 ἐν
589 1211 616 1241 ’δὲ
624 1214 656 1251 τῇ
669 1214 778 1252 τελευτῇ
790 1213 855 1242 πάν-

83 1267 146 1288 τως.
156 1255 226 1285 Ἀλλ’
237 1260 316 1294 ἡμεῖς
328 1258 422 1290 ζῶντες
433 1259 520 1291 αὗτοῖς
528 1280 535 1294 ,
549 1258 638 1298 φησὶν,
652 1260 686 1291 ὡς
699 1259 856 1298 βουλόμεθα,

85 1300 220 1341 χρώμεθα.
236 1302 362 1331 Μάλιστα
379 1303 426 1340 μὲν
448 1303 541 1332 οὐδένα
563 1304 594 1333 ἄν
610 1316 650 1337 τις
668 1304 718 1333 ἴδοι
740 1305 856 1345 ταχέως,

85 1349 120 1379 ὡς
136 1347 273 1386 βούλεται,
285 1352 340 1381 τοῖς
355 1344 411 1377 οῧσι
425 1348 574 1388 χρώμενον·
591 1350 612 1378 εἷ
627 1350 655 1379 δέ
665 1362 704 1383 τις
718 1350 761 1379 καὶ
778 1353 855 1391 χρῷ-

85 1404 116 1422 το
133 1395 168 1425 ὥς
179 1393 318 1432 βούλεται,
332 1394 391 1424 οὐδὲ
404 1398 481 1424 τοῦτο
497 1395 578 1447 μέγα·
595 1395 696 1435 βραχὺς
709 1395 760 1436 γὰρ
775 1398 788 1425 ὁ
798 1408 855 1426 πα-

87 1438 138 1477 ρὼν
157 1438 248 1478 καιρὸς
272 1440 338 1479 πρὸς
364 1439 424 1473 τοὺς
447 1441 544 1474 αἰῶνας
570 1440 630 1473 τοὺς
657 1441 855 1477 ἀτελευτήτους.

85 1484 164 1523 Μέγα
179 1489 299 1524 φρονεῖς,
315 1486 450 1525 ἄνθρωπε,
464 1486 505 1516 ὅτι
520 1487 654 1523 πλουτεῖς
670 1487 738 1520 τίνος
752 1487 856 1524 &venen

85 1533 162 1560 τοῦτο
171 1531 223 1570 γὰρ
236 1531 282 1560 καὶ
293 1533 404 1570 λῃσταῖς
416 1532 592 1572 παραγίνεται
604 1533 650 1561 καὶ
671 1533 798 1568 κλέπταις
811 1534 856 1563 καὶ

87 1577 253 1617 ἀνδροφόνοις
271 1578 316 1607 καὶ
332 1579 461 1617 μαλακοῖς
479 1578 524 1608 καὶ
538 1578 644 1619 πόρνοις
663 1578 708 1608 καὶ
722 1584 789 1610 πᾶσι
803 1585 857 1616 τοῖς

902 295 931 318 ut
952 299 1007 318 rem
1031 299 1083 318 non
1099 287 1251 325 recusavit,
1274 286 1408 325 quomodo
1430 285 1512 315 verba
1536 296 1646 315 recusa-

901 334 970 362 verit
980 333 994 362 Ρ

942 381 971 408 4.
989 380 1052 409 Haec
1069 390 1131 419 ergo
1142 390 1204 408 cum
1215 379 1341 414 sciamus,
1351 378 1462 407 minime
1474 387 1520 406 nos
1534 377 1645 416 pudeat,

902 437 987 465 neque
1009 426 1095 455 altum
1115 426 1259 466 sapiamus.
1285 426 1354 453 Nam
1380 425 1402 454 si
1425 425 1481 465 ipse
1496 435 1556 454 cum
1574 425 1647 453 Dens

903 478 969 500 esset
991 478 1017 500 et
1039 472 1174 501 Dominus
1199 478 1225 500 et
1243 471 1294 500 Dei
1311 470 1417 508 Filius,
1439 481 1491 500 non
1513 470 1647 500 recusavit

903 519 974 548 servi
989 519 1104 548 sormam
1119 519 1272 559 suscipere:
1284 518 1370 547 multo
1385 519 1472 557 magis
1484 529 1533 547 nos
1543 524 1648 557 oportet

904 565 993 594 omnia
1005 565 1099 602 facere,
1113 565 1216 594 etiamsi
1232 565 1285 594 sint
1295 564 1398 604 abjecta
1409 571 1434 593 et
1446 564 1648 593 humiliamur

906 611 1051 647 undenam,
1067 611 1113 641 dic
1136 622 1238 650 quzeso,
1253 622 1269 641 o
1286 611 1384 649 homo,
1404 612 1489 640 altum
1514 611 1606 651 sapis?
1617 621 1650 639 ex

906 657 1081 686 saecularibus
1094 664 1119 686 et
1134 657 1166 686 iis
1184 668 1244 696 quae
1261 657 1294 686 ad
1312 657 1383 687 hanc.
1395 657 1480 686 vitam
1496 657 1651 698 pertinent?

906 702 952 731 sed
967 714 995 731 ea
1013 709 1221 742 praetercurrunt
1238 703 1395 743 priusquam
1409 704 1591 744 apparuerint.
1607 703 1650 731 Ex

906 748 1117 788 spiritualibus?
1139 748 1185 778 sed
1206 749 1258 778 lioc
1274 759 1381 788 quoqne
1401 756 1438 779 est
1458 749 1560 778 bunum
1583 760 1651 789 opus

907 796 1064 835 spirituale,
1079 807 1131 825 non
1153 797 1222 826 clato
1244 807 1299 825 esse
1318 797 1417 826 animo.
1435 797 1491 826 Cur
1505 807 1568 837 crgo
1582 797 1653 826 elato

907 853 933 871 es
950 843 1040 871 animo
1050 843 1063 870 ἶ)
1076 843 1149 881 quod
1163 850 1188 871 te
1200 850 1270 872 recte
1278 843 1447 882 gerasssudi
1457 844 1596 872 Christum
1605 843 1654 872 di-

906 896 1019 921 centem,
1034 890 1159 926 Quando
1178 891 1307 927 feceritis
1327 892 1440 924 omnia,
1454 891 1558 926 dicite,
1572 890 1659 919 Sem-:³
1667 899 1712 921 Lus
1728 908 1735 922 ι
1771 906 1804 921 ιυ-

907 935 1026 964 inutiles
1042 945 1142 963 sumus
1154 947 1162 962 .·
1178 947 1246 964 narn
1266 946 1330 974 quae
1344 937 1518 964 debebamus
1531 936 1650 970 snt-ere,

904 981 1040 1019 fecimus.
1049 982 1082 1008 At
1091 981 1193 1009 efferris
1205 988 1229 1009 et
1241 981 1289 1009 tibi
1302 981 1390 1021 places
1403 989 1512 1021 propter
1522 982 1653 1011 divitias?

871 1055 892 1072 η
909 1025 1014 1063 quare?
1029 1025 1074 1054 dic
1095 1026 1162 1054 mihi
1183 1038 1189 1053 ε
1206 1037 1292 1055 annon
1316 1027 1416 1056 audisti
1438 1028 1509 1066 quod
1525 1027 1590 1056 nudi
1611 1028 1652 1057 in·
1664 1036 1791 1058 Joh.1.21.

873 1083 892 1104 A
909 1072 991 1110 gressi
1006 1082 1099 1101 sumus
1118 1073 1146 1100 in
1167 1073 1236 1101 lianc
1255 1073 1358 1108 vitam,
1375 1080 1400 1102 et
1420 1074 1483 1103 nudi
1498 1075 1656 1104 abibimus?

909 1118 964 1145 imo
983 1127 1035 1146 non
1060 1117 1135 1146 vides
1154 1128 1197 1147 cos
1212 1118 1257 1156 qui
1275 1125 1300 1147 te
1316 1127 1508 1158 praecesserunt
1522 1121 1609 1149 nudos
1629 1128 1655 1150 et

909 1163 1027 1202 abjectos
1040 1163 1220 1193 abscessisse?
1235 1164 1304 1199 Quis
1316 1164 1418 1194 habens
1430 1165 1516 1194 aliena
1526 1189 1533 1203 ‚
1545 1167 1656 1196 effertur

909 1217 934 1239 et
953 1210 1005 1239 sibi
1027 1210 1136 1250 placet?
1149 1211 1219 1239 Nam
1237 1210 1284 1249 qui
1299 1221 1330 1239 ea
1345 1211 1379 1240 ad
1394 1221 1455 1240 suos
1469 1218 1573 1241 tantum
1591 1223 1656 1242 usus

910 1263 1064 1286 convertere
1077 1263 1103 1285 et
1117 1256 1150 1285 iis
1161 1257 1214 1285 frui
1228 1257 1331 1294 volunt,
1341 1257 1393 1298 ipsi
1407 1258 1445 1287 eis
1456 1258 1498 1287 vel
1509 1258 1590 1288 inviti
1600 1259 1655 1298 pri-

909 1309 1018 1339 vantur,
1035 1313 1104 1342 saepe
1117 1303 1197 1332 etiam
1213 1309 1275 1332 ante
1288 1310 1401 1333 mortem
1410 1326 1418 1341 ,
1427 1304 1454 1332 in
1469 1311 1555 1333 morte
1566 1312 1655 1334 autem

909 1347 1028 1378 omnino.
1043 1349 1077 1376 At
1093 1359 1141 1378 nos
1154 1348 1294 1384 viventes,
1309 1349 1416 1388 inquit,
1432 1350 1470 1378 eis
1485 1356 1515 1378 ut
1529 1349 1655 1380 volumus

911 1394 1024 1422 utimur.
1038 1394 1117 1423 Certe
1126 1394 1258 1423 neminem
1268 1394 1321 1424 cito
1334 1394 1436 1424 videris
1447 1402 1476 1424 ut
1487 1395 1546 1425 vult
1556 1396 1596 1424 uti
1610 1397 1653 1424 fa·
1667 1408 1755 1430 nimpe

910 1440 1055 1469 cultatibus
1068 1452 1074 1468 :
1085 1440 1157 1479 quod
1168 1441 1189 1470 si
1199 1441 1342 1479 quisquam
1351 1442 1429 1471 etiam
1443 1448 1473 1471 ut
1483 1442 1541 1471 vult
1553 1449 1653 1480 utatur,
1665 1449 1731 1469 ‘1⁰²⁶’
1739 1442 1809 1462 '¹⁰¹²-

909 1497 943 1515 ne
953 1486 1005 1515 hoc
1019 1493 1056 1516 est
1071 1487 1181 1526 quidem
1196 1498 1325 1527 magnum
1338 1499 1344 1515 ε
1355 1487 1436 1517 breve
1449 1495 1487 1517 est
1501 1488 1572 1517 enim
1583 1499 1654 1528 prae-

873 1541 892 1563 B
910 1544 970 1563 sens
984 1540 1099 1574 tempus,
1107 1534 1130 1563 si
1146 1534 1297 1564 conseratur
1311 1545 1374 1563 cum
1388 1534 1493 1563 sarculis
1516 1535 1654 1574 sempiter-

910 1580 960 1609 nis.
973 1580 1099 1618 metris,
1115 1591 1131 1610 0
1144 1580 1237 1619 homo,
1247 1587 1273 1609 et
1288 1580 1412 1621 gloriaris
1423 1580 1497 1620 quod
1510 1580 1548 1610 sis
1559 1580 1656 1610 dives?

507 1691 684 1722 MUTIANO
704 1691 958 1723 SGHOLASTICO
979 1692 1238 1724 INTERPRETE„

87 1791 241 1829 altioribus,
259 1790 329 1819 sicut
341 1796 366 1819 et
382 1788 511 1819 divinitas
521 1789 673 1821 humilibus
691 1793 891 1823 communicare
907 1793 1018 1833 dignata
1031 1800 1079 1824 est.
1100 1794 1154 1830 Qui
1167 1794 1237 1824 enim
1258 1805 1312 1824 non
1333 1802 1372 1825 est
1391 1795 1473 1825 bomo
1493 1796 1552 1826 fieri
1572 1796 1653 1826 dedi—

87 1846 199 1879 gnatus,
215 1845 241 1868 et
259 1837 306 1876 qui
328 1846 384 1865 rem
404 1836 489 1876 ipsam
504 1847 556 1865 non
575 1837 670 1867 abnuit
685 1850 692 1866 ε
706 1839 842 1877 quomodo
862 1841 920 1880 ipsa
939 1841 1130 1882 repudiaturus
1143 1849 1183 1871 est
1196 1842 1301 1872 verba?

125 1888 155 1916 4.
174 1886 238 1915 Haec
255 1885 345 1923 itaque
359 1890 556 1922 cognoscentes,
569 1884 638 1913 nihil
651 1885 821 1925 impudenter
834 1897 956 1926 agamus,
968 1899 1054 1928 neque
1063 1889 1094 1918 in
1105 1890 1260 1929 superbiam
1274 1890 1454 1920 sublevemur.
1467 1892 1496 1921 Si
1511 1892 1583 1921 enim
1597 1893 1655 1932 ipse

87 1944 150 1964 cum
168 1934 242 1962 Deus
263 1938 331 1961 esset
345 1937 371 1960 et
385 1931 520 1960 Dominus
540 1931 645 1970 Deique
663 1932 762 1970 Filius,
778 1943 830 1962 uon
853 1935 957 1973 respuit
971 1935 1086 1964 formam
1107 1936 1178 1964 servi
1200 1937 1335 1976 suscipere
1350 1949 1357 1966 :
1372 1938 1457 1967 multo
1472 1939 1591 1978 amplius
1605 1950 1653 1968 nos

86 1986 190 2020 oportet
207 1985 301 2008 cuncta
315 1977 455 2018 perficere,
471 1984 497 2006 et
508 1977 623 2007 humilia
638 1985 733 2007 cuncta
751 1979 872 2009 tolerare.
883 1981 935 2009 Dic
948 1981 1021 2010 enim
1032 1981 1099 2010 mibi
1107 2004 1116 2019 ‚
1127 1992 1144 2011 ο
1158 1982 1256 2019 homo,
1267 1993 1301 2012 ex
1314 1994 1367 2022 qua
1381 1994 1422 2021 re,
1438 1984 1481 2013 vel
1501 1995 1550 2013 cur
1563 1985 1653 2024 sapias

86 2026 204 2056 altiora?
217 2036 282 2054 num
295 2025 330 2054 de
345 2024 519 2064 prosperitate
536 2025 650 2054 saecuti?
662 2025 710 2054 sed
727 2026 784 2055 haec
806 2034 948 2066 antequam
963 2034 1063 2067 pareat,
1077 2028 1146 2056 sicut
1161 2028 1251 2058 sumus
1271 2030 1415 2060 evanescit.
1435 2032 1507 2059 Num
1521 2041 1555 2060 ex
1569 2031 1653 2070 spiri-

86 2074 204 2104 tualibus
215 2074 242 2102 in
256 2072 372 2102 sublime
385 2072 555 2101 sustolleris?
571 2072 616 2102 sod
630 2073 709 2102 etiam
724 2073 776 2103 hoc
790 2084 874 2103 unum
887 2082 924 2103 est
943 2075 1124 2114 spiritualium
1141 2086 1242 2111 rerum,
1257 2083 1287 2105 ut
1301 2076 1386 2106 altum
1406 2087 1459 2107 non
1474 2078 1570 2117 sapias.
1597 2078 1652 2107 Cur

85 2131 149 2161 ergo
164 2120 250 2150 altum
261 2119 354 2159 sapis?
368 2129 402 2148 an
416 2125 442 2148 te
452 2126 626 2158 assequutum
641 2126 748 2149 cunctas
758 2121 870 2150 virtutes
885 2121 1022 2150 existimas
1031 2121 1045 2150 Ρ
1060 2121 1177 2151 Adverte
1194 2122 1332 2152 Christum
1342 2122 1486 2160 dicentem,
1501 2124 1564 2163 quia
1577 2126 1649 2154 Cum

77 2169 212 2208 feceritis
226 2167 288 2196 haec
308 2168 424 2203 omnia,
438 2166 526 2196 dicite
539 2170 680 2206 quoniam
699 2169 818 2198 inutiles
837 2172 914 2198 servi
927 2179 1026 2198 sumus
1040 2181 1049 2197 .·
1066 2180 1135 2199 nam
1151 2171 1329 2210 quaesacere
1347 2172 1532 2209 debebamus,
1548 2177 1648 2202 omm'a

83 2215 269 2255 perfecimus.
283 2215 324 2242 An
338 2224 388 2253 pro
401 2213 506 2243 divitiis
527 2215 554 2243 in
575 2215 730 2254 superbiam
748 2216 922 2246 sublevaris?
938 2227 1024 2246 nonne
1037 2217 1112 2246 vides
1133 2228 1224 2247 omnes
1244 2218 1291 2256 qui
1313 2225 1374 2247 ante
1389 2225 1413 2248 te
1426 2219 1544 2258 suerunt,
1559 2220 1648 2249 nudos

86 2262 150 2290 hinc
161 2271 192 2290 ac
207 2261 326 2290 desertos
335 2261 414 2290 rebus
423 2261 548 2291 omnibus
557 2262 732 2292 discessisse?
746 2274 834 2293 nonne
847 2265 914 2294 nudi
928 2265 1040 2304 ingressi
1053 2276 1148 2294 sumus
1162 2266 1189 2294 in
1202 2265 1271 2294 hanc
1288 2266 1371 2295 vitam
1380 2289 1388 2303 ,
1403 2266 1468 2296 nudi
1480 2278 1588 2306 quoque
1601 2278 1648 2296 su-

86 2320 147 2338 mus
163 2308 286 2337 exituri?
300 2308 433 2347 numquid
455 2308 533 2339 debet
553 2311 698 2350 quisquam
720 2311 767 2350 qui
790 2312 907 2352 possidet
931 2313 1028 2351 aliena,
1049 2313 1181 2353 superbus
1200 2313 1347 2343 exsistere?
1359 2314 1413 2349 Qui
1428 2314 1499 2344 enim
1514 2314 1648 2345 voluerint

86 2357 145 2386 istis
156 2355 332 2385 saecutaribus
345 2355 381 2384 ad
392 2355 476 2385 solam
491 2358 530 2386 uti
547 2358 683 2398 propriam
698 2359 875 2398 voluntatem,
890 2360 1017 2390 amittunt
1031 2371 1061 2390 ea
1077 2360 1158 2390 etiam
1170 2361 1298 2397 nolentes,
1314 2368 1339 2390 et
1352 2361 1462 2400 quidem
1478 2362 1574 2402 saepius
1586 2367 1649 2390 ante

87 2409 201 2432 mortem
211 2413 218 2439 ς
229 2402 255 2431 in
272 2402 329 2442 ipsa
351 2413 416 2431 vero
437 2410 523 2433 morte
545 2404 747 2435 inevitabiliter.
761 2406 815 2436 Sed
828 2417 876 2437 nos
892 2408 943 2445 eis,
958 2408 1065 2447 inquis,
1081 2408 1203 2438 viventes
1216 2407 1285 2437 sicut
1306 2408 1449 2447 volumus,
1461 2409 1573 2438 utimur.
1589 2407 1648 2446 Ego

87 2458 178 2480 autem
197 2457 303 2480 econtra
317 2449 377 2479 dico
397 2451 460 2490 quia
476 2453 562 2492 magis
575 2454 680 2483 nullum
696 2455 774 2484 facile
793 2456 893 2495 poteris
905 2457 1036 2495 invenire,
1050 2457 1096 2496 qui
1121 2457 1190 2486 sicut
1206 2457 1266 2486 vult
1279 2456 1359 2486 rebus
1373 2457 1540 2487 exstantibus
1551 2456 1648 2485 abuta-

90 2503 134 2526 tur
146 2509 152 2525 ι
164 2496 235 2536 quod
250 2496 271 2526 si
287 2497 367 2526 etiam
377 2497 439 2536 quis
455 2505 546 2527 utatur
559 2506 587 2528 ut
600 2500 674 2537 velit,
685 2501 752 2530 nihil
769 2501 819 2531 hoc
833 2513 961 2542 magnum
972 2509 1066 2543 putare
1079 2502 1216 2532 debemus,
1227 2502 1321 2531 Brevis
1335 2509 1374 2531 est
1386 2513 1501 2541 namque
1514 2502 1568 2531 vita
1579 2512 1650 2541 pra-‘-

90 2546 171 2574 sentis
185 2544 326 2584 temporis,
339 2545 365 2574 in
386 2546 586 2586 comparatione
600 2548 688 2579 saeculi
703 2549 866 2589 sempiterni.
886 2550 977 2580 Altum
992 2551 1073 2590 sapis,
1089 2562 1105 2579 o
1126 2550 1216 2588 homo,
1229 2549 1291 2588 quia
1303 2549 1380 2580 dives
1391 2550 1441 2580 es?
1456 2561 1512 2587 cur,
1527 2550 1648 2585 obsecro,
