1906 2846
474 168 504 189 'N
534 168 642 190 El‘lST.
670 167 716 190 AD
743 166 909 190 111313RAE05.
939 166 1017 189 CAl‘.
1047 167 1080 189 X.
1107 168 1226 191 HOMlL·
1256 169 1315 191 ΧΧ.
1607 172 1669 206 271

107 230 176 260 ἀλλὰ
190 230 290 259 δέδοικε
311 230 356 258 καὶ
372 230 479 269 τρέμει,
495 233 576 266 σ’ἧτας
594 231 639 260 καὶ
653 231 686 260 τὰ
707 231 775 260 ἄλλα
788 230 821 259 τὰ
837 232 879 268 βι-

107 275 237 315 ῧρώσκειν
260 275 371 304 εἰωθότα
393 277 565 306 ἀποσοὸοῧσα
575 301 582 312 ,
597 278 643 306 καὶ
666 277 700 307 τὰ
721 277 829 306 πλείονα
852 278 878 305 ἐν

109 321 200 360 μύροις
213 321 258 350 καὶ
274 321 399 361 ἁρώμασι
412 325 529 357 τιθεῖσα,
539 323 595 352 οὐδὲ
607 329 688 352 πᾶσιν
702 323 879 362 ἐπιτρέπουσα

107 370 154 402 τῆς
163 367 247 406 ὅψεως
258 362 452 402 κάταξιωῠῆναι
469 369 584 404 ἐκείνης,
598 371 656 397 ἀλλ’
673 368 740 404 αὐτὴ
753 368 880 401 πολλάκις

109 412 177 451 μετὰ
190 415 236 442 τοῦ
251 413 343 452 ἀνδρὸς
354 417 436 443 ταῦτα
450 415 595 443 διειτιΟεῖσα
609 415 750 452 ἐπιμελῶς.

149 551 208 579 Οὐκ
223 550 345 586 εἰκότως,
361 550 418 580 εἰπέ
434 563 492 589 μοι,
516 551 732 590 εἷδωλολατρείαιν
749 550 795 586 τὴν
814 552 880 580 πλε-

108 595 207 629 ονεξίαν
222 596 344 625 ἐκάλεσεν
361 599 375 625 ὁ
390 598 511 633 Παῦλος,
526 597 614 632 ³05·er
626 597 679 637 γὰρ
691 599 783 626 ἐκεῖνοι
799 596 879 634 τιμὴν

108 642 170 682 περὶ
191 642 225 671 τὰ
240 642 336 671 εἴδωλα
358 643 568 678 ἐπιδείκνυνται,
590 644 720 679 τοσαύτην
743 643 788 672 καὶ
809 638 880 671 οὗτοι

108 687 169 728 περὶ
183 687 216 716 τὰ
233 687 344 725 ἱμάτια,
360 689 441 728 “περὶ
463 688 496 717 τὰ
510 688 614 728 χρυσία.
634 689 722 728 Μέχρι
735 689 804 721 τίνος
819 688 880 728 βόρ-

109 733 186 775 ὅορον
211 735 403 772 ἀνακινοῧμενς
423 734 502 774 μέχρι
528 735 596 767 τίνος
619 737 657 773 τῷ
679 736 758 773 ττι-,λῷ
779 735 824 763 καὶ
847 737 880 773 τῇ

108 779 229 820 πλινθείᾳ
245 780 456 819 apamiensem
473 781 577 820 ιὨσπερ
591 781 642 819 γὰρ
656 783 748 810 ἐκεῖνοι
771 783 809 820 τῷ
830 781 881 809 τῶν

109 825 263 865 Αἰγυπτίων
280 827 384 864 βασιλεῖ
397 826 520 864 ἔκαμνον,
535 826 603 855 οὕτω
617 827 662 855 καὶ
675 829 751 865 ἡμεῖς
765 828 803 865 τῷ
822 827 882 854 δια-

110 871 181 911 δᾶλῳ
193 871 339 910 κάμνομεν,
354 872 400 900 καὶ
416 872 598 911 μαστιζόμεῡα
615 872 681 902 πολὺ
695 872 883 912 χαλεπωτέρας

111 917 251 955 μάστιγας.
267 917 320 946 Καὶ
337 918 374 955 μή
390 930 448 946 τινα
463 918 612 958 ὑπερίολὴν
628 920 765 956 καταγνῶς
779 921 824 946 τοῦ
837 918 882 946 λό-

703 963 715 978 ¹'
727 963 757 978 *³*
767 962 884 1002 τοσούτῳ

110 975 157 1002 γου
169 975 175 980 ·
193 963 246 1003 ὅσῳ
260 962 310 1002 γὰρ
325 963 451 1003 κρείττων
466 964 588 1002 σώματος
600 964 671 1003 ψυχὴ
681 986 688 997 ,

111 1009 216 1048 φροντὶς
229 1009 368 1047 μωλώπων
381 1011 562 1048 μαστιζόμεθα
572 1012 630 1038 καθ’
643 1010 757 1044 ἑκάστην
769 1009 882 1047 ἡμέραν,

112 1055 264 1093 δεδοίκαμεν
279 1055 475 1094 φροντίζοντες,
489 1055 640 1095 τρέμοντες.
659 1055 730 1084 Ἀλλ’
750 1055 794 1084 ἐὰν
809 1055 883 1089 Θελή-

111 1112 198 1139 σωμεν
213 1100 349 1136 στενάξαι,
364 1100 409 1129 ἐὰν
428 1101 580 1139 Θελήσωμεν
595 1100 743 1138 ἀναὸλέψαι
759 1100 824 1139 πρὸς
838 1100 882 1128 τὸν

110 1146 190 1181 Θεὸν,
204 1145 306 1184 πέμπει
319 1148 383 1184 ἡμῖν
406 1148 435 1175 οὗ
459 1146 591 1180 Μωῦσέα,
611 1146 670 1174 οὐδὲ
686 1145 798 1185 Ἀαρὼν,
814 1145 882 1174 ἀλλὰ

109 1192 153 1221 τὸν
177 1194 255 1220 αὑτοῦ
276 1191 353 1230 λόγον
381 1192 426 1221 καὶ
453 1192 501 1228 τὴν
519 1192 669 1225 κατοίνυξιν.
695 1193 781 1224 Οὗτος
797 1191 882 1220 τοίνυν

110 1236 202 1273 ἐλθὼν,
216 1237 261 1265 καὶ
281 1237 423 1277 καταπιὼν
439 1239 515 1276 ἡμῶν
531 1237 577 1270 τὰς
597 1237 696 1277 ψυχὰς,
714 1236 884 1276 ἐλευΟερώσει

111 1285 158 1318 τῆς
172 1283 290 1315 δουλείας
302 1286 349 1318 τῆς
360 1289 457 1324 πικρᾶς
468 1288 540 1323 ἡμᾶς
549 1308 556 1321 ,
569 1284 654 1318 ἐξάξει
667 1287 739 1322 ἡμᾶς
756 1284 781 1318 ἐξ
797 1283 883 1322 Αἰγύ-

111 1341 177 1358 πτου
189 1350 196 1362 ,
213 1331 260 1364 τῆς
280 1329 406 1364 ἀνονήτου
422 1330 467 1358 καὶ
489 1330 667 1368 ματαιοπόνου
688 1331 819 1365 σπουδῆς,
835 1331 882 1364 τῆς

112 1374 230 1407 δουλείας
246 1377 292 1409 τῆς
306 1375 378 1404 οὐδὲν
394 1375 485 1413 κέρδος
505 1375 627 1415 ἐχούσης.
644 1376 760 1405 Ἐκεῖνοι
775 1375 823 1414 μὲν
837 1372 881 1404 οἶν

111 1420 159 1448 κᾶν
175 1420 271 1459 χρυσία
286 1420 410 1453 λαὲόντες
423 1420 540 1456 ἐξῆλθον,
556 1421 599 1449 τὸν
617 1421 709 1460 μισθὸν
723 1424 770 1456 τῆς
786 1422 883 1450 οἰκοδο-

113 1468 164 1503 μῆς
175 1478 181 1483 ·
194 1469 271 1504 ἡμεῖς
283 1466 310 1495 δὲ
322 1466 408 1495 οὐδέν’
424 1467 469 1495 καὶ
482 1468 533 1495 εἴθε
545 1467 626 1505 μηδέν
637 1479 643 1484 ·
656 1469 700 1496 νῦν
712 1467 739 1496 δὲ
749 1467 795 1496 καὶ
805 1469 883 1505 ἡμεῖς

111 1512 282 1551 λαμὲοἱνομεν
306 1513 334 1542 οὖ
359 1513 470 1552 χρυσία,
485 1513 554 1542 ἀλλὰ
578 1513 611 1542 τὰ
633 1513 767 1552 Αἰγύπτου
793 1514 862 1542 κακὰ
873 1536 880 1550 ,

145 1608 154 1618 ²
173 1600 231 1624 Post
244 1599 296 1623 lnce
315 1600 339 1623 iu
352 1599 426 1624 Colb.
447 1600 529 1624 hiatus
547 1599 648 1633 grandis
668 1605 705 1624 est
724 1599 779 1632 plus
796 1608 871 1632 quam

111 1638 218 1662 duarum
229 1639 386 1670 paginarum.

145 1679 157 1696 ¹⁸
175 1677 257 1709 [Hoec
267 1678 337 1710 apud
351 1678 508 1701 Vet’onenses
520 1679 574 1701 sine
587 1686 658 1701 sensu
671 1683 737 1701 sunl.
753 1676 870 1710 (Habent

111 1725 168 1741 cum
182 1718 209 1741 Α.
223 1718 251 1741 Β.
266 1719 363 1750 muers,
377 1719 476 1750 φροντίδι
489 1719 609 1749 ‚amimam
621 1716 660 1748 μ.)
677 1716 760 1741 'Jews
771 1718 872 1740 omnino

891 807 927 826 190

932 236 1068 268 tamquam
1093 229 1216 259 dominos
1243 230 1374 260 animatos
1400 243 1407 258 :
1430 241 1516 269 neque
1539 230 1610 259 enini
1635 232 1673 260 cis

932 275 1038 304 assidue
1053 276 1155 311 utitur,
1169 276 1215 305 scd
1232 277 1307 305 timet
1320 284 1346 305 et
1360 276 1467 314 tremit,
1485 276 1568 306 tineas
1582 283 1608 305 et
1621 277 1673 305 alia

932 333 990 360 quae
1014 323 1099 352 solent
1122 323 1250 353 excedere
1269 324 1395 363 abigens,
1421 331 1447 353 et
1471 324 1551 364 plura
1574 334 1674 364 ponens

898 376 915 398 D
933 366 960 395 in
986 368 1128 406 unguentis
1151 375 1176 397 et
1198 369 1385 406 aromatibus,
1411 379 1496 407 neque
1519 369 1675 408 permittens

932 411 1058 440 omnibus
1078 419 1108 441 ut
1129 423 1158 441 ea
1180 412 1289 441 illorum
1311 413 1397 442 oculis
1417 419 1536 453 pateant,
1554 413 1602 442 sed
1618 413 1675 452 ipsa

933 465 1001 495 saepe
1028 466 1091 485 cum
1115 457 1211 486 marito
1237 467 1267 486 ea
1295 457 1438 496 diligenter
1463 467 1625 496 componens
1651 463 1676 486 et

933 511 1102 531 concinnans.

973 547 1001 575 5.
1017 550 1111 576 Annon
1123 548 1194 587 jure,
1210 547 1256 576 dic
1270 547 1338 576 mibi
1350 570 1357 584 ,
1373 547 1554 576 idololatriam
1569 549 1676 577 vocarit

935 592 1034 622 Paulus
1048 593 1214 622 avaritiam?
1227 594 1315 628 Quem
1332 593 1403 622 enim
1422 593 1464 622 illi
1479 593 1608 622 honorem
1625 603 1677 622 ex—

933 639 1055 668 hibentes
1067 639 1154 676 idolis,
1167 650 1230 668 eum
1242 639 1287 668 isti
1297 650 1403 678 quoque
1414 639 1535 669 vestibus
1547 646 1573 668 et
1581 639 1676 668 aureis.

933 686 1080 724 Quousque
1101 696 1207 715 coenum
1228 685 1391 715 movemus?
1412 696 1553 724 quousque
1573 685 1632 714 luto
1653 692 1679 714 ct

933 729 1064 759 lateribus
1079 730 1155 759 affixi
1167 730 1282 759 sumus?
1294 730 1371 759 Sicut
1383 730 1454 759 enim
1466 729 1506 758 illi
1519 729 1679 758 laborabant

936 775 1128 816 AEgyptiorum
1143 776 1199 815 regi
1214 799 1221 813 ,
1237 776 1275 804 ita
1290 775 1369 805 etiam
1385 785 1432 805 nos
1445 775 1599 804 laboramus
1615 775 1679 804 dia—

899 837 918 856 A
935 822 1012 857 bolo,
1032 829 1056 850 et
1073 821 1164 860 flagris
1184 821 1313 850 caedimur
1334 821 1419 850 multo
1439 821 1622 860 gravioribus.
1643 822 1680 849 Et

935 878 968 896 ne
983 878 1030 907 per
1044 867 1210 907 hyperbolen
1227 866 1256 896 id
1268 867 1372 896 dictum
1384 873 1477 906 putes:
1494 873 1593 905 quanto
1608 866 1680 895 enim

935 913 1024 941 anima
1039 920 1078 941 est
1091 924 1202 952 corpore
1217 913 1400 952 praestantior,
1419 919 1492 942 tanto
1508 912 1680 952 gravioribus

937 970 1063 988 curarum
1078 959 1215 988 vibicibus
1227 959 1395 998 flagellamur
1407 958 1540 997 quotidie,
1554 959 1680 988 timemus

935 1005 1043 1034 solliciti
1056 1013 1081 1034 et
1096 1013 1247 1037 trementes.
1264 1006 1318 1035 Sed
1331 1007 1354 1035 si
1370 1007 1485 1036 velimus
1497 1007 1680 1045 ingemiscere,

935 1052 958 1080 si
973 1051 1088 1080 velimus
1102 1051 1137 1080 ad
1151 1053 1238 1081 Deum
1253 1052 1400 1092 suspicere,
1416 1053 1499 1082 mittit
1514 1053 1550 1082 ad
1564 1064 1612 1083 nos
1627 1064 1680 1083 non

936 1098 1058 1136 Moysen}
1068 1119 1076 1133 ‚
1096 1107 1182 1135 neque
1198 1100 1345 1134 Aaronem,
1362 1097 1409 1126 sed
1428 1098 1542 1127 verbum
1558 1109 1638 1128 suum
1656 1106 1682 1128 et

936 1142 1178 1181 compunctionem.
1201 1144 1261 1182 lpse
1274 1143 1357 1181 igitur
1376 1153 1437 1171 cum
1457 1144 1559 1173 venerit
1579 1151 1605 1173 et
1618 1144 1682 1173 aui-

936 1198 993 1216 mos
1007 1194 1111 1216 nostros
1124 1188 1297 1228 occupaverit
1304 1211 1313 1225 ‚
1328 1188 1455 1217 liberabit
1475 1199 1523 1217 nos
1537 1189 1571 1218 ab
1585 1190 1681 1219 acerba

936 1233 1082 1268 servitute,
1097 1233 1190 1262 educet
1201 1244 1249 1263 nos
1261 1244 1294 1263 ex
1306 1233 1425 1273 AEgypto
1436 1257 1444 1271 ,
1459 1244 1474 1262 a
1487 1234 1578 1263 studio
1592 1236 1682 1264 inutili

935 1286 961 1309 et
974 1280 1074 1309 frustra
1088 1280 1236 1315 laborante,
1253 1287 1278 1309 et
1293 1291 1308 1309 a
1323 1279 1453 1310 servitute
1467 1291 1526 1319 quae
1542 1281 1611 1309 nibil
1628 1282 1680 1310 ha-

934 1327 980 1356 bet
1002 1327 1079 1356 lucri.
1099 1328 1186 1366 Atque
1200 1327 1242 1356 illi
1263 1327 1374 1366 quidem
1389 1334 1452 1356 sunt
1474 1327 1572 1366 egressi
1593 1329 1682 1357 aureis

900 1379 918 1401 Β
935 1373 1050 1414 acceptis
1067 1373 1187 1402 mercede
1201 1373 1403 1403 aedificationis:
1418 1383 1466 1402 nos
1475 1380 1564 1403 autem
1577 1374 1662 1404 nihilo
1675 1386 1682 1403 τ

935 1427 1014 1459 atque
1034 1420 1138 1449 utinam
1159 1420 1264 1450 nihilo!
1288 1431 1359 1450 nune
1380 1431 1444 1450 vero
1462 1421 1611 1460 accipimus
1629 1432 1682 1450 non

935 1477 999 1496 vasa
1012 1477 1092 1495 aurea
1104 1489 1112 1502 ,
1125 1466 1172 1495 sed
1187 1466 1300 1506 AEgypti
1316 1466 1398 1504 mala,
1413 1473 1520 1506 peccata
1535 1477 1683 1507 poenasque

934 1521 960 1542 et
971 1513 1115 1553 supplicia.
1131 1513 1273 1542 Discamus
1288 1513 1373 1553 igitur
1389 1513 1530 1543 utilitatem
1545 1514 1682 1553 accipere,

921 1609 971 1624 non
995 1600 1063 1633 legit.
1084 1600 1227 1633 Legendum
1243 1606 1305 1633 puto
1325 1603 1422 1633 τοςοῂτῳ
1445 1612 1482 1634 φρ.
1503 1613 1530 1631 μ.
1552 1605 1682 1634 βαρυτέρα.

920 1638 996 1664 Savit.
1009 1639 1061 1663 Nos
1075 1641 1225 1663 sententiam
1235 1638 1285 1663 loci
1292 1638 1345 1663 haec
1355 1639 1405 1663 fere
1416 1639 1542 1671 postulare
1552 1645 1682 1671 putamus,

922 1681 1018 1709 τοτοξιτῳ
1033 1680 1133 1712 (nempe
1145 1679 1280 1712 κρείττονες)
1293 1681 1416 1713 ,φροντίδων
1429 1682 1540 1710 μώλωπες
1554 1681 1589 1708 αἶς
1608 1690 1681 1711 ,aasz

923 1717 981 1741 Mox
993 1717 1119 1741 Munianus
1130 1716 1202 1749 legit,
1217 1721 1253 1742 καὶ
1266 1720 1290 1742 οὐ
1303 1719 1444 1749 δεδώκαμεν,
1455 1726 1507 1742 non
1518 1717 1605 1746 male]

552 1816 730 1845 MUTIANO
751 1815 1006 1845 SCHOLASTICO
1029 1816 1281 1850 INTERPRETE.

110 1904 210 1943 majore
222 1903 324 1932 honore
333 1903 438 1939 baberi,
452 1910 477 1932 et
488 1903 570 1932 veluti
582 1903 603 1931 si
615 1903 732 1931 animam
746 1903 861 1932 habeant
875 1904 909 1931 ita
922 1903 1022 1932 curari:
1033 1913 1086 1931 non
1100 1903 1171 1931 enim
1186 1903 1273 1931 utitur
1286 1903 1324 1931 eis
1338 1903 1455 1941 assidue,
1466 1904 1513 1933 sed
1529 1912 1640 1934 veretur
1656 1913 1683 1934 et

113 1948 217 1984 tremit3
234 1949 316 1977 tineas
331 1955 356 1978 et
370 1949 422 1978 alia
437 1949 593 1988 hujusmodi
609 1949 701 1978 rodere
718 1956 743 1978 et
763 1949 902 1978 comedere
916 1949 1027 1978 solentia
1042 1956 1179 1986 removet3
1194 1949 1312 1988 plurima
1329 1949 1357 1978 in
1373 1950 1516 1989 unguentis
1527 1958 1554 1980 et
1567 1962 1674 1981 aroma-

112 1993 184 2023 tibus
197 1995 271 2034 ponit
284 2018 291 2032 ‚
307 2002 332 2024 et
348 2006 433 2034 neque
454 1995 582 2035 permittit
597 2003 626 2024 ut
641 1996 760 2024 omnium
783 2003 906 2036 aspectus
921 1995 998 2035 digni
1014 1996 1079 2024 fiant
1096 1995 1142 2024 illa
1157 1994 1317 2034 conspicere,
1339 1995 1387 2024 sed
1403 1996 1459 2036 ipse
1483 1996 1604 2026 fortassis
1618 2007 1680 2027 cum

111 2040 168 2069 viro
182 2052 230 2070 suo
246 2041 392 2081 diligenter
402 2042 508 2071 ordinat
523 2049 548 2071 et
563 2043 688 2071 continet.

116 2092 119 2094 '
149 2089 243 2117 Nonne
257 2096 335 2126 recte,
351 2089 396 2118 dic
409 2089 486 2126 mihi,
500 2089 693 2126 idololatriam,
705 2089 845 2119 avaritiam
860 2090 966 2118 vocavit
979 2089 1101 2118 Paulus?
1113 2089 1250 2125 Quantum
1259 2089 1330 2118 enim
1339 2089 1380 2118 illi
1392 2089 1520 2119 honorem
1528 2091 1598 2120 circa
1607 2090 1680 2120 idola

109 2135 263 2174 ostendunt,
280 2142 382 2164 tantum
397 2143 422 2165 et
437 2136 480 2165 isti
497 2148 559 2176 erga
574 2136 731 2166 vestimenta
751 2148 809 2174 sua,
828 2144 853 2165 et
869 2137 938 2165 circa
958 2147 987 2165 ea
1005 2147 1064 2175 qua:
1078 2136 1179 2165 habent
1193 2147 1227 2165 ex
1241 2147 1308 2165 auro
1322 2136 1448 2165 confecta.
1465 2137 1612 2176 Usquequo
1627 2148 1679 2166 non

109 2193 214 2211 coenum
226 2182 299 2212 istud
313 2193 473 2213 evacuamus
483 2184 497 2212 '.‘
514 2195 649 2223 usquequo
665 2185 721 2213 luto
736 2191 761 2213 et
781 2184 910 2213 lateribus·
929 2184 1128 2212 adhaerebimus
1147 2184 1161 2212 Ρ
1180 2183 1254 2212 Sicut
1265 2183 1336 2212 enim
1354 2183 1394 2212 illi
1410 2183 1602 2223 AEgyptiorum
1624 2185 1680 2223 regi

109 2228 286 2258 laborabant:
303 2230 341 2258 sic
355 2237 380 2259 et
397 2241 445 2260 nos
463 2231 572 2260 diabolo
595 2232 748 2261 laboramus
769 2254 776 2267 ‚
795 2239 820 2260 et
841 2231 1008 2271 flagellamur
1029 2242 1076 2270 per
1095 2230 1216 2269 singulos
1233 2230 1300 2266 dies,
1321 2237 1346 2259 et
1368 2240 1419 2259 non
1440 2230 1565 2259 timemus
1587 2242 1678 2261 curam

110 2283 239 2315 gerentes,
255 2284 280 2306 et
293 2284 443 2308 trementes.
463 2279 515 2308 Sed
530 2280 551 2308 si
565 2280 730 2310 voluerimus
744 2280 918 2319 ingemiscere
931 2279 966 2308 ad
978 2281 1077 2314 Deum,
1094 2279 1117 2308 si
1132 2279 1298 2308 voluerimus
1308 2279 1342 2308 ad
1355 2289 1417 2307 eum
1429 2279 1560 2319 respicere
1570 2302 1578 2317 ,
1591 2280 1679 2310 mittet

109 2321 186 2350 nobis
201 2333 252 2351 non
270 2324 380 2362 Mosen,
396 2335 480 2364 neque
497 2328 584 2355 Aaron
598 2349 604 2361 ,
618 2326 663 2355 sed
677 2326 791 2355 verbum
814 2337 891 2355 suum
905 2349 914 2363 ,
936 2333 961 2354 et
981 2325 1214 2365 compunctionem
1230 2325 1341 2354 donabit
1359 2338 1364 2354 :
1381 2325 1432 2354 hoc
1453 2332 1542 2355 autem
1565 2327 1679 2356 verbum

110 2370 217 2398 veniens
231 2393 238 2406 ,
257 2377 282 2399 et
303 2372 438 2401 continens
455 2373 558 2402 animas
577 2380 680 2402 nostras
691 2397 698 2407 ,
713 2373 839 2402 liberabit
857 2385 903 2403 nos
918 2385 933 2402 a
948 2373 1078 2403 servitute
1092 2384 1183 2402 amara
1196 2396 1204 2411 ,
1221 2380 1245 2402 et
1260 2373 1353 2402 educet
1375 2383 1422 2401 nos
1445 2372 1479 2401 tle
1495 2372 1614 2414 AEgypto
1635 2374 1679 2403 in-

109 2415 242 2446 fructuosa
266 2425 291 2447 et
306 2418 406 2458 inutili,
425 2427 450 2449 et
470 2420 503 2449 dc
518 2421 608 2450 studio
624 2429 713 2450 nostro
738 2432 837 2451 vanum
860 2422 974 2451 habente
994 2421 1124 2459 laborem,
1148 2427 1172 2450 et
1191 2420 1229 2449 ‘de
1247 2421 1376 2449 servitute
1394 2430 1454 2458 qua‘.
1472 2420 1578 2450 nullum
1599 2421 1679 2450 habet

111 2462 224 2492 lucrum.
251 2465 294 2493 llli
309 2466 419 2504 quidem
436 2467 529 2496 saltem
545 2478 624 2497 aurea
640 2469 756 2508 plurima
772 2475 906 2498 sumentes
929 2468 1027 2508 egressi
1042 2475 1123 2506 sunt,
1142 2467 1290 2497 mercedem
1308 2467 1408 2496 laboris
1425 2467 1466 2496 sui
1483 2479 1490 2500 ;
1514 2478 1560 2496 nos
1586 2474 1676 2497 autcin

113 2508 181 2538 nihil
196 2522 202 2537 τ
217 2517 294 2550 atque
310 2513 410 2543 utinam
426 2515 493 2543 nihil
509 2513 515 2543 ἶ
531 2514 637 2544 Etenim
654 2516 732 2545 ctiam
749 2527 795 2546 nos
811 2516 941 2545 sumimus
956 2527 1007 2545 non
1024 2527 1102 2545 aurea
1114 2539 1120 2551 ,
1138 2515 1183 2544 scd
1200 2515 1311 2554 ,Egypti
1329 2515 1397 2543 mala
1414 2538 1421 2551 ,
1439 2515 1490 2544 hoe
1504 2522 1553 2553 est,
1570 2522 1678 2555 peecata

115 2563 139 2584 et
161 2558 290 2598 supplicia
313 2567 337 2589 et
361 2572 459 2601 peenas.
484 2563 625 2592 Diseainus
646 2563 727 2603 igitur
749 2564 814 2603 quid
839 2565 914 2593 nobis
935 2572 972 2594 cst
993 2564 1067 2601 utile,
1086 2564 1221 2593 discamus
1242 2563 1367 2602 injuriam
1392 2562 1463 2602 pati5
1482 2562 1532 2592 hoc
1553 2562 1624 2592 enim
1639 2570 1678 2592 cst
