1886 2846
90 255 146 274 lielr
162 253 226 279 313-

95 559 127 572 ¹2.

633 181 771 204 mmsis
798 181 879 202 cmix
888 180 978 202 §OST-

242 171 288 218 96
575 182 604 203 s.

1010 178 1164 200 AltCttttit'.

1193 177 1460 202 CONSTANTINOP.

240 253 314 282 spem
329 243 458 278 immittit,
470 242 560 271 diceus
575 254 580 269 ε
595 243 756 280 Par-[icilius
777 242 886 270 Christi
902 240 974 279 ‹sse-
994 241 1011 263 C
1031 238 1110 266 ἐστίν.
1127 233 1193 266 Εἶτα
1208 238 1314 272 ἐλπίδας
1330 240 1415 272 αὐτοῖς
1431 240 1563 277 ἐντίθησι,
1578 240 1670 279 λέγων,
1680 240 1797 280 Μέτοχοι

241 292 279 316 rei
291 298 388 317 snmus
400 301 410 321 ;
425 287 620 328 propemodum
633 287 722 316 dicens
735 300 739 315 :
751 286 805 322 Qui
821 296 868 314 nos
883 286 917 313 ita
931 285 973 312 di-

241 335 319 367 lexit,
332 336 377 373 qui
392 346 438 364 nos
455 335 519 363 tanti
540 335 599 363 fecit
621 342 648 362 ut
665 345 743 363 suum
757 343 853 371 corpus
868 333 973 365 [ποι-οι,

241 391 292 409 non
308 381 435 420 despiciet
452 388 596 420 pencuntcs.
612 380 764 418 Cogitemus
776 401 782 412 ,
796 377 896 415 inquit,
911 375 974 413 qui—

240 426 353 454 busnam
365 426 467 465 dignati
482 437 575 455 sumus
589 438 594 453 ε
610 437 656 454 nos
669 432 691 453 ct
706 425 827 452 Clu-istus
839 432 920 450 unum
932 432 975 449 su-

243 482 308 500 mus.
326 472 365 500 Nc
386 483 448 511 crgo
471 472 494 501 ci
516 482 566 500 nou
583 471 728 499 credamus.
745 470 779 497 Et
796 478 886 496 rursus
899 466 977 495 tacite

226 538 228 540 -
243 516 375 554 significat
388 516 455 545 illud
470 516 541 554 quod
556 515 620 543 alibi
635 515 735 543 dictum
748 519 795 543 est.
809 512 840 540 Si
854 512 976 539 sustine-

245 572 324 594 mus.
347 569 373 590 ct
395 563 642 600 conregnabimus.
665 560 720 588 lloc.
735 558 805 586 cuim
827 563 876 591 cst,
890 558 978 585 Facti

243 617 342 635 suiuus
351 610 506 645 participes
522 618 529 633 :
544 605 696 634 corumdem
717 613 808 631 sumus
821 602 976 641 participes,

243 663 356 690 quorum
379 660 417 681 cst
436 653 565 680 Christus.
587 651 749 679 Adhortatus
762 655 799 677 cst
813 648 848 676 ab
866 647 898 676 iis
918 658 977 686 quae

243 705 305 726 sunt
316 698 383 726 bona
399 705 422 726 ct
438 697 511 725 utilia
525 709 530 723 :
542 698 703 734 Participes
717 696 804 728 enim,
819 693 915 732 inquit,
926 704 977 723 sn-

245 754 308 772 mus
316 745 433 773 Christi.
446 742 547 772 Deinde
555 752 666 770 ruisusa
676 740 797 768 tristibus
808 746 832 768 et
842 739 959 769 molestis
971 751 976 767 :

249 790 410 817 Timeamus
432 790 561 827 neforto
582 788 684 815 relicta
702 786 916 824 pollicitatione
933 788 978 815 in-

244 837 377 865 troeundi
395 838 426 863 in
445 837 571 873 requiem
585 836 655 873 ejus,
669 835 851 862 existimetur
869 834 978 873 aliquis

241 893 277 909 er
293 883 375 910 nobis
389 882 493 909 deesse.
504 880 577 909 Illud
586 880 655 908 enim
667 887 705 909 est
717 880 900 920 perspicuum,
911 880 978 909 etde

240 938 292 965 quo
308 934 418 955 constat.
435 928 636 955 Probaverunz
653 937 706 962 me,
721 932 747 954 et
762 927 900 954 viderant
915 937 978 966 ope-

240 983 275 1000 ra
297 983 360 1001 mea
383 973 579 1012 quadraginta
599 974 695 1001 annis.
718 971 816 1001 Viden‘
830 971 902 1010 quod
925 983 978 1001 non

239 1025 357 1057 oporteat
370 1029 384 1046 a
398 1019 454 1047 Deo
467 1018 573 1057 exigere
582 1018 721 1053 rationem,
735 1016 782 1045 scd
795 1017 853 1046 sive
866 1027 913 1046 nos
927 1017 977 1046 dc-

238 1064 338 1101 scndat,
351 1064 408 1092 sive
424 1074 486 1100 non,
501 1063 524 1092 ci
538 1062 664 1091 credere?
676 1072 746 1091 nune
762 1062 832 1091 enim
847 1072 892 1091 eos
912 1062 977 1091 insi-

238 1111 336 1145 mulat,
346 1109 418 1149 quod
434 1111 520 1138 Deum
535 1108 704 1138 tentaverint.
721 1109 791 1137 Nam
802 1108 849 1146 qui
864 1108 921 1137 vult
933 1119 976 1137 ac-

237 1156 323 1195 cipere
337 1155 506 1196 probationes
522 1155 578 1193 ejus
597 1161 643 1183 ant
657 1153 809 1193 potestatis,
823 1160 870 1182 ant
882 1154 975 1193 provi-

236 1201 342 1238 dendae,
354 1207 400 1229 aut
413 1211 494 1237 curae,
510 1200 629 1229 nondum
643 1199 726 1228 credit
740 1210 800 1228 eum
809 1210 865 1228 csse
878 1206 973 1238 poten-

236 1254 289 1276 tem
298 1270 305 1284 ,
317 1258 364 1276 ncc
376 1247 402 1275 in
415 1246 535 1275 hominos
548 1245 694 1285 benignum
706 1252 731 1274 et
742 1246 905 1274 clementem.
919 1246 975 1275 lloc

235 1294 316 1322 etiam
339 1292 373 1321 ad
397 1292 445 1321 hos
468 1292 586 1321 scribens
607 1291 768 1328 subindicat,
785 1292 841 1331 jam
857 1292 974 1321 volentes

235 1339 344 1367 fortasse
363 1339 421 1377 ejus
442 1337 591 1377 potcstatis,
609 1347 731 1375 curoeqne
752 1348 782 1365 ac
798 1337 973 1376 providenti-‘e

235 1395 315 1422 quam
329 1395 420 1413 eorum
438 1384 506 1423 gerit
519 1383 740 1412 examinationem
752 1390 777 1411 et
789 1383 972 1422 probationem

233 1432 352 1470 accipere
366 1432 391 1459 in
408 1431 604 1460 tentationibus.
618 1430 702 1460 Vides
713 1430 785 1469 quod
797 1441 830 1459 ex
844 1431 971 1460 incredu—

233 1477 307 1505 litate
323 1487 426 1516 semper
439 1483 477 1505 est
492 1477 606 1505 irritatio
620 1483 645 1505 et
658 1476 692 1505 ad
712 1476 779 1504 iram
793 1477 971 1515 provocatio?

233 1522 306 1558 Quid
327 1533 389 1561 ergo
415 1522 502 1551 dicit?
518 1524 623 1561 Itaque
647 1522 822 1561 relinquitur
841 1524 973 1551 sabbati-

233 1579 310 1597 smus
332 1569 439 1607 populo
452 1569 516 1597 Dei.
529 1568 598 1597 Vide
623 1575 710 1597 antem
735 1567 868 1606 quomodo
888 1575 971 1597 totam

233 1615 377 1643 orationem
394 1621 556 1653 perspectam
568 1613 749 1642 ratiocinando
763 1614 879 1653 collegit.
890 1615 971 1643 Jnra—

233 1662 281 1698 vit,
296 1661 395 1699 inquit,
410 1661 554 1701 prim-ibim,
569 1671 612 1689 eos
628 1671 679 1689 non
701 1660 866 1700 ingressuros
885 1661 911 1689 in
929 1671 970 1689 re-

1031 283 1173 321 γεγόναμεν
1193 285 1238 312 τοῦ
1263 284 1392 322 Χριστοῦ·
1409 286 1546 325 μονονουχὶ
1568 286 1660 324 λέγων,
1678 288 1692 314 ὁ
1715 286 1796 320 οὕτως

1031 331 1102 365 ina<
1119 328 1273 366 ἀγαπήσας,
1285 332 1298 358 ὁ
1311 329 1440 359 τοσούτων
1452 333 1522 370 ἡμᾶς
1535 331 1700 364 καταξιώσας
1709 354 1716 368 ,
1727 331 1796 361 ὥστε

1031 375 1122 402 ἑαυτοῦ
1143 376 1221 412 σῶμα
1235 377 1360 411 ποιῆσαι,
1378 377 1406 404 οὐ
1424 377 1576 416 περιόψεται
1592 377 1795 415 ἀπολλυμένους.

1031 419 1223 458 Ἐννοήσωμεν,
1235 420 1313 459 φησὶ,
1332 421 1410 450 τίνων
1430 421 1643 460 κατηξιώθημεν·
1658 425 1735 461 ἡμεῖς
1750 423 1796 451 καὶ

1031 467 1044 494 ὁ
1058 466 1169 505 Χριστὸς
1183 466 1208 495 ἕν
1224 467 1312 504 ἐσμεν.
1326 466 1372 503 Μὴ
1384 466 1468 496 τοίνυν
1483 468 1635 506 ἀπιστῶμεν
1651 469 1731 507 αὐτῷ.
1742 467 1795 497 Καὶ

1031 513 1110 542 πάλιν
1122 513 1204 542 ἐκεῖνο
1219 512 1361 542 αἰνίττεται
1373 512 1402 540 τὸ
1417 513 1550 552 εἰρημένον
1567 513 1689 552 ἑτέρωθι,
1704 513 1745 542 ὅτι
1761 515 1795 543 Εἰ

1031 558 1202 597 ὑπομένομεν,
1224 558 1268 587 καὶ
1292 557 1551 596 συμὸασιλεύσομεν·
1569 562 1645 588 τοῦτο
1657 559 1708 598 γάρ
1724 561 1795 593 ἐστι,

1032 605 1149 644 Μέτοχοι
1166 604 1325 643 γεγόναμεν,
1340 606 1391 633 τῶν
1410 606 1493 632 αὐτῶν
1509 604 1654 643 μετέχομεν
1673 600 1709 633 ὧν
1724 604 1768 632 καὶ
1782 607 1796 633 ὁ

1032 652 1153 690 Χριστός.
1167 650 1354 691 Προετρέψατο
1374 649 1426 679 ἀπὸ
1446 652 1497 678 τῶν
1520 652 1659 690 χρηστῶν·
1678 649 1795 689 Μέτοχοι

1032 698 1082 736 γάρ
1105 698 1198 735 ἔσμεν,
1222 697 1285 736 φησὶ
1295 719 1302 733 ,
1325 699 1370 725 τοῦ
1392 696 1519 736 Χριστοῦ.
1546 691 1613 725 Εἶτα
1639 696 1718 725 πάλιν
1743 695 1796 725 ἀπὸ

995 742 1013 764 D
1031 745 1082 772 τῶν
1106 745 1266 782 σκυθρωπῶν
1276 754 1282 760 ·
1297 743 1463 781 Φοέἷηθῶμεν
1485 742 1587 781 μήποτε
1603 742 1795 780 καταλειπομέ-

1031 802 1076 825 νης
1091 789 1248 828 ἐπαγγελίας
1262 790 1384 818 εἰσελθεῖν
1401 790 1436 821 εἷς
1450 788 1498 823 τὴν
1513 788 1679 817 κατάπαυσιν
1702 789 1794 821 αὐτοῦ,

1031 837 1094 874 δοκῇ
1112 848 1152 868 τις
1169 835 1195 868 ἐξ
1210 837 1282 873 ὑμῶν
1302 834 1483 873 ὑστερηκέναι·
1497 835 1579 863 ἐκεῖνο
1592 833 1644 873 γὰρ
1658 834 1735 868 δῆλον
1750 833 1796 862 καὶ

1030 881 1232 920 ὡμολογημένον
1255 880 1335 909 ἐστίν.
1347 879 1526 917 Ἐδοκίμασάν
1542 891 1588 917 με,
1603 878 1683 918 φησὶ,
1698 878 1742 907 καὶ
1756 873 1794 908 εἶ-

1032 927 1073 956 δον
1089 926 1122 955 τὰ
1137 927 1200 967 ἔργα
1215 938 1265 964 μου
1279 925 1476 965 τεσσαράκοντα
1491 924 1546 960 ἔτη.
1563 924 1645 965 Ὁρᾷς
1662 924 1701 953 ὅτι
1715 925 1743 953 οὗ
1758 925 1796 953 δεῖ

1031 973 1074 1002 τὸν
1091 973 1159 1002 Θεὸν
1174 973 1293 1001 ἀπαιτεῖν
1309 971 1430 1007 εὐθύνας,
1445 971 1515 1007 ἀλλ’,
1532 971 1563 1000 ἄν
1577 982 1606 999 τε
1621 975 1796 1009 προϊστᾶται,

1032 1019 1062 1048 ἄν
1073 1029 1101 1047 τε
1118 1017 1165 1056 μὴ,
1177 1017 1308 1047 πιστεύειν
1323 1017 1406 1056 αὖτῷ;
1420 1016 1526 1049 ἐκείνοις
1538 1016 1587 1056 γὰρ
1603 1018 1680 1045 τοῦτο
1690 1017 1796 1054 ἐγκαλεῖ

1031 1069 1090 1099 νῦν,
1115 1064 1155 1093 ὅτι
1177 1063 1319 1102 ἐπείρασαν
1343 1062 1387 1091 τὸν
1411 1062 1488 1093 Θεόν.
1505 1062 1540 1091 Ὁ
1564 1062 1615 1102 γὰρ
1641 1061 1797 1101 βουλόμενος

1031 1110 1173 1143 ἀποδείξεις
1187 1109 1288 1144 λαὸεῖν,
1298 1108 1315 1143 ἢ
1335 1110 1381 1142 τ’ἥς
1396 1108 1543 1146 δυνάμεως,
1558 1108 1575 1143 ἢ
1590 1109 1638 1142 τῆς
1656 1107 1795 1146 προνοίας,

992 1175 1016 1193 03
1029 1156 1046 1190 ἢ
1060 1159 1106 1191 τῆς
1121 1155 1278 1193 κηδεμονίας
1291 1155 1368 1183 αὐτοῦ
1378 1177 1385 1190 ,
1397 1153 1470 1183 οὔπω
1484 1153 1602 1182 πιστεύει
1615 1153 1674 1182 οὔτε
1689 1153 1796 1182 δυνατὸν

994 1204 1012 1225 Α
1030 1202 1105 1231 αὐτὸν
1120 1197 1186 1230 εἶναι
1195 1223 1202 1237 ,
1217 1201 1275 1230 οὔτε
1292 1200 1484 1239 φιλάνθρωπον.
1498 1201 1583 1228 Τοῦτο
1597 1199 1641 1227 καὶ
1655 1199 1719 1238 πρὸς
1733 1198 1796 1228 τού-

1028 1259 1086 1279 τους
1107 1247 1214 1287 γράφων
1237 1245 1394 1281 αἰνίττεται,
1407 1245 1578 1283 βουλομένους
1597 1244 1660 1277 ἴσως
1681 1244 1732 1279 ἤδη
1749 1246 1797 1278 τῆς

1028 1292 1160 1330 δυνάμεως
1181 1293 1259 1320 αὐτοῦ
1281 1291 1325 1319 καὶ
1344 1293 1390 1325 τ’ῆς
1410 1290 1476 1328 ὑπὲρ
1496 1291 1581 1318 αὐτῶν
1603 1289 1727 1329 προνοίας
1746 1289 1795 1326 τὴν

1026 1339 1142 1372 ἐξέτασιν
1160 1337 1205 1366 καὶ
1222 1337 1265 1365 τὸν
1285 1337 1393 1374 ἔλεγχον
1415 1335 1505 1364 λαῧεῖν
1519 1336 1546 1363 ἐν
1561 1339 1615 1368 τοῖς
1629 1339 1794 1374 πειρασμοῖς.

1026 1384 1108 1422 “Ορᾷς
1121 1383 1162 1412 ὅτι
1174 1383 1227 1411 ἀπὸ
1242 1381 1366 1413 ἀπιστίας
1380 1383 1516 1420 πανταχοῦ
1531 1383 1545 1410 ὁ
1559 1380 1730 1420 παραξυσμὸς
1746 1381 1793 1411 καὶ

1027 1433 1040 1459 ὁ
1050 1427 1245 1468 παροργισμός;
1256 1426 1292 1456 Τί
1304 1422 1347 1455 οἶν
1359 1438 1451 1466 φησιν;
1462 1426 1528 1465 Ἄρα
1540 1426 1713 1456 ἀπολείπεται
1725 1427 1794 1456 σαὸ-

1027 1475 1154 1512 ἕατισμὸς
1175 1475 1212 1512 τῷ
1227 1475 1283 1513 λαῷ
1299 1475 1344 1501 τοῦ
1364 1474 1442 1502 Θεοῦ.
1460 1471 1534 1512 ”()ρα
1553 1472 1581 1502 δὲ
1599 1474 1656 1506 πῶς
1670 1472 1728 1502 ὅλον
1749 1472 1793 1502 τὸν

1025 1521 1100 1560 λόγον
1123 1518 1319 1557 συνελογίσατο.
1341 1517 1459 1557 Ὤμοσε,
1480 1517 1560 1557 φησὶ,
1581 1522 1635 1552 τοῖς
1657 1517 1794 1558 προτέροις

1026 1567 1062 1604 μὴ
1087 1566 1211 1595 εἰσελθεῖν
1234 1564 1327 1598 αὐτοὺς
1350 1566 1386 1597 εἰς
1409 1564 1457 1600 τὴν
1481 1563 1659 1599 κατάπαυσιν,
1680 1564 1725 1592 καὶ
1746 1565 1794 1593 οὔκ

1024 1616 1152 1649 εἰσῆλθον.
1170 1608 1236 1642 Εἶτα
1257 1613 1314 1650 μετ’
1339 1611 1451 1645 ἐκείνους
1471 1611 1557 1651 χρόνῳ
1576 1611 1666 1649 πολλῷ
1687 1610 1792 1650 ὕστερον

1023 1660 1206 1698 διαλεγόμενος
1230 1663 1283 1691 τοῖς
1304 1657 1454 1693 Ἰουδαίοις,
1467 1657 1544 1696 φησι,
1561 1656 1607 1692 Μὴ
1630 1655 1792 1697 σκληρύνητε

655 1774 828 1803 MUTIANO
849 1773 1104 1804 SCHOLASTICO
1127 1771 1379 1801 INTERPRETE.

233 1867 353 1906 deceptio
374 1873 421 1895 est.
447 1865 550 1894 Deinde
566 1875 640 1905 spem
665 1865 719 1894 illis
735 1865 849 1903 excitat,
872 1865 963 1894 dicens
979 1876 985 1892 t
999 1866 1160 1903 Participes
1174 1865 1250 1903 facti
1273 1873 1371 1892 sumus
1383 1875 1394 1897 ,-
1416 1873 1481 1902 pene
1497 1862 1588 1893 dicens
1602 1863 1676 1899 :Qui
1697 1863 1734 1893 ita
1744 1873 1791 1893 nos

233 1914 331 1942 amavit
344 1936 351 1948 ,
365 1913 409 1952 qui
422 1920 524 1942 tantum
539 1923 587 1941 nos
607 1912 737 1952 dignatus
755 1920 809 1949 est,
825 1913 861 1942 ita
873 1920 903 1942 ut
917 1923 996 1941 suum
1017 1923 1065 1941 nos
1077 1912 1174 1941 faceret
1188 1921 1284 1950 corpus
1295 1933 1302 1947 ,
1315 1921 1367 1939 non
1383 1921 1430 1939 nos
1440 1909 1568 1950 despiciet
1578 1917 1725 1950 pereuntes.
1740 1911 1791 1940 In-

233 1961 397 1999 telligamus‚
418 1960 519 1998 inquit,
540 1959 667 1998 qualibus
688 1960 768 1988 rebus
791 1960 854 1988 sacti
875 1970 968 1988 snmus
981 1969 1046 1987 :nos
1065 1966 1090 1988 et
1112 1958 1236 1987 Christus
1252 1967 1336 1985 unum
1355 1967 1448 1985 sumus
1460 1968 1466 1984 :
1478 1967 1530 1985 non
1546 1967 1609 1996 ergo
1623 1956 1790 1988 increduliei

233 2007 399 2036 exsistamus.
414 2007 449 2035 Et
461 2007 555 2035 iterum
569 2006 638 2035 illud
653 2007 788 2046 significat
802 2006 875 2045 qnod
886 2007 990 2036 dictum
1005 2013 1043 2034 est
1055 2005 1132 2041 alibi,
1153 2006 1229 2043 Quia
1249 2006 1275 2033 si
1285 2004 1481 2038 tolerabimus,
1492 2010 1520 2032 et
1539 2007 1790 2044 conregnabimus,

235 2055 291 2083 Hoc
305 2054 404 2093 quippe
419 2060 457 2083 est
467 2076 474 2090 ,
489 2054 649 2092 Participes
662 2055 746 2093 sacti
763 2064 880 2091 sumus,
899 2053 991 2082 eadem
1010 2053 1204 2092 participamur
1217 2061 1275 2089 qnae
1289 2057 1314 2079 et
1326 2050 1449 2079 Christus
1473 2061 1480 2077 z
1508 2050 1630 2079 hortatur
1644 2052 1746 2092 quippe
1756 2063 1791 2082 ex

235 2101 346 2129 utilibus
359 2112 368 2138 ;
384 2101 546 2138 participes
556 2121 565 2134 ,
582 2099 669 2137 inquit
681 2122 688 2135 ,
701 2100 775 2138 facti
789 2109 887 2128 sumus
902 2100 1022 2128 Christi.
1039 2098 1143 2126 Deinde
1156 2098 1280 2126 hortatur
1294 2107 1328 2125 ex
1341 2096 1462 2125 tristibus
1476 2107 1482 2123 :
1504 2097 1666 2127 Timeamus
1682 2099 1791 2138 nesor-

238 2154 265 2176 te
273 2154 402 2175 cessante
412 2147 601 2185 promissione
612 2146 745 2174 intrandi
759 2147 790 2174 in
805 2148 933 2185 requiem
945 2147 1022 2184 ejus,
1035 2151 1115 2184 putet
1130 2147 1287 2184 quisquam
1305 2146 1408 2172 iterum
1422 2144 1570 2182 privatum
1584 2155 1614 2173 se
1628 2155 1698 2174 esse.
1718 2145 1791 2174 Illud

238 2201 324 2222 autem
342 2194 510 2222 manifestum
526 2199 582 2227 cst,
604 2199 629 2221 et
647 2192 773 2222 omnibus
789 2192 970 2222 concessibile.
993 2193 1198 2221 Probaverunt
1214 2202 1274 2228 me,
1293 2191 1397 2229 inquit,
1414 2197 1441 2219 et
1460 2191 1600 2220 viderunt
1618 2202 1707 2231 opera
1726 2203 1791 2222 mea

239 2241 434 2279 quadraginta
450 2243 546 2270 annis.
561 2239 646 2270 Vides
658 2240 721 2278 quia
736 2250 788 2269 non
802 2247 905 2279 oportet
917 2247 1040 2280 expetere
1051 2240 1198 2269 Dominum
1211 2239 1430 2279 reciprocationes
1439 2262 1445 2274 ,
1459 2239 1506 2268 scd
1518 2239 1573 2268 sive
1583 2239 1740 2279 reciprocet,
1755 2239 1793 2269 si-

240 2298 272 2316 ve
286 2298 348 2323 non,
357 2288 461 2317 credere
473 2288 531 2316 ini?
543 2287 604 2316 illos
614 2287 684 2316 enim
694 2297 764 2315 nunc
774 2287 865 2326 culpat
875 2287 901 2315 in
913 2287 974 2322 hoc,
986 2287 1049 2326 quia
1061 2293 1228 2316 tentaverunt
1238 2286 1392 2316 Dominum.
1405 2286 1459 2322 Qui
1471 2286 1541 2315 enim
1552 2285 1612 2315 vult
1623 2286 1792 2326 probationes

240 2334 357 2373 accipere
371 2335 413 2363 vel
427 2335 550 2371 virtutis,
562 2334 604 2363 vel
616 2333 809 2373 providentiae,
825 2333 868 2362 vel
877 2334 1072 2372 procurationis
1081 2334 1138 2373 ejus
1148 2356 1156 2368 ,
1173 2333 1286 2362 necdum
1299 2333 1383 2361 credit
1398 2343 1483 2371 neque
1496 2339 1629 2372 potentem
1642 2343 1704 2362 eum
1717 2343 1773 2362 esse
1783 2357 1790 2370 ‚

241 2389 325 2417 neque
335 2380 540 2408 misericordem.
555 2380 611 2408 lloc
623 2379 703 2408 etiam
711 2379 738 2408 in
750 2379 928 2408 anterioribus
940 2380 1058 2409 scribens
1070 2379 1249 2419 significabat,
1259 2379 1350 2409 volens
1363 2380 1399 2417 [f.
1408 2379 1538 2417 volentes]
1545 2379 1663 2408 fortassis
1669 2379 1728 2418 jam
1738 2379 1791 2409 vir-

242 2425 305 2453 tutis
316 2426 384 2463 ejus,
395 2434 419 2454 et
430 2434 555 2464 quantam
567 2437 616 2466 pro
631 2426 685 2455 illis
696 2426 892 2466 providentiam
905 2435 1005 2467 gereret
1018 2450 1027 2466 ,
1043 2426 1266 2456 examinationem
1279 2434 1304 2455 et
1317 2426 1533 2465 redargutionem
1550 2436 1654 2455 sumere
1664 2425 1689 2454 in
1702 2432 1791 2456 tenta-

241 2471 368 2500 tionibus.
381 2473 464 2501 Vides
475 2474 535 2512 quia
551 2485 585 2503 cx
596 2474 752 2504 infidelitate
763 2475 862 2513 ubique
872 2474 1020 2504 offenditur
1031 2476 1104 2504 Deus
1114 2497 1120 2511 ‚
1132 2482 1157 2504 et
1170 2474 1204 2504 ad
1225 2474 1438 2513 indignationem
1456 2473 1624 2502 adducitur?
1635 2473 1708 2508 Quid
1727 2485 1790 2513 crgo

241 2516 347 2555 inquit?
363 2519 498 2547 Remauet
512 2522 706 2550 sabbatismus
717 2521 823 2560 populo
838 2522 903 2550 Dei.
916 2520 987 2550 Vide
1008 2528 1095 2549 autem
1112 2520 1246 2558 quomodo
1260 2527 1345 2549 totum
1359 2520 1440 2548 istum
1455 2529 1602 2548 sermonem
1618 2518 1790 2560 ratiocinatus

240 2570 277 2591 cst
301 2564 422 2601 Juravit,
447 2565 550 2603 inquit,
569 2567 621 2596 iltis
639 2568 790 2606 prioribus,
811 2578 862 2597 non
882 2568 982 2596 intrari·
1007 2579 1050 2596 eos
1075 2568 1212 2605 requiem,
1229 2575 1252 2596 et
1270 2578 1320 2596 nou
1345 2567 1519 2596 intraverunt.
1535 2565 1638 2594 Deinde
1652 2573 1711 2605 post
1729 2566 1789 2596 illos
