1906 2846
88 1569 99 1582 2
126 1562 176 1583 Um:
195 1569 229 1583 11.

244 206 310 239 582
576 214 603 235 5.
633 213 772 235 somnis
798 212 978 235 0111115051.

242 285 285 306 tur
306 290 311 307 ;
326 288 384 315 (10.1Ἰ
399 287 413 303 a
431 276 485 303 Deo
501 274 586 301 multo
608 284 698 301 amore
723 272 864 311 diligitur,
878 279 979 310 quanta

242 323 289 351 crit
305 325 361 361 ejus
375 319 515 358 dignitas?
533 318 644 346 Etiamsi
660 317 763 346 dixeris
784 318 877 346 orbem
890 325 979 353 terrm,

243 368 311 396 nihil
326 367 375 395 erit
393 365 505 402 dignum
525 363 570 391 illa
593 363 805 402 pulchritudine
822 364 898 392 Hanc
918 374 980 402 ergo

242 413 360 441 colamus
372 409 610 450 1111101111111111110111,
626 410 675 437 1100
689 409 789 438 mundo
801 419 937 444 ornemur,
953 417 981 437 ut

243 458 276 486 :id
291 458 368 486 czclos
382 456 579 496 perveniamus,
591 455 617 483 in
628 455 762 483 coenacula
774 455 938 494 spiritualia,
954 456 979 483 111

241 504 388 532 thalamum
403 502 491 542 sponsi
501 501 720 541 perennem.Nam
731 501 788 529 11ωο
799 500 907 539 quidem
920 501 980 540 pul-

241 549 366 578 chritudo
380 549 414 577 ab
431 548 555 576 omnibus
573 547 652 575 rebus
663 547 838 583 consumitur,
852 554 876 575 01
890 558 979 585 quan-

241 597 276 625 do
289 596 368 624 etiam
387 594 498 634 pulchre
510 593 646 629 manserit,
667 600 693 622 et
706 604 792 632 neque
806 593 916 622 morbus
931 604 978 622 ne—

241 652 293 679 que
308 640 458 669 sollicitudo
472 650 530 667 eam
545 639 695 675 vexaverit,
711 638 784 677 quod
800 639 908 677 quidem
922 639 979 667 fieri

241 697 293 715 non
308 693 402 726 potest,
419 695 471 713 non
487 691 622 723 permanet
637 694 719 713 anuos
734 684 831 723 viginti
846 695 852 711 :
865 684 911 713 illa
927 696 977 713 au-

240 739 293 761 tem
309 742 413 771 semper
432 731 518 767 floret,
545 740 649 769 semper
671 730 744 768 viget
764 740 837 758 :non
862 737 902 759 051
923 730 978 759 illic

240 778 311 817 quod
335 785 436 806 metuas
453 776 638 812 mutationem,
663 787 715 805 non
736 776 839 805 irruens
858 784 979 805 senectus

239 824 343 852 inducit
364 832 471 861 rugam,
496 833 548 850 non
565 822 691 861 ingruens
706 822 816 851 morbus
839 822 978 851 flaccidam

239 869 330 906 efficit,
352 879 403 897 non
423 878 456 896 ex
476 867 572 896 animm
592 867 754 906 :egritudine
773 868 890 906 prosecta
915 878 978 896 cura

238 926 294 943 eam
317 914 487 953 corrumpit,
511 913 559 942 sed
581 920 618 941 est
644 913 687 941 his
702 913 826 942 omnibus
849 913 977 952 superior.

238 961 301 989 11ωο
326 967 414 988 autem
435 959 594 999 priusquam
615 959 771 999 apparuerit
797 959 898 988 recedit
915 971 923 996 ς
954 967 978 988 01

238 1017 299 1035 cum
319 1005 484 1045 apparuerit,
507 1016 558 1034 non
576 1005 673 1034 multos
695 1005 775 1034 habet
789 1005 976 1034 admiratores.

238 1054 308 1082 Nam
323 1052 367 1092 qui
383 1059 445 1081 sunt
460 1052 573 1080 modesti
587 1058 613 1080 et
627 1058 812 1091 temperantes,
826 1063 877 1081 non
891 1051 974 1080 admi-

238 1098 500 1136 1·antur;quiautcm
509 1097 687 1134 admirantur,
699 1108 761 1125 cum
770 1097 886 1126 libidine
894 1097 979 1126 admi-

238 1152 340 1174 rantur.
357 1145 398 1173 Ne
414 1144 483 1172 hanc
500 1153 563 1182 ergo
582 1143 709 1179 colamus,
719 1142 765 1171 sed
776 1143 851 1171 illam
863 1155 868 1170 ε
881 1143 921 1172 illi
934 1143 977 1171 ad-

238 1191 396 1223 haereamus,
409 1196 437 1218 ut
449 1199 509 1217 cum
520 1188 655 1228 praeclaris
667 1188 840 1227 lampadibus
851 1188 877 1217 in
888 1189 976 1228 sponsi

240 1237 387 1266 thalamum
399 1235 546 1264 veniamus.
559 1235 618 1263 Non
636 1235 706 1263 enim
717 1234 869 1273 virginibus
890 1235 975 1263 solum

238 1289 277 1311 est
290 1282 340 1311 hoc
354 1281 526 1321 promissum,
545 1279 591 1308 sed
609 1279 749 1308 animabus
769 1280 947 1319 virginalibus
969 1292 1010 1326 :²5

1009 212 1164 235 ARCHIEP.
1194 213 1461 236 CONSTANTUOP.

1037 273 1110 302 ἔσται
1127 272 1202 309 ἀξίας
1225 274 1272 302 κᾶν
1290 273 1337 309 τὴν
1361 274 1515 312 οἰκουμένην
1537 276 1707 315 ἀντιστήσῃς,
1730 275 1802 305 οὐδὲν

1037 321 1081 346 τοῦ
1097 319 1208 351 κάλλῡυς
1223 320 1320 347 ἐκείνου
1341 319 1419 352 ἄξιον.
1441 321 1466 348 Τ
1468 323 1527 349 οῧτο
1541 321 1624 350 τοίνυν
1646 322 1802 359 ἀσκήσωμεν

1038 363 1065 392 τὸ
1077 364 1184 399 κάλλος,
1197 364 1281 404 τούτῳ
1293 364 1454 403 κοσμώμεθα
1468 367 1505 404 τῷ
1521 366 1612 405 κόσμῳ
1623 389 1629 401 ,
1644 365 1686 394 ἵνα
1700 368 1734 398 εἷς
1746 366 1803 398 τοὺς

1037 409 1158 449 οὐρανοὺς
1171 410 1335 449 χωρήσωμεν
1346 432 1353 446 ,
1369 412 1404 443 εἷς
1417 411 1464 443 τὰς
1476 411 1611 444 παστάδας
1625 411 1671 443 τὰς
1683 422 1803 448 πνευμα-

1036 455 1124 489 τικὰς,
1138 458 1173 488 εἷς
1186 456 1229 484 τὸν
1242 458 1367 495 νυμφῶνα
1382 456 1424 484 τὸν
1438 456 1579 496 ἀκήρατον.
1594 458 1679 485 Τοῦτο
1695 455 1740 493 μὲν
1754 455 1805 495 γὰρ

1036 501 1065 530 τὸ
1079 501 1174 534 κάλλος
1195 502 1244 530 ὑπὸ
1267 501 1372 530 πάντων
1396 502 1549 537 ἁλίσκεται,
1575 502 1619 531 καὶ
1641 502 1702 530 ὅταν
1717 513 1805 540 παρα-

1037 546 1113 585 μείνγ·Ι
1127 547 1229 582 καλῶς,
1245 547 1289 575 καὶ
1302 547 1368 585 μήτε
1380 547 1452 580 νόσος
1467 547 1597 586 ἐνοχλήσῃ
1612 547 1678 584 μήτε
1692 546 1805 586 φροντὶς,

1035 593 1099 632 ὅπερ
1115 593 1240 621 ἀδύνατον
1250 615 1258 629 ,
1277 594 1305 622 οὐ
1320 592 1467 632 παραμένει
1483 593 1579 622 εἴκοσιν
1598 593 1656 628 ἔτη·
1682 594 1766 621 ἐκεῖνο
1777 592 1804 620 δὲ

1035 639 1075 668 ἀεὶ
1092 641 1175 674 ἀνθεῖ,
1191 640 1231 667 ἀεὶ
1254 639 1382 677 ἀκμάζει·
1400 640 1447 668 οὐκ
1462 638 1531 668 ἔστιν
1550 640 1603 667 ἐκεῖ
1618 639 1701 667 δεῖσαι
1720 650 1804 676 μετα-

1035 685 1130 721 ὅολὴν,
1145 686 1173 713 οὗ
1195 686 1278 725 γῆρας
1293 685 1401 714 ἐπελθὸν
1426 685 1516 724 ῥυτίδα
1538 684 1653 724 ἤγαγεν,
1679 685 1707 713 οὗ
1730 683 1804 716 νόσος

1035 731 1233 771 κατασκήψασα
1251 731 1396 770 ἐμάρανεν,
1420 732 1467 760 οὐκ
1485 730 1597 768 ἀθυμίας
1618 730 1722 770 φροντὶς
1744 731 1804 758 ἔλυ-

1036 778 1151 815 μήνατο,
1166 777 1235 806 ἀλλὰ
1250 777 1355 805 πάντων
1369 776 1468 804 τούτων
1483 776 1552 805 ἐστὶν
1565 775 1702 816 ἀνώτερον.
1714 776 1804 804 Τοῦτο

1035 824 1061 852 δὲ
1078 823 1139 862 πρὶν
1160 823 1317 863 ἢφανῆναι,
1339 826 1349 838 ³
1366 821 1485 857 ἀπέστη,
1506 822 1550 850 καὶ
1574 821 1652 861 φανὲν
1676 823 1722 850 οὒκ
1747 820 1802 860 ἔχει

1034 869 1145 902 πολλοὺς
1159 869 1218 901 τοὺς
1231 867 1392 906 θαυμαστάς.
1407 869 1442 897 Οἱ
1458 868 1505 906 μὲν
1517 867 1568 907 γὰρ
1580 867 1686 905 κόσμιοι
1700 868 1728 896 οὐ
1742 870 1802 896 θαυ-

1035 916 1210 954 μάζουσιν,οἶ
1232 914 1257 943 δὲ
1280 914 1472 952 θαυμάζοντες,
1496 913 1563 951 μετὰ
1578 912 1715 951 ἀσελγείας
1739 915 1803 941 θαυ-

1035 963 1153 1000 μάζουσι.
1177 961 1223 996 Μὴ
1247 960 1332 989 τοίνυν
1356 963 1431 989 τοῦτο
1458 961 1580 997 ἀσκῶμεν
1593 982 1600 996 ,
1624 960 1681 988 ἀλλ’
1705 960 1801 988 ἐκεῖνο·

1034 1007 1131 1036 ἐκείνου
1144 1006 1282 1045 ἐχώμεθα,
1297 1005 1339 1034 ἵνα
1355 1005 1421 1043 μετὰ
1433 1005 1580 1043 λαμπάδων
1592 1005 1707 1044 φαιδρῶν
1722 1003 1804 1033 ἀπέλ-

1034 1057 1120 1091 θωμεν
1131 1054 1167 1085 εἷς
1182 1052 1225 1080 τὸν
1239 1054 1374 1090 νυμφῶνα.
1390 1053 1430 1080 Οὐ
1444 1051 1495 1090 γὰρ
1507 1055 1563 1083 ταῖς
1576 1050 1713 1090 παρθένοις
1727 1052 1804 1078 τοῦτο

1034 1099 1195 1138 ἐπήγγελται
1216 1098 1307 1135 μόνον,
1323 1097 1389 1125 ἀλλὰ
1400 1101 1457 1129 ταῖς
1472 1098 1569 1135 ψυχαῖς
1579 1101 1636 1128 ταῖς
1651 1095 1801 1136 παρθένοις·

1034 1144 1106 1179 ἐπεὶ,
1123 1145 1144 1172 εἷ
1159 1142 1293 1182 παρθένων
1310 1138 1341 1177 ἦν
1358 1143 1447 1175 ἁπλῶς
1464 1145 1554 1177 τοῦτο,
1572 1143 1618 1170 οὐκ
1633 1141 1663 1170 ἂν
1679 1143 1706 1170 αἱ
1723 1141 1801 1171 πέντε

1034 1189 1252 1223 ἀπεκλείσθησαν.
1276 1189 1375 1216 Πασῶν
1397 1188 1483 1217 τοίνυν
1504 1188 1559 1216 ἐστὶ
1583 1190 1659 1216 τοῦτο
1681 1187 1740 1216 ὅσαι
1754 1187 1801 1222 τὴν

1032 1235 1118 1275 ψυχήν
1135 1236 1184 1263 εἶσι
1200 1233 1338 1274 παρθένοι,
1352 1233 1411 1262 ὅσαι
1426 1235 1475 1262 τῶν
1491 1233 1629 1269 νοημάτων
1644 1234 1696 1260 τῶν
1713 1235 1797 1271 βιωτι-

1032 1283 1084 1309 κῶν
1103 1282 1167 1309 εἰσιν
1190 1280 1407 1317 ἀπηλλαγμέναι·
1427 1278 1559 1317 φθείρουσι
1578 1278 1629 1317 γὰρ
1646 1277 1693 1310 τὰς
1715 1278 1802 1317 ψυχὰς

238 1338 300 1356 uam
316 1327 338 1356 si
355 1327 407 1355 1100
424 1333 490 1355 05501
505 1325 642 1364 virginum
660 1332 772 1362 tautum,
792 1326 908 1364 quinque
925 1337 975 1354 non
996 1336 1014 1357 Α
1032 1326 1064 1355 τὰ
1079 1326 1200 1363 νοήματα
1213 1328 1304 1353 ταῦτα.
1328 1324 1394 1352 Ἐὰν
1416 1323 1499 1352 τοίνυν
1522 1323 1640 1363 ἀκέραιοι
1665 1323 1800 1361 μένωμεν,

238 1373 348 1401 fuissent
365 1371 490 1400 exclusae.
512 1371 568 1399 Hoc
582 1381 644 1409 ergo
658 1378 696 1399 est
712 1371 830 1399 omnium
845 1382 903 1408 quae
917 1378 977 1399 sunt

239 1419 327 1447 anima
343 1417 469 1456 virgines,
482 1427 539 1455 quae
552 1423 613 1445 sunt
630 1416 748 1445 liberatae
766 1417 800 1445 ab
815 1417 897 1455 hujus
915 1418 976 1445 vita:

241 1464 447 1503 cogitationibus
465 1475 470 1489 :
487 1469 661 1501 corrumpunt
675 1463 745 1490 0111111
761 1463 862 1491 animas
874 1463 915 1491 1110
930 1474 977 1492 00-

242 1510 391 1549 gitationes.
413 1509 442 1538 Si
457 1519 519 1547 ergo
540 1517 693 1536 maneamus
708 1508 804 1547 integri
825 1515 849 1537 01
870 1509 977 1545 sinceri,

241 1556 307 1585 illuc
320 1555 430 1590 ibimus,
443 1561 468 1582 et
481 1553 538 1582 illic
550 1553 724 1592 excipiemur.
740 1555 890 1592 Despondi
902 1556 979 1582 enim

243 1612 305 1636 vos,
319 1601 414 1639 inquit,
427 1603 477 1629 uni
492 1602 565 1635 viro,
579 1601 721 1637 virginem
737 1606 848 1628 castam
863 1601 980 1628 exhibe-

274 1701 282 1710 ³
302 1693 408 1723 [ἁγτὲπτς
423 1700 491 1721 11101ιεῖ
515 1692 571 1714 sav.
587 1691 708 1721 1101101110
723 1690 837 1724 1)1111;00,]

1033 1370 1229 1407 ἀπελευσόμεθα
1243 1370 1297 1397 ἐκεῖ
1306 1369 1351 1397 καὶ
1361 1369 1549 1407 δεγιθησόμεθα.
1561 1369 1738 1408 (Ηρμοσάμην
1750 1368 1801 1408 γὰρ

1032 1420 1111 1454 ὑμᾶς,
1127 1415 1221 1454 φησὶν,
1243 1415 1280 1443 ἑνὶ
1293 1415 1380 1454 ἀνδρὶ,
1395 1415 1521 1455 παρθένον
1537 1414 1618 1453 ἁγνὴν
1630 1416 1801 1454 παραστῆσαι

1032 1465 1069 1501 τῷ
1090 1463 1207 1500 Χριστῷ.
1233 1462 1326 1490 Ταῦτα
1347 1461 1375 1488 οὐ
1395 1461 1458 1499 πρὸς
1477 1461 1524 1493 τὰς
1548 1461 1690 1501 παρθένους
1713 1456 1801 1496 εἶπεν,

1033 1507 1100 1537 ἀλλὰ
1122 1508 1186 1546 πρὸς
1205 1508 1234 1536 τὸ
1254 1507 1387 1546 πλήρωμα
1406 1508 1453 1541 τῆς
1473 1506 1614 1541 ἐκκλησίας
1629 1506 1743 1542 ἁπάσης.
1765 1506 1800 1536 Ἥ

1033 1554 1084 1594 γὰρ
1104 1554 1213 1592 »31φοορος
1227 1552 1314 1592 ψυχὴν
1328 1552 1454 1591 παρθένος
1469 1553 1538 1588 ἐστὶ,
1559 1552 1606 1581 κᾶν
1632 1552 1713 1591 ἄνδρα
1736 1552 1799 1592 ἔχῃ·

1035 1600 1160 1639 παρθένος
1174 1600 1228 1629 ἐστὶ
1243 1599 1289 1634 τὴν
1303 1599 1382 1631 ὄντως
1398 1599 1553 1637 παρθενίαν,
1566 1599 1613 1634 τὴν
1632 1599 1800 1637 θαυμαστήν·

663 1796 836 1824 MUTIANO
858 1796 1111 1825 SCHOLASTICO
1135 1796 1387 1825 INTERPRETE.

241 1896 520 1935 unixersasjudieatur
532 1906 587 1924 esse
599 1895 674 1923 beata
687 1907 691 1921 1
705 1906 762 1933 quat
774 1906 787 1923 a
800 1897 855 1924 Deo
868 1895 994 1934 diligitur
1006 1896 1147 1924 dilectione
1158 1896 1285 1932 maxima,
1297 1902 1395 1934 quanta
1407 1895 1599 1924 sublimabitur
1610 1895 1760 1935 dignitate?
1770 1908 1801 1926 ac

239 1945 259 1972 si
276 1951 361 1973 10111111
375 1942 506 1972 mundum
517 1942 673 1978 constituas,
688 1942 756 1970 nihil
770 1943 795 1971 in
808 1943 1006 1982 comparatione
1017 1943 1091 1972 illius
1103 1943 1314 1983 pulchritudinis
1324 1942 1477 1982 deputatur.
1493 1943 1569 1972 Hanc
1583 1943 1672 1981 itaque
1682 1943 1801 1973 colamus

240 1989 479 2029 pulchritudinem,
496 1989 546 2018 hoc
558 1996 653 2017 ornatu
675 1988 839 2026 decoremus,
860 1996 890 2018 ut
901 1989 977 2028 digni
991 1990 1142 2018 efficiamur
1152 1989 1257 2028 ingredi
1268 1989 1295 2018 in
1307 1990 1395 2024 czrlos,
1413 1989 1439 2018 in
1451 1989 1581 2029 spiritalia
1591 1989 1745 2029 habitacula
1760 2000 1801 2018 10-

240 2037 302 2077 cipi,
313 2044 337 2065 01
348 2036 497 2064 thalamum
507 2035 597 2075 sponsi
610 2035 740 2075 spiritalis
752 2036 860 2065 intrare.
878 2037 966 2076 Hujus
977 2037 1088 2076 quidem
1100 2037 1219 2076 corporis
1230 2036 1403 2076 pulchritudo
1413 2036 1538 2076 plurimis
1549 2037 1628 2065 rebus
1639 2036 1800 2072 absumitur,

239 2085 319 2113 etiam
328 2082 437 2122 quando
449 2082 556 2111 videtur
567 2083 708 2112 incolumis
718 2094 884 2122 permanere,
899 2084 979 2112 etiam
992 2084 1099 2122 quando
1111 2095 1162 2112 non
1179 2085 1334 2113 molestatur
1345 2083 1505 2123 aegritudine
1515 2094 1600 2122 neque
1610 2094 1672 2112 cura
1683 2094 1799 2112 macera-

239 2139 299 2160 tur:
312 2130 384 2170 quod
397 2128 505 2168 quidem
516 2130 682 2170 impossibile
694 2138 731 2159 est
742 2144 747 2160 ς
759 2139 942 2160 verumtamen
953 2142 983 2160 ac
994 2132 1014 2160 si
1026 2142 1077 2160 non
1090 2142 1266 2167 senescamus,
1278 2142 1426 2169 numquam
1437 2141 1519 2159 annos
1529 2131 1624 2170 viginti
1637 2138 1798 2170 perseverat.

240 2179 288 2207 llla
300 2188 362 2207 vero
374 2176 547 2216 pulchritudo
558 2187 661 2216 semper
671 2177 754 2214 floret,
762 2188 865 2217 semper
876 2179 960 2217 viget:
970 2189 1021 2206 non
1032 2185 1069 2207 est
1080 2178 1135 2206 illie
1145 2178 1199 2207 ulla
1209 2178 1327 2206 timenda
1335 2178 1457 2214 mutatio,
1466 2188 1518 2206 non
1528 2183 1647 2206 senectus
1656 2176 1799 2206 adveniens

240 2235 319 2264 rugas
329 2224 429 2261 asseret,
441 2233 492 2252 non
504 2223 662 2262 :egritudine
673 2224 729 2252 ulla
742 2232 894 2260 marcescet,
908 2236 960 2254 non
971 2225 1200 2254 sollicitudinibus
1209 2232 1254 2254 aut
1266 2225 1424 2253 moeroribus
1433 2224 1596 2264 pallidatur,
1607 2223 1653 2252 sed
1664 2223 1706 2252 his
1716 2223 1800 2252 omni-

240 2273 291 2301 bus
302 2271 479 2311 supereminet
489 2271 618 2310 superior,
627 2278 651 2299 et
662 2271 869 2301 incontaminata
881 2273 1019 2312 perdurat.
1031 2273 1119 2312 Hujus
1131 2284 1195 2302 vero
1206 2273 1325 2312 corporis
1336 2272 1510 2312 pulchritudo
1519 2271 1588 2310 fugit
1596 2278 1737 2310 antequam
1748 2271 1800 2300 ela-

241 2326 296 2348 reat
307 2331 314 2355 3
325 2319 370 2348 sed
385 2318 464 2347 etiam
479 2329 538 2346 cum
554 2325 674 2357 apparet,
689 2329 740 2347 non
756 2320 835 2348 habet
848 2321 978 2360 plurimos
990 2321 1165 2350 admiratores
1178 2333 1183 2348 ε
1200 2320 1292 2360 pudici
1305 2320 1406 2360 quippe
1419 2331 1472 2348 non
1485 2319 1664 2354 admirantur,
1677 2319 1722 2357 qui
1737 2329 1799 2348 vero

244 2367 424 2403 admirantur,
441 2376 502 2394 eum
517 2365 630 2394 libidine
646 2366 820 2395 delectantur.
835 2369 894 2396 Non
910 2368 999 2407 itaque
1016 2369 1128 2397 zelemus
1144 2369 1212 2397 hanc
1228 2368 1467 2408 pulchritudinem,
1482 2367 1527 2396 sed
1540 2367 1615 2395 illam
1629 2373 1796 2406 appetamus,

243 2421 271 2442 111
292 2425 353 2442 011111
370 2413 542 2453 lampadibus
559 2413 696 2442 honestate
709 2415 844 2453 111-10010115
861 2426 1003 2455 pergamus
1027 2417 1052 2445 in
1074 2417 1223 2445 thalamum
1248 2417 1336 2455 sponsi
1353 2415 1526 2455 splendidum
1548 2422 1572 2444 et
1587 2414 1722 2443 decorum.
1737 2414 1797 2442 Non

241 2461 309 2489 enim
322 2462 372 2490 hoc
390 2461 543 2500 virginibus
563 2461 626 2489 solis
640 2467 801 2500 praeceptum
820 2469 867 2497 est,
882 2464 928 2491 sed
943 2463 1084 2492 animabus
1100 2464 1255 2503 virginitate
1269 2464 1435 2502 fulgentibus
1453 2475 1459 2493 z
1477 2473 1538 2491 nain
1561 2462 1583 2490 si
1607 2461 1641 2490 ad
1656 2461 1725 2490 solas
1745 2460 1796 2490 hoc

240 2508 356 2545 virgines
371 2509 512 2547 pertineret
527 2507 696 2547 simpliciter,
716 2518 882 2546 nequaquam
902 2509 955 2537 illm
977 2510 1095 2549 quinque
1116 2510 1180 2539 soris
1196 2510 1309 2539 exclusae
1331 2510 1551 2548 relinquerentur.
1569 2507 1698 2537 Omnium
1713 2507 1796 2546 igitur

239 2561 277 2581 est
295 2554 343 2582 ista
359 2554 540 2593 pulchritudo,
558 2565 731 2592 qua-cumque
745 2554 885 2584 animabus
901 2555 1018 2594 virgines
1031 2568 1086 2586 0550
1101 2557 1300 2597 00110111115011111,
1318 2567 1494 2595 (1111001111111110
1506 2566 1520 2584 a
1536 2554 1707 2584 saecularihus
1721 2555 1792 2584 libe-

239 2606 302 2628 rata:
323 2608 381 2628 suut
399 2600 536 2630 desideriis
556 2613 560 2628 ε
580 2609 755 2640 corrumpunt
775 2602 845 2631 enim
861 2602 962 2631 animas
977 2603 1113 2632 saecularia
1127 2604 1266 2633 desideria.
1283 2604 1312 2633 Si
1335 2614 1396 2633 vcro
1412 2602 1533 2632 inviolati
1552 2613 1752 2641 permaneamus
1766 2603 1792 2632 in
