1886 2846
411 190 445 212 IN
474 189 581 212 Ei‘ls'tu

613 189 656 212 AD
684 190 767 212 lustin
773 189 851 213 1305.

881 190 958 212 mn.
989 189 1036 211 Π.
1068 189 1184 212 timui..
1214 191 1248 212 x.
1574 182 1636 227 τίη)

67 252 147 287 αὐτὴν
162 251 433 291 κατάσχῃςψλήττει
447 252 490 279 καὶ
507 252 594 280 δάκνει
606 274 612 286 ,
626 253 669 280 καί
681 253 752 280 ἐστιν
764 253 837 280 *ἀει-
856 255 874 277 Ι)
894 251 1022 280 tribulum
1033 275 1039 285 ,
1059 251 1168 289 diceus,
1184 252 1342 291 Proserens
1363 257 1459 280 autem
1481 255 1580 290 spinas
1602 264 1636 281 ac

65 298 111 332 δὴς
123 298 168 326 καὶ
164 299 220 357 Ρτῷ
231 298 303 326 ἰδεῖν.
319 298 512 336 Καθαψάμενος
524 297 610 325 τοίνυν
625 299 711 326 αὐτῶν
723 299 818 329 ἱκανῶς
829 319 836 331 ,

64 355 109 372 και
130 344 247 383 φοοήσας
261 356 307 372 και
320 344 422 379 πλήξας
433 365 440 378 ,
456 346 482 372 05
487 343 595 382 ραπεύει
588 344 673 372 imi)
669 355 721 378 .ιν,
713 343 782 372 ὥστε
798 343 835 380 μὴ

63 389 142 418 πλέον
158 389 334 425 καταοα)εῑν,
351 402 396 418 και
411 389 517 422 ὑπτίους
540 389 717 429 ἐργάσασθαι·
731 389 774 417 τὸν
785 388 836 426 γὰρ

63 436 160 474 νωθρὸν
181 437 194 463 ὃ
213 435 338 470 πλήττων
363 435 520 475 νωθρότερον
541 435 632 474 ἐργάζε
622 446 686 463 ι.··;οιι.
702 433 772 463 Οὔτε
791 436 834 462 οὖν

63 481 149 520 πάντῃ
159 481 313 517 κοὶακεύει,
324 481 379 509 ὠστ
381 493 392 509 ε
404 480 472 519 μηέ
465 486 565 520 τᾶραι,
579 481 638 509 οὔτε
650 480 758 518 πάντῃ,
750 481 786 508 π’)
787 480 834 514 ἤτ-

63 539 116 562 τει,
125 526 194 556 ὥστε
207 527 245 565 μὴ
259 527 435 566 ὑπτιωτέρους
443 529 552 562 ποιῆσαι
562 538 568 543 ·
578 527 635 555 ἀλλ’
651 525 737 563 ὀλίγον
748 525 833 562 «Suga-

63 572 115 601 λὼν
126 573 156 602 τὸ
166 573 321 608 πληκτικὸν,
330 572 397 601 πολὺ
406 572 435 600 τὸ
443 571 630 611 θεραπευτικὸν
640 570 741 609 προσςιέ
745 582 782 609 ρει
791 571 805 598 δ
808 570 834 599 ιὰ

64 620 114 647 τῶν
127 618 308 657 ἐπαγομένων,
325 618 392 647 ὥστε
415 618 429 647 ὃ
458 617 579 656 βούλεται
604 617 780 654 κατορθῶσαι.
797 616 833 644 Τι’

64 664 115 704 γάρ
130 676 208 704 φησι,
227 664 399 702 Πεπείσμεθα
414 664 440 692 δὲ
455 664 516 701 περὶ
529 665 619 701 ὑμῶν,
638 661 788 700 ἀγαπητοὶ,
800 661 832 690 τὰ

63 710 215 749 κρείττονα,
231 710 276 739 καὶ
290 710 404 748 ἐχόμενα
416 709 563 748 σωτηρίας,
580 710 601 736 εἰ
625 708 670 736 καὶ
692 707 760 735 οὕτω
785 708 829 735 λα-

26 761 30 764 ’
63 757 165 793 λοῦμεν.
178 756 331 791 Τουτέστιν,
346 757 395 794 οὐχ
409 756 444 788 ὡς
458 754 653 793 κατεγνωκότες
664 755 738 792 ὑμῶν
749 755 833 781 ταῦτα

63 801 182 839 λέγομεν,
195 801 253 830 οὐδὲ
268 803 303 834 ὡς
314 802 464 839 νομίζοντες
478 803 547 839 ὑμᾶς
574 801 693 829 ἀκανθῶν
708 799 832 838 πλήρεις,

62 846 130 875 ἀλλὰ
145 847 288 881 δεδοικότες
302 847 338 885 μὴ
354 851 430 876 τοῦτο
450 847 571 886 γένηται·
589 846 689 886 βέλτιον
701 846 751 885 γὰρ
765 848 833 884 ὑμᾶς

61 896 114 925 τοῖς
129 892 231 932 ῥήμασι
253 893 384 932 φοὸἧσαι,
398 893 441 921 ἵνα
457 893 493 932 μὴ
508 897 560 926 τοῖς
574 892 728 932 πράγμασιν
745 891 832 929 ἀλγή-

62 950 135 974 ’πη-ιε.
152 939 205 968 Καὶ
220 943 295 968 τοῦτο
308 941 355 973 τῆς
370 939 497 972 συνέσεως
512 939 621 968 Παύλου
638 938 764 976 μάλιστα.
779 937 831 965 Καὶ

60 986 108 1013 οὐκ
119 980 176 1013 εἶπε
185 1007 193 1020 ,
203 985 342 1023 νομίζομεν
350 1009 357 1021 ,
372 986 429 1014 οὐδὲ
440 1007 447 1020 ,
459 985 642 1024 στοχαζόμεθα
651 1005 659 1018 ,
667 983 734 1019 οὐδὲ,
748 995 831 1022 προσ·

61 1031 193 1068 δοκῶμεν,
209 1031 280 1066 οὐδὲ,
293 1031 444 1068 ἐλπίζομεν,
457 1031 525 1059 ἀλλὰ
536 1030 576 1065 τί;
589 1030 769 1067 Πεπείσμεθα.
792 1028 830 1057 ⁰0

633 1075 814 1086 ======

59 1121 166 1160 Κυριῳ,
182 1120 223 1150 ὅτι
233 1122 305 1150 οὖδεν
320 1122 385 1150 ἄλλο
397 1133 536 1161 φρονησετ·
526 1139 547 1150 ε.
563 1122 623 1150 Οὐκ
635 1116 691 1149 εἶπε
701 1143 708 1156 ,
724 1124 812 1159 ’ςιρονε7

57 1178 85 1195 τε
94 1189 102 1203 ,
125 1167 210 1204 ἀλλὰ,
221 1168 385 1207 Φρονήσετε.
400 1168 475 1197 Εκεῖ
494 1180 541 1206 μεν
557 1168 608 1206 γὰρ
623 1166 714 1202 ἐπειδὴ
727 1166 829 1206 σφόορα

56 1214 267 1252 κατεγνωσμένοι
285 1217 363 1250 ἦσαν,
377 1214 422 1243 καὶ
437 1215 484 1243 οὒκ
508 1217 578 1253 εἶχεν
599 1212 690 1246 αὐτους
707 1213 759 1241 ἀπὸ
775 1214 827 1240 τῶν

56 1259 193 1298 παρόντων
208 1261 298 1289 ἐπαινε
292 1260 362 1297 ’σαι,
375 1261 427 1290 ἀπὸ
437 1262 489 1288 τῶν
503 1260 652 1298 μελλόντων
663 1271 738 1289 τουτο
747 1263 817 1289 ποιεῖ
811 1282 827 1295 .,

56 1304 140 1335 Οὐδὲν
156 1306 221 1335 ἄλλο
235 1307 392 1347 φρονήσετε,
407 1307 490 1346 λέγων
501 1318 507 1324 ·
523 1308 634 1336 ἐνταῦθα
647 1306 674 1335 δὲ
697 1306 749 1335 ἀπὸ
773 1308 824 1334 τῶν

56 1351 206 1390 παρόντων·
220 1352 390 1391 Πεπείσμεθα
405 1352 433 1381 δὲ
447 1353 508 1391 περὶ
527 1354 612 1390 ὑμῶν,
626 1352 758 1391 ἀγαπητοὶ
769 1373 776 1386 ,
792 1351 826 1380 τὰ

56 1398 182 1436 κρείττω,
197 1399 241 1427 καὶ
253 1398 368 1438 ἐχόμενα
383 1398 530 1437 σωτηρίοις,
544 1399 566 1426 εἷ
580 1398 626 1427 καὶ
642 1397 711 1427 οὕτω
724 1399 825 1426 λαλοῦ-

56 1455 113 1481 μεν.
131 1444 186 1473 Καὶ
205 1445 297 1479 ἐπειδὴ
313 1443 365 1473 ἀπὸ
379 1446 431 1472 τῶν
446 1444 583 1483 παρόντων
602 1444 631 1472 οὔ
651 1446 766 1472 τοσαῦτα
790 1441 825 1475 εἷ-

55 1501 103 1528 χεν
119 1491 212 1526 εἰπεῖν,
227 1491 279 1520 ἀπὸ
291 1491 344 1519 τῶν
358 1490 542 1529 παρελθόντων
567 1490 757 1524 κατασκευάζει
777 1492 825 1527 τὴν

55 1537 224 1575 παραμυθίαν
236 1559 243 1573 ,
266 1536 311 1565 καί
326 1548 405 1576 φησιν
415 1548 421 1554 ·
439 1537 480 1565 Οὐ
493 1535 545 1574 γὰρ
559 1536 647 1569 ἄδικος
657 1539 672 1566 ὁ
687 1537 754 1569 Θεὸς
768 1538 825 1566 ἐπι-

55 1581 181 1611 λαθέσθαι
196 1585 242 1612 τοῖῐ
256 1583 331 1621 ἔργου
342 1584 425 1620 ὑμῶν,
435 1582 480 1610 καὶ
493 1585 538 1610 τοῦ
551 1581 633 1611 κόπου
648 1585 695 1617 τῆς
709 1582 823 1621 ἀγάπης,

55 1623 87 1661 ἧς
98 1627 256 1661 ἐνεδείξασθε
270 1630 307 1661 εἷς
319 1629 348 1657 τὸ
359 1629 442 1666 ὄνομα
457 1629 534 1657 αὐτοῦ
543 1651 550 1664 ,
560 1629 761 1664 διακονήσαντες
770 1635 823 1663 τοῖς

55 1672 138 1712 ἁγίοις
153 1674 198 1702 καὶ
214 1675 401 1706 διακονοῦντες.
420 1673 522 1710 Batiai,
539 1676 595 1706 πῶς
606 1675 692 1702 αὐτῶν
706 1675 822 1710 ἀνεκτή-

54 1730 120 1749 σατο
134 1720 182 1756 τήν
198 1720 287 1760 ψυχὴν
308 1721 352 1749 καὶ
375 1720 523 1759 ἀνέρρωσε,
541 1723 592 1749 τῶν
617 1721 738 1750 παλαιῶν
754 1723 821 1750 ἀνα·

87 1814 98 1824 “
117 1814 203 1846 [ἀηῧνς
219 1821 250 1837 ex
271 1820 351 1844 marg.
375 1811 485 1844 praetulit
509 1813 626 1837 Dunaeus.
651 1812 693 1837 Sic
717 1811 812 1837 habent

53 1861 153 1886 quoque
165 1854 193 1876 A.
196 1853 224 1876 B.
237 1852 336 1876 Comm.
342 1852 351 1883 ]

86 1900 96 1911 ¹
115 1892 177 1923 Quae
188 1892 256 1916 inter
267 1890 331 1915 duos
342 1891 446 1915 uncinos
457 1889 612 1914 clauduntur
623 1889 657 1913 ab
672 1891 816 1922 Interprete

54 1931 161 1962 Latino,
172 1938 202 1955 ex
213 1929 301 1955 Graeco
312 1937 358 1953 suo
373 1927 510 1961 exemplari
524 1936 640 1960 expressa
658 1927 740 1955 suere
751 1934 778 1952 et
791 1929 816 1952 'm

892 297 1032 326 tribulos:
1045 307 1107 326 nam
1125 297 1312 336 undecumque
1333 297 1362 326 id
1384 298 1511 334 tenueris,
1533 299 1594 327 serit
1612 307 1635 327 et

891 343 1006 380 mordet,
1019 350 1045 372 et
1060 343 1121 373 visu
1133 344 1213 372 etiam
1226 351 1265 373 est
1279 344 1399 373 deforme
1410 350 1436 372 et
1447 351 1553 373 tetrum.
1567 344 1636 373 Cum

890 399 952 428 crgo
967 399 1010 418 eos
1026 389 1090 418 satis
1107 389 1246 428 tetigisset,
1262 389 1399 418 terruisset
1417 400 1448 418 ac
1462 390 1635 430 pupugisset.

890 445 983 464 rursus
997 442 1074 464 curat
1093 446 1124 464 ac
1144 435 1281 473 medetur,
1295 446 1328 464 ne
1349 446 1393 464 eos
1410 435 1471 475 plus
1486 446 1568 474 quam
1586 447 1636 476 par

889 480 923 509 sit
943 480 1068 520 dejiciat,
1087 481 1252 520 ignavosque
1272 480 1366 510 reddat
1380 491 1411 510 ac
1425 482 1536 520 supinos
1550 494 1558 509 .·
1572 492 1634 511 nam

888 527 934 565 qui
951 537 1058 566 segnem
1072 527 1133 556 fem‘t
1151 537 1183 556 ac
1197 527 1318 556 desidem
1329 551 1336 564 ‚
1349 538 1412 556 eum
1426 527 1515 556 reddit
1530 529 1634 566 segnio-

889 583 952 601 rem.
967 573 1060 611 Neque
1080 583 1143 612 ergo
1159 573 1268 602 omnino
1279 573 1428 609 blanditur,
1439 583 1472 602 ne
1485 573 1576 602 animo
1587 584 1633 602 ex—

889 620 962 648 tollat
971 632 980 658 ,
996 631 1080 659 neque
1094 621 1203 660 gravius
1220 621 1298 657 ferit,
1313 631 1346 650 ne
1361 620 1457 650 reddat
1478 621 1631 660 segniores;

867 687 877 704 3
888 668 932 696 sed
947 668 1098 708 pauxillum
1110 669 1231 708 injiciens
1244 668 1316 707 quod
1328 669 1414 705 feriat,
1425 667 1543 697 multum
1553 669 1633 698 adhi-

887 714 932 743 bet
947 715 1019 753 quod
1035 721 1108 743 curet
1121 725 1152 743 ac
1166 714 1305 743 medeatur
1326 725 1374 754 per
1393 725 1422 743 ea
1440 725 1499 753 qua:
1515 715 1633 754 subjun-

887 759 934 797 git,
945 766 974 788 ut
987 760 1060 798 quod
1075 760 1134 789 vult
1141 760 1249 788 efficiat.
1265 759 1341 796 Quid
1350 760 1421 788 enim
1431 759 1521 789 dicit?
1533 764 1544 776 ‘³
1553 762 1565 798 [
1573 761 1632 789 Non

886 804 943 834 haee
957 805 1074 834 dicimus
1082 812 1223 844 >tamquam
1235 806 1282 844 qui
1293 816 1342 834 vos
1353 805 1633 836 condemnaverimus.

887 861 934 879 nee
945 858 974 880 ut
988 852 1035 890 qui
1050 851 1234 881 existimemus
1246 862 1294 880 vos
1306 862 1362 880 esse
1373 852 1466 891 plenos
1477 852 1572 892 spinis,
1587 853 1634 882 sed

886 903 916 925 ut
929 897 977 935 qui
990 897 1132 926 timeamus
1149 908 1182 926 ne
1195 898 1246 926 hoc
1265 897 1370 926 accidat
1381 909 1387 925 :
1400 897 1496 926 melius
1512 905 1551 927 est
1563 899 1634 927 enim

886 953 933 971 vos
945 943 1035 971 verbis
1047 950 1154 977 terrere,
1174 954 1207 972 ne
1219 954 1248 972 re
1263 943 1320 983 ipsa
1332 943 1453 972 doleatis.
1466 943 1502 973 Et
1516 944 1568 973 hoc
1580 955 1634 974 ma-

885 988 960 1017 xime
973 995 1012 1017 est
1023 989 1101 1017 Pauli
1115 989 1313 1028 prudentiaeAEt
1327 1000 1380 1018 non
1394 989 1476 1028 dixit,
1487 990 1634 1019 Existima-

884 1045 954 1068 mus,
966 1045 1022 1070 nec,
1032 1034 1206 1073 conjicimus,
1220 1046 1274 1071 nec,
1285 1034 1489 1075 ExspectamuS,
1499 1047 1556 1073 nec,
1571 1037 1635 1076 Spe-

884 1091 975 1108 ramus
986 1080 1050 1116 ;sed
1065 1079 1131 1118 quid
1140 1080 1171 1118 Ρ]
1183 1082 1210 1109 9.
1225 1082 1405 1118 Confidimus
1418 1089 1517 1111 autem
1532 1083 1568 1111 de
1579 1093 1634 1111 vo-

883 1127 937 1163 bis,
951 1126 1146 1159 dilectissimi,
1168 1126 1291 1154 meliora
1312 1133 1339 1155 et
1356 1129 1504 1156 viciniora
1528 1129 1631 1163 saluti,

882 1175 999 1201 tametsi
1021 1175 1065 1201 ita
1085 1173 1241 1210 loquimur.
1258 1172 1316 1201 Hoc
1338 1180 1392 1209 est,
1408 1174 1467 1202 Non
1483 1181 1512 1202 ut
1534 1174 1632 1204 conde-

881 1226 1002 1248 mnantes
1013 1229 1070 1255 vos,
1078 1219 1128 1247 ista
1135 1218 1261 1255 djcimus,
1274 1229 1359 1257 neque
1369 1226 1399 1247 ut
1409 1220 1569 1249 arbitrantes
1584 1231 1632 1249 vos

881 1265 966 1305 spinis
981 1275 1037 1294 esse
1052 1264 1154 1293 obsitos
1167 1271 1193 1293 et
1209 1265 1320 1304 plenos,
1334 1264 1381 1294 sed
1396 1265 1519 1294 timentes
1534 1277 1566 1295 ne
1580 1267 1632 1296 hoc

881 1311 1067 1351 fiat1praestat
1085 1310 1158 1339 enim
1183 1321 1231 1340 vos
1250 1321 1284 1339 ex
1308 1310 1397 1340 verbis
1418 1311 1582 1347 formidare,
1599 1323 1632 1341 ne

881 1367 909 1386 re
923 1357 982 1397 ipsa
997 1356 1105 1386 tandem
1127 1356 1250 1385 doleatis.
1270 1358 1358 1395 Atque
1371 1357 1398 1386 in
1413 1357 1465 1386 hoc
1479 1358 1630 1397 praesertim

881 1403 1024 1442 prudentia
1045 1402 1123 1431 Pauli
1144 1409 1264 1442 apparet.
1279 1404 1374 1441 Neque
1388 1414 1451 1432 vero
1467 1403 1559 1440 dixit,
1574 1406 1629 1433 Ar-

881 1449 1016 1477 bitramur
1025 1471 1033 1486 ,
1055 1459 1139 1487 neque
1148 1471 1157 1483 ‚
1181 1449 1368 1488 Conjecturam
1389 1449 1518 1485 facimus,
1531 1459 1628 1488 neque,

881 1495 1090 1534 Exspectamus‚
1101 1505 1197 1533 neque,
1211 1495 1367 1534 Speramus,
1377 1495 1424 1524 sed
1431 1495 1517 1534 quid?
1530 1496 1629 1535 Confi-

881 1542 985 1570 dimus.
999 1540 1081 1576 Quod
1095 1541 1174 1569 etiam
1189 1540 1295 1570 dicebat
1309 1541 1428 1570 scribens
1442 1541 1477 1570 ad
1492 1541 1604 1571 Galatas
1619 1553 1625 1568 :

881 1588 1005 1627 Confido
1021 1594 1120 1616 autem
1136 1588 1172 1616 de
1188 1589 1274 1616 vohis
1289 1590 1320 1616 in
1331 1589 1475 1623 Dominoj
1488 1589 1568 1627 quod
1584 1590 1628 1617 ni·
1642 1594 1691 1616 Gal
1710 1595 1770 1617 5.10

879 1634 924 1662 hil
937 1634 1023 1662 aliud
1033 1636 1162 1672 sapietis.
1170 1635 1232 1663 Non
1243 1633 1326 1669 dixit,
1336 1634 1447 1673 Sapitis‚
1459 1634 1517 1669 sed,
1528 1635 1630 1673 Sapie—-

879 1680 926 1707 tis.
941 1678 1002 1706 Illic
1016 1678 1126 1716 quidem
1136 1700 1144 1715 ,
1158 1678 1221 1716 quia
1235 1678 1314 1707 valde
1335 1689 1379 1707 eos
1399 1677 1628 1718 reprehenderat,

877 1732 925 1750 nec
939 1721 1055 1751 habebat
1071 1721 1142 1751 unde
1156 1732 1200 1751 eos
1213 1733 1229 1751 a
1243 1722 1322 1751 rebus
1338 1722 1516 1762 praesentibus
1530 1722 1629 1751 lauda-

862 1813 970 1837 Matiani
983 1814 1096 1838 rei-sione
1106 1813 1231 1846 leguntur.
1243 1814 1275 1838 In
1287 1813 1370 1838 Editis
1381 1819 1465 1837 autem
1475 1814 1570 1838 Graecis
1582 1822 1628 1838 no-

863 1851 922 1875 stris
935 1859 986 1876 non
999 1849 1133 1875 habentur.
1149 1851 1311 1875 Colbertinus
1326 1851 1413 1876 Codex
1427 1851 1467 1876 hic
1481 1850 1581 1883 deficit,
1595 1859 1624 1877 ut

865 1889 982 1914 diximus-

472 2027 648 2056 MUTIANO
670 2025 924 2056 SCHOLASTICO
946 2025 1202 2056 INTERPRETE.

53 2121 103 2158 vit,
117 2120 208 2150 dicens
220 2131 226 2147 :
238 2119 397 2158 Proser-ens
411 2124 509 2147 autem
522 2119 623 2156 spinas
634 2124 662 2146 et
675 2117 798 2146 tribulos
812 2128 820 2143 .-
835 2116 908 2146 unde
920 2116 992 2145 enim
1006 2123 1096 2145 tenere
1109 2116 1237 2154 volueris,
1251 2116 1367 2156 percutit
1381 2123 1406 2146 et
1421 2118 1528 2157 pungit,
1547 2126 1571 2149 et
1588 2127 1626 2150 est

53 2168 194 2197 molestum
208 2167 289 2196 etiam
300 2165 334 2194 ad
345 2164 504 2195 videndum.
522 2165 666 2204 Postquam
680 2175 723 2194 eos
739 2164 823 2203 igitur
838 2164 986 2204 increpavit
1000 2164 1180 2200 sufficienter,
1193 2171 1219 2193 et
1232 2164 1328 2193 terruit
1346 2172 1371 2193 et
1391 2166 1533 2204 percussit,
1549 2175 1626 2196 curat

52 2225 96 2244 cos
112 2215 220 2248 iterum,
233 2224 265 2242 ne
278 2213 396 2252 amplius
411 2223 455 2241 eos
471 2212 580 2252 dejiciat
596 2220 621 2242 et
637 2213 747 2252 supinos
762 2212 862 2241 efficiat
873 2224 879 2239 ε
892 2211 1000 2240 tardum
1009 2211 1081 2240 enim
1095 2212 1142 2250 qui
1155 2212 1283 2251 percutit,
1301 2211 1448 2241 tardiorem
1463 2213 1556 2243 efficit.
1569 2216 1624 2244 Ne-

51 2271 104 2299 que
119 2271 181 2300 ergo
195 2261 223 2289 in
236 2260 361 2289 omnibus
372 2260 509 2298 adulatur,
523 2271 556 2289 ne
569 2260 719 2300 supiniores
730 2260 848 2298 efficiat5
865 2270 950 2298 neque
961 2260 989 2288 in
1003 2259 1129 2288 omnibus
1141 2259 1256 2299 percutit
1265 2283 1273 2296 ‚
1285 2259 1331 2288 sed
1351 2260 1550 2298 aliquantulum
1563 2263 1623 2300 qui-

50 2307 112 2336 dem
134 2307 300 2347 percussori-³
320 2317 455 2346 apponens
465 2330 472 2343 ,
486 2307 604 2336 multum
615 2313 705 2335 autem
721 2307 854 2335 curatoria
866 2306 946 2335 affert
958 2316 1006 2345 per
1020 2316 1050 2334 ea
1063 2316 1122 2343 quae
1137 2305 1265 2334 inserunt.
1279 2305 1355 2340 Quid
1371 2307 1442 2334 enim
1454 2305 1548 2335 dixit?
1563 2308 1622 2336 Non

50 2355 134 2384 veluti
150 2355 288 2394 culpantes
299 2364 348 2383 vos
360 2354 416 2383 haec
426 2354 558 2391 dicimus,
572 2364 659 2393 neque
674 2353 757 2382 veluti
771 2360 893 2393 putantes
910 2364 956 2382 vos
971 2353 1057 2392 spinis
1071 2353 1173 2392 plenos,
1186 2352 1230 2382 scd
1247 2353 1370 2382 timentes
1390 2363 1423 2381 ne
1443 2353 1509 2382 tales
1521 2354 1623 2383 efficia-

50 2402 116 2432 mini
129 2414 136 2430 :
149 2402 246 2431 melius
263 2401 363 2441 quippe
375 2408 413 2430 est
424 2401 514 2431 verbis
526 2413 573 2431 vos
587 2409 694 2439 terrere,
703 2412 734 2430 ne
750 2401 831 2430 rebus
845 2401 911 2440 ipsis
923 2399 1046 2430 doleatis.
1062 2400 1098 2429 Et
1111 2400 1162 2429 boc
1178 2400 1315 2440 sapientiae
1330 2400 1409 2429 Pauli
1424 2407 1473 2437 est,
1489 2408 1514 2430 et
1532 2401 1623 2431 maxi*

51 2460 111 2479 mae.
122 2450 157 2479 Et
170 2460 223 2479 non
231 2449 312 2485 dixit,
324 2449 462 2486 Putamus,
477 2459 562 2488 neque
575 2449 743 2489 conjicimus,
757 2459 842 2488 neque
855 2455 1052 2488 exspectamus,
1067 2458 1152 2486 neque
1166 2458 1319 2488 spcramus;
1329 2446 1375 2476 sed
1386 2447 1453 2486 quid
1464 2447 1478 2476 Ξ)
1491 2448 1623 2487 Confidi-

51 2507 115 2525 mus
128 2502 226 2525 autem
241 2496 276 2525 de
287 2497 383 2531 vobis,
397 2496 580 2525 dilectissimi
591 2496 730 2532 ‚meliora
741 2503 769 2525 et
780 2497 921 2525 habentia
931 2496 1074 2531 salutem,
1084 2497 1201 2524 tametsi
1214 2496 1256 2524 sic
1273 2494 1429 2534 loquimur.
1442 2494 1524 2530 Quod
1539 2495 1620 2525 etiam

52 2541 88 2572 ad
100 2542 211 2572 Galatas
223 2542 342 2572 scribens
352 2565 360 2579 ‚
373 2542 480 2572 dicebat
493 2554 499 2570 :
513 2543 638 2583 Confido
655 2549 754 2572 autem
768 2543 804 2572 de
818 2544 902 2572 vohis
921 2545 953 2571 in
967 2543 1108 2580 Domino,
1129 2543 1269 2581 quoniam
1286 2542 1361 2570 nihil
1382 2542 1472 2570 aliud
1489 2543 1619 2581 sapietis.

51 2589 113 2619 Illic
127 2590 197 2622 euim
206 2590 286 2629 ,quia
297 2589 377 2621 valde
391 2590 539 2630 culpabiles
551 2597 639 2629 erant,
653 2597 679 2620 et
689 2601 742 2621 non
753 2597 809 2620 erat
824 2590 896 2620 unde
911 2601 954 2620 eos
970 2589 1004 2620 de
1017 2589 1194 2630 praesentibus
1207 2588 1346 2625 laudaret,
1361 2599 1397 2618 ex
1410 2589 1508 2618 futuris
1520 2589 1570 2618 hoc
1581 2589 1607 2617 sa
