1886 2846
232 177 297 218 134
567 185 594 207 s.
624 184 762 208 smmis
788 181 967 206 (ῑιιιιγεοετ.

224 256 271 277 cat
291 258 378 286 supra
398 247 622 285 simdamentmn
639 247 709 281 hoc,
731 255 844 275 aurum.
862 252 963 281 argen-

225 303 294 330 tum,
304 295 414 333 Iapides
423 296 574 332 pretiosos,
586 293 804 331 lignaffisoenmn,
816 289 962 327 stipulam.

226 341 287 369 ldeo
298 340 404 370 dicebat
417 352 423 367 :
437 341 501 368 ,Yon
515 348 626 367 rursum
636 335 963 376 jacie„inssumlamen-

225 394 285 416 tum
296 387 515 425 pumiceiztnvab
529 386 660 423 operibns
672 383 800 410 mortuis.

266 435 292 460 ἰ).
311 432 384 467 Quid
408 438 445 460 cst
469 438 570 466 autem,
592 430 645 458 Ad
661 428 866 466 perfectionem
877 424 964 462 sera-

227 482 312 506 mnr?
324 478 463 517 Deinceps,
479 477 573 514 inquit,
586 474 760 513 procedamus
774 470 807 498 ad
823 470 912 508 ipsum
926 469 964 497 fa-

73 537 139 557 Fntr,
155 537 214 557 nrm,
227 524 349 561 stigium,
362 524 412 552 hoc
424 530 472 553 cst.
488 523 570 550 vitum
584 520 727 547 habeamus
739 515 878 554 optimam.
889 515 965 544 Sicut

73 573 139 587 ''¹³¹''
151 575 191 594 ¹¹²¹·
227 572 297 599 cuim
313 570 339 598 in
353 569 489 597 elementis
502 570 520 594 A
534 573 617 594 totum
629 563 754 597 continet,
765 568 789 589 ct
806 560 965 589 fundamen-

73 606 110 618 ι.ιιι

112 607 118 618 ι

130 603 194 626 [unul.

229 623 285 644 tum
298 623 381 644 totum
396 613 539 642 :edificium
553 621 557 636 :
571 610 606 637 ita
617 608 697 636 ctiam
709 607 791 635 vitam
801 617 896 646 puram
909 617 964 634 cer-

227 668 252 690 ta
264 662 289 690 in
302 661 354 689 side
365 658 506 699 pei-suasio.
520 656 626 692 Absque
638 664 667 682 ea
678 659 766 681 autem
781 652 839 680 fieri
852 662 903 680 non
916 662 965 691 po-

225 714 274 736 test
290 714 317 735 ut
332 707 367 735 sis
382 703 548 733 Christianus
563 712 568 727 ;
581 700 649 728 sicut
661 709 707 727 nee
719 697 864 726 aedificium
879 704 965 737 potest

224 764 279 782 csse
288 753 386 790 absque
397 746 585 782 fundamentis,
595 755 679 784 neque
694 744 751 773 fieri
765 751 851 784 potest
866 751 895 772 ut
906 744 966 773 abs-

225 810 276 837 que
289 795 423 826 clementis
439 794 474 822 sis
489 792 589 832 peritus
604 791 752 820 literarum.
767 789 820 820 Sed
836 789 965 828 quemad-

223 843 333 872 modum
348 842 368 869 si
382 840 441 879 quis
453 849 556 878 semper
567 844 687 866 versetur
701 838 772 865 circa
789 835 933 872 elementa,
942 836 964 865 si

222 890 281 928 quis
292 889 361 917 circa
370 885 582 919 fundamentum,
594 894 645 912 non
656 883 726 912 circa
737 882 895 917 aedificinm‚
911 892 964 911 non

222 936 271 964 erit
292 934 314 963 ei
337 932 485 972 quidquam
506 930 624 970 amplius
639 942 645 957 :
662 930 700 959 sic
715 929 791 957 nobis
805 929 909 957 eveniet
923 941 929 956 :
942 929 964 958 si

223 981 292 1010 enim
320 990 424 1019 semper
450 978 478 1007 in
502 977 565 1006 fidei
591 976 670 1005 initio
694 985 866 1009 maneamus,
885 985 965 1004 num-

221 1038 302 1066 quam
319 1025 352 1055 ad
369 1026 426 1065 ojus
449 1023 636 1064 perfectionem
655 1022 800 1051 veniemus.
819 1021 862 1049 Tu
875 1027 964 1050 autem

221 1084 254 1103 nc
265 1073 400 1102 existimes
413 1071 563 1099 detractum
585 1079 640 1097 esse
663 1068 743 1104 fidei,
765 1067 837 1105 quod
860 1078 890 1096 ea
911 1068 963 1096 cle-

222 1127 342 1149 mentum
365 1119 400 1147 sit
423 1124 514 1146 vocata
531 1128 537 1143 :
551 1126 582 1144 ea
605 1115 675 1143 enim
695 1121 735 1143 est
759 1120 813 1142 tota
839 1121 962 1153 potestas.

223 1168 291 1196 Nam
305 1165 412 1205 quando
434 1164 514 1199 dicit,
528 1164 630 1192 Omnis
647 1163 724 1189 enim
745 1162 795 1200 qui
812 1161 897 1189 laclt's
921 1168 963 1189 est

221 1215 366 1251 particeps
376 1233 383 1246 ‚
395 1217 436 1239 est
447 1210 595 1248 imperitus
615 1209 753 1236 sermonis
762 1208 886 1245 justili'ae
900 1218 907 1233 .-
921 1213 963 1235 est

223 1261 300 1287 enim
315 1259 416 1297 infans
430 1270 439 1290 ;
453 1266 503 1284 non
516 1265 574 1282 eam
589 1260 667 1282 vocat
679 1252 840 1291 laejustitice
851 1264 859 1289 3
871 1252 916 1281 sed
930 1253 964 1281 de

224 1304 266 1332 bis
278 1303 367 1332 adhuc
380 1301 520 1335 dubitare,
531 1307 569 1328 est
592 1299 686 1327 mentis
706 1298 845 1326 imbecille
863 1305 886 1326 et
903 1308 962 1336 quae

224 1351 316 1379 multis
331 1349 430 1388 indiget
445 1348 600 1377 rationibus.
618 1347 680 1374 lla‘c
696 1346 767 1374 enim
783 1345 962 1384 suntdogma—

224 1404 249 1425 ta
265 1408 324 1435 quae
341 1403 401 1425 sunt
421 1402 489 1423 recta
509 1401 534 1422 et
554 1402 616 1421 sana
635 1403 640 1418 :
658 1391 736 1419 illum
748 1401 862 1429 namque
881 1402 963 1420 voea-

225 1454 284 1472 mus
291 1443 443 1482 perfectum,
450 1440 495 1478 qui
507 1450 569 1467 cum
576 1437 630 1466 fide
638 1444 735 1465 rectam
744 1436 823 1465 habet
831 1437 924 1465 vitam.
933 1437 963 1466 Si

225 1489 284 1526 quis
299 1495 386 1516 autem
404 1486 483 1515 fidem
503 1484 612 1523 quidem
634 1483 745 1520 habeat,
761 1483 858 1511 scelera
874 1490 961 1512 autem

999 179 1153 201 Attcmtit‘.
1181 178 1243 200 (1ολ
1249 178 1449 202 ΞΤΑΝΓΙΝΟΡ.

1019 240 1116 277 λάμην.
1130 239 1181 268 Διὰ
1195 242 1270 268 τοῦτο
1288 239 1376 279 ἔλεγε,
1393 240 1440 275 Μὴ
1461 240 1539 269 πάλιν
1557 240 1781 278 θεμέλιοναατα-

1019 286 1176 323 θαλλόμενοι
1192 285 1331 322 μετανοίας
1346 285 1398 315 ἀπὸ
1412 289 1509 325 νεκρῶν
1526 287 1617 325 ἔργων.

1055 423 1092 452 Τί
1122 423 1149 453 δέ
1173 425 1259 459 ἐστιν,
1283 423 1347 452 Ἐπὶ
1371 425 1419 460 τὴν
1448 426 1599 462 τελειότητα
1627 427 1782 467 φερώμεθα;

1018 468 1088 513 Πρὸς
1112 468 1192 504 αὐτὴν
1213 471 1342 509 χιι)ρῶμεν
1364 471 1471 506 λοιπὸν,
1487 472 1568 510 φησὶ,
1593 473 1640 508 τὴν
1664 473 1760 514 ὀροφήν
1774 485 1782 491 ·

985 517 1000 539 Β
1016 514 1150 550 τουτέστι,
1168 515 1223 554 βίον
1239 516 1344 554 ἄριστον
1360 515 1472 555 ἔχωμεν.
1483 515 1592 556 Ὠσπερ
1605 519 1656 558 γὰρ
1671 519 1716 548 ἐπὶ
1730 521 1782 548 τῶν

1017 560 1153 599 στοιχείων
1166 561 1196 589 τὸ
1209 565 1261 589 πᾶν
1275 561 1305 589 τὸ
1319 561 1389 600 ἄλφα
1400 560 1513 600 συνέχει,
1525 562 1570 591 καὶ
1581 565 1594 591 ὁ
1607 563 1725 602 Οεμέλιος
1735 564 1782 600 τὴν

1016 611 1103 635 πᾶσαν
1118 607 1258 645 οἰκοδομήν
1269 619 1276 625 ·
1288 607 1356 636 οὕτω
1368 607 1413 637 καὶ
1425 610 1470 636 τοῦ
1486 607 1542 646 βίου
1554 608 1602 644 τὴν
1616 609 1783 648 καθαρότητα

1016 654 1032 687 ἡ
1050 652 1110 691 περὶ
1131 651 1179 687 τὴν
1195 652 1284 681 πίστιν
1298 653 1473 692 πληροφορία.
1488 653 1594 689 Ταύτης
1609 653 1636 683 δὲ
1655 654 1716 683 ἄνευ
1737 656 1784 684 οὐκ

1015 697 1086 727 ἔστιν
1110 694 1176 728 εἶναι
1191 699 1349 737 Χριστιανόν
1363 711 1368 717 ·
1385 699 1475 739 ὥσπερ
1490 700 1546 729 οὐδὲ
1571 699 1699 739 θεμελίων
1723 701 1783 730 ἄνευ

1015 744 1154 792 οἷκοδιῦιιὴν
1166 765 1173 778 ,
1191 744 1248 774 οὐδὲ
1263 745 1400 785 στοιχείων
1415 746 1496 785 χωρὶς
1510 746 1634 786 ἔμπειρον
1654 746 1783 786 γραμμά-

1015 802 1067 818 των
1082 793 1157 819 εἶναι.
1171 790 1240 819 Ἀλλ’
1254 791 1345 830 ὥσπερ
1360 791 1404 819 ἐάν
1422 803 1461 824 τις
1485 791 1525 820 ἀεὶ
1539 791 1600 830 περὶ
1615 791 1648 821 τὰ
1664 796 1782 832 στοιχεῖα

1015 836 1201 875 χαταγίνηται,
1215 836 1232 871 ἢ
1251 837 1276 864 εἴ
1297 849 1336 869 τις
1353 837 1414 877 περὶ
1426 837 1470 865 τὸν
1491 837 1612 876 θεμέλιον
1627 838 1782 878 στρέφηται,

1016 883 1060 911 καὶ
1071 884 1118 912 οὐκ
1129 882 1274 922 ἀνέρχηται
1285 882 1328 911 ἐπὶ
1340 882 1386 917 τὴν
1399 883 1539 920 οἰκοδομὴν
1549 905 1556 915 .
1571 883 1697 913 οὐδέποτε
1708 883 1783 914 ἔσται

1017 930 1088 968 αὐτῷ
1111 941 1137 957 τι
1159 928 1237 958 πλέον
1253 940 1259 946 ·
1283 927 1351 957 οὕτω
1373 928 1418 957 καὶ
1443 928 1483 967 ἐφ’
1506 931 1582 967 ἡμῶν
1596 941 1602 947 ·
1618 929 1648 958 ἂν
1670 929 1722 970 γὰρ
1742 931 1783 958 ἀεὶ

1017 976 1030 989 ¹
1041 975 1085 1003 ἐπὶ
1108 974 1156 1009 τὴν
1186 974 1270 1015 ἀρχὴν
1295 977 1343 1009 ’.ἧς
1365 974 1478 1007 πίστεως
1502 974 1636 1013 μένωμεν,
1661 975 1784 1004 οὐδέποτε

1016 1022 1081 1060 πρὸς
1094 1021 1124 1050 τὸ
1137 1020 1235 1050 τέλειον
1251 1020 1348 1056 ταύτης
1363 1021 1558 1058 ἀναθησόμεθα.
1576 1021 1615 1050 Σὺ
1631 1021 1658 1050 δὲ
1675 1021 1712 1060 μὴ
1736 1033 1782 1051 νο-

993 1072 1000 1094 2
1017 1067 1096 1105 μίσῃς
1110 1068 1279 1102 ἠλαττῶσθαι
1294 1066 1341 1101 τὴν
1356 1066 1444 1095 πίστιν
1460 1066 1502 1095 διὰ
1516 1067 1546 1095 τὸ
1571 1071 1700 1106 στοιχεῖον
1716 1069 1784 1103 κλη-

1017 1116 1094 1148 θῆναι
1107 1125 1112 1131 ·
1127 1116 1144 1148 ἡ
1161 1112 1211 1152 γὰρ
1232 1117 1306 1141 πᾶσα
1321 1112 1431 1150 δύναμις
1454 1112 1520 1147 αὕτη
1537 1112 1617 1141 ἐστίν.
1629 1112 1716 1142 αΟταν
1731 1113 1783 1152 γὰρ

1016 1159 1096 1198 λέγῃ,
1111 1160 1169 1191 Πᾶς
1183 1158 1233 1197 γὰρ
1248 1161 1261 1186 ὁ
1277 1157 1394 1196 μετέχων
1417 1158 1562 1196 γάλακτος,
1578 1159 1685 1199 ἄπειρος
1704 1159 1783 1199 λόγου

1017 1204 1197 1239 δικαιοσύνης,
1211 1204 1302 1239 νήπιος
1316 1203 1368 1242 γάρ
1386 1205 1455 1232 ἐστιν
1465 1226 1472 1238 ,
1495 1206 1524 1233 οὗ
1537 1204 1607 1242 γάλα
1621 1204 1719 1240 ταύτην
1735 1217 1783 1234 κα-

1016 1252 1073 1279 λεῖ·
1090 1249 1158 1279 ἀλλὰ
1176 1250 1206 1278 τὸ
1229 1249 1406 1288 ἀμφιῧάλλειν
1430 1249 1469 1277 ἔτι
1493 1249 1553 1288 περὶ
1569 1249 1681 1285 τούτων,
1705 1251 1783 1280 τοῦτό

1016 1298 1085 1325 ἐστιν
1101 1298 1221 1328 ἀσθενοῦς
1237 1294 1350 1327 διανοίας
1365 1294 1409 1322 καὶ
1425 1294 1508 1333 λόγων
1526 1295 1650 1332 δεομένης
1668 1296 1782 1326 πολλῶν.

1017 1342 1060 1371 Τὰ
1074 1342 1124 1381 γὰρ
1141 1342 1259 1380 δόγματα
1279 1340 1363 1369 ταῦτά
1382 1342 1437 1369 ἐστι
1458 1339 1491 1368 τὰ
1515 1342 1575 1379 ὑγιῆ
1588 1353 1594 1359 ·
1611 1341 1709 1371 τέλειον
1731 1342 1783 1383 γὰρ

1017 1390 1113 1417 ἐκεῖνον
1128 1389 1260 1425 καλοῦμεν
1280 1386 1323 1415 τὸν
1339 1386 1407 1424 μετὰ
1420 1389 1466 1421 τῆς
1486 1386 1599 1420 πίστεως
1615 1386 1671 1426 βίον
1686 1387 1782 1427 ἔχοντα

1016 1433 1101 1472 ὀρθόν.
1119 1433 1184 1462 ’Eam
1208 1432 1236 1462 δέ
1258 1444 1297 1464 τις
1311 1432 1399 1460 πίστιν
1417 1431 1464 1468 μὲν
1479 1431 1545 1471 ἔχῃ,
1559 1433 1664 1472 πράττῃ
1680 1433 1708 1463 δὲ
1730 1445 1779 1463 πο-

1015 1479 1098 1518 νηρὰ,
1115 1479 1159 1507 καὶ
1185 1479 1246 1518 περὶ
1270 1479 1350 1513 αὐτῆς
1372 1478 1399 1506 δὲ
1421 1477 1518 1512 ταύτης
1540 1478 1711 1518 ἀμφιῧάλλῃ,
1735 1479 1781 1508 καὶ

224 1534 363 1566 admittat,
384 1540 409 1561 et
431 1532 531 1561 dehac
555 1531 611 1569 ipsa
629 1528 748 1564 dubitet,
765 1536 790 1557 et
811 1528 960 1558 doctrinam
982 1530 999 1551 D
1016 1526 1108 1565 ὑδρίζῃ
1134 1525 1182 1560 τὴν
1208 1523 1380 1553 διδασκαλίαν
1394 1535 1401 1542 ·
1428 1523 1534 1556 εἰκότως
1558 1524 1636 1553 αὐτὸν
1661 1524 1780 1564 φήσομεν

224 1580 324 1620 probro
338 1579 448 1615 afficiat,
462 1577 558 1607 merito
572 1586 632 1605 eum
645 1575 764 1604 dicemus
778 1575 916 1611 infantem,
933 1582 961 1603 ut

223 1626 269 1664 qui
295 1625 329 1654 ad
355 1625 443 1664 ipsum
471 1622 613 1653 recurrerit
635 1622 753 1651 initium.
778 1621 961 1657 Quamobrem

261 1735 268 1742 ”
289 1731 362 1764 [leg.
375 1734 426 1764 περὶ
440 1735 480 1759 τὴν
493 1735 573 1762 ἀρχὴν.
586 1729 712 1760 Βιηιωιιε.]

1015 1573 1122 1608 νήπιον,
1137 1571 1180 1600 ἐπὶ
1195 1571 1242 1606 τὴν
1257 1570 1342 1610 ἀρχὴν
1359 1570 1552 1609 ἀναδραμόντα.
1567 1569 1651 1599 “sture
1666 1571 1716 1599 κᾶν
1729 1583 1781 1608 μυ-

1017 1619 1058 1658 ρία
1073 1618 1118 1653 ἔτη
1135 1619 1160 1647 ἐν
1175 1620 1207 1656 τῇ
1223 1617 1310 1646 πίστει
1325 1616 1443 1656 ἔχωμεν,
1459 1616 1503 1645 καὶ
1526 1616 1563 1654 μὴ
1586 1616 1688 1654 βέὸαιοι
1709 1611 1781 1655 ὦμεν

645 1853 817 1883 MUTIANO
840 1852 1095 1882 SCHOLASTICO
1117 1850 1367 1881 INTERPRETE.

225 1973 307 2012 pides
315 1972 465 2009 pretiosos,
477 1968 568 2007 ligna,
573 1968 699 2006 foenum,
714 1966 863 2005 stipulam.
877 1966 925 1994 Ne
938 1967 1053 2003 ilerum,
1069 1964 1410 2004 inquit‚fundamentum
1425 1965 1632 1994 constituentes
1645 1967 1783 2005 poeniten-

229 2024 276 2050 tioe
292 2020 329 2048 1111
343 2018 474 2056 operibus
486 2017 615 2043 mortuis.

270 2064 346 2103 Quid
359 2071 447 2093 autem
461 2070 515 2098 est,
532 2061 578 2089 Ad
587 2062 939 2101 perfectionem-feramur
950 2063 962 2088 Ρ
974 2059 1015 2088 Ad
1027 2060 1116 2099 ipsum
1125 2082 1133 2094 ,
1158 2059 1245 2097 inquit
1255 2081 1263 2095 ‚
1276 2059 1502 2098 transeamusjam
1515 2069 1657 2097 eacumen;
1670 2060 1722 2090 hoc
1733 2069 1782 2100 est,

229 2114 313 2143 vitam
325 2111 456 2151 optimam
465 2109 620 2137 habeamus.
639 2107 714 2135 Sicut
734 2107 805 2136 enim
826 2107 853 2136 in
874 2106 1010 2136 elementis
1027 2106 1181 2135 universum
1201 2115 1269 2144 apex
1282 2105 1402 2144 primm,
1416 2105 1468 2134 hoe
1481 2112 1520 2134 est
1533 2105 1629 2145 alpha,
1644 2107 1762 2138 continet
1775 2131 1783 2145 ‚

231 2168 255 2190 et
266 2159 470 2189 fundamentum
482 2154 625 2184 aedifieium
639 2160 723 2182 totum
737 2154 854 2183 continet
869 2166 875 2182 :
887 2154 925 2183 sic
935 2160 960 2182 et
975 2153 1038 2182 vitaz
1049 2152 1211 2181 munditiam
1225 2151 1369 2180 satisfactio
1379 2174 1386 2188 ‚
1401 2162 1460 2190 quae
1472 2158 1511 2180 est
1523 2152 1593 2180 circa
1608 2152 1690 2182 fidem
1701 2175 1710 2190 ‚
1723 2164 1785 2184 con-

231 2208 306 2236 tinet.
328 2206 391 2235 Sine
405 2204 455 2232 isia
470 2202 540 2231 enim
554 2211 605 2230 non
618 2207 703 2240 potest
717 2211 772 2229 esse
783 2200 952 2229 Christianus
965 2223 972 2236 ‚
987 2199 1067 2229 sicuti
1087 2209 1173 2238 neque
1185 2198 1240 2227 sine
1254 2197 1427 2226 fundamento
1446 2197 1608 2236 aedificium,
1623 2209 1708 2238 neque
1728 2200 1786 2231 sine

229 2253 367 2283 elementis
380 2251 480 2292 peritus
493 2250 631 2278 literarum
643 2247 701 2276 sieri
716 2255 810 2287 potest.
825 2248 878 2277 Sed
890 2249 913 2276 si
925 2248 1068 2286 quisquam
1083 2257 1187 2287 semper
1197 2246 1267 2275 circa
1277 2246 1406 2274 elementa
1416 2252 1603 2282 conversetur,
1613 2253 1638 2276 et
1650 2256 1702 2277 non
1715 2248 1786 2278 circa

231 2300 375 2330 aedificium
385 2322 393 2334 ,
411 2307 560 2335 numquam
577 2295 617 2324 illi
632 2294 776 2334 quicquam
790 2295 906 2334 amplius
920 2295 979 2323 erit.
995 2295 1040 2323 Tu
1059 2301 1146 2323 autem
1161 2304 1193 2322 ne
1209 2299 1284 2332 putes
1299 2292 1462 2321 diminutam
1481 2302 1538 2321 esse
1550 2292 1632 2322 fidem
1654 2316 1662 2330 ,
1675 2303 1787 2335 propter

232 2348 304 2387 quod
318 2348 476 2376 elementum
490 2350 582 2373 vocata
596 2350 635 2372 est
650 2354 657 2373 ε
673 2341 761 2371 omnis
775 2342 845 2370 enim
860 2342 946 2370 virtus
964 2342 1021 2382 ipsa
1035 2348 1082 2370 est.
1096 2341 1166 2370 Cum
1179 2341 1250 2369 enim
1263 2340 1346 2376 dicit,
1362 2341 1464 2369 Omnis
1479 2341 1530 2379 qui
1538 2342 1733 2380 participatur
1742 2343 1786 2372 la-

233 2403 294 2433 cte,
307 2405 407 2434 expers
417 2400 458 2422 est
470 2393 610 2421 sermonis
618 2391 741 2430 justitioe
751 2401 762 2423 ;
771 2390 913 2428 parvulus
924 2392 1002 2418 enim
1013 2396 1054 2418 est
1064 2401 1075 2423 ,-
1087 2398 1139 2417 non
1154 2388 1196 2416 lae
1213 2398 1270 2416 eam
1287 2387 1404 2427 appellat
1416 2409 1425 2422 ‚
1442 2386 1490 2416 sed
1502 2386 1637 2426 ambigere
1651 2388 1740 2418 adhuc
1753 2389 1788 2420 de

233 2443 267 2471 iis
281 2453 339 2481 quae
353 2443 380 2470 in
392 2442 439 2470 illa
453 2447 514 2470 sunt
523 2462 532 2475 ,
542 2439 593 2468 hoc
608 2445 647 2467 est
662 2437 762 2466 infirmi
777 2436 858 2465 animi
873 2444 899 2464 et
910 2447 1062 2465 sermonum
1077 2436 1257 2476 plurimorum
1268 2434 1420 2474 indigentis·
1435 2435 1567 2474 Dogmata
1582 2435 1653 2463 enim
1663 2435 1712 2465 ista
1725 2445 1788 2467 suut

233 2498 308 2517 sana.
331 2488 479 2517 Perfectum
495 2485 655 2515 eniminum
669 2493 814 2518 vocamus,
829 2482 877 2521 qui
898 2493 959 2510 cum
974 2483 1027 2511 fide
1049 2483 1133 2512 vitam
1156 2482 1237 2511 habet
1257 2488 1355 2510 rectam
1371 2493 1381 2509 .-
1397 2481 1421 2510 si
1439 2487 1528 2510 autem
1547 2480 1690 2520 quisquam
1704 2483 1786 2514 fidem

233 2534 343 2572 quidem
354 2533 449 2569 habet,
463 2539 524 2572 agat
535 2539 623 2561 autem
637 2530 754 2570 maligna
767 2553 775 2565 ‚
792 2537 818 2559 et
831 2529 865 2559 de
878 2530 928 2558 ista
942 2529 997 2568 ipsa
1011 2529 1064 2558 fide
1077 2530 1216 2568 ambigat,
1231 2536 1258 2558 et
1272 2528 1382 2568 injuriet
1401 2529 1487 2568 ipsam
1510 2526 1659 2557 doctrinam
1672 2541 1678 2558 :
1691 2531 1786 2561 merito

234 2591 295 2609 eum
305 2580 420 2609 dicimus
434 2579 577 2618 parvulum
594 2578 627 2606 ad
642 2577 750 2606 initium
764 2576 926 2606 redeuntem.
943 2576 1058 2605 Proinde
1066 2583 1091 2605 et
1106 2577 1128 2606 si
1143 2576 1218 2605 mille
1228 2586 1311 2605 annos
1323 2575 1349 2604 in
1365 2574 1419 2604 fide
1434 2574 1594 2613 habeamus,
1608 2582 1633 2604 et
1648 2575 1720 2606 firmi
1731 2587 1785 2608 non
