1886 2846
220 178 266 211 sti
563 190 590 211 s.
620 190 758 212 mmsis
785 189 963 212 cumsosr.

222 260 263 278 ine
275 249 342 278 lianc
357 256 457 289 partem
469 249 613 278 :edificavit
627 250 704 279 nobis
716 251 787 279 Deus
799 261 833 279 cx
845 250 958 280 ossibus,

221 303 357 334 tamquam
386 307 419 324 ex
445 296 610 334 quibusdam
639 296 776 335 lapidibus
793 319 800 329 ,

222 342 388 370 munimento
402 342 424 370 ei
438 342 627 381 circumposito
641 365 648 376 ,
666 353 697 370 ne
709 342 750 370 his
763 341 904 379 aliquando
917 340 959 367 ‹li-

222 388 306 426 ruptis
322 395 346 415 et
361 387 481 416 dissectis
491 410 498 420 ,
511 395 595 416 totum
611 388 749 427 perimeret
763 386 871 414 animal.
887 385 960 422 lgnis

825 296 911 323 sulero
935 301 959 323 et

223 440 262 461 est
276 434 357 469 enim,
370 433 467 472 inquit,
479 441 606 471 etumgna
621 440 770 472 tempestas.
783 439 807 460 et
822 442 872 460 non
884 430 959 458 aliud

224 480 376 508 membrum
401 480 469 509 bane
494 481 549 509 vim
574 481 738 508 sustinuerit.
761 479 858 507 Dicunt
879 476 959 505 etiam

223 527 320 556 medici
336 538 364 556 ea
377 527 411 556 de
422 539 499 556 causa
517 527 590 555 cordi
606 528 767 555 substratum
781 536 836 553 csse
851 523 959 563 pulmo-

223 583 282 601 nem
297 596 303 603 .
322 580 348 600 ut
366 573 452 612 ipsum
467 583 530 604 cor.
546 582 606 600 euin
620 572 651 599 sit
666 572 691 599 in
707 570 780 598 mulli
794 592 801 603 ‚
822 576 958 606 tamquam

223 620 248 648 in
271 620 387 658 aliquam
405 620 522 647 insiliens
547 619 696 658 spongiam,
723 617 884 654 requieseat3
908 626 958 645 non

222 674 309 695 :tutem
325 667 349 694 in
367 666 488 694 resistens
505 672 529 693 ct
545 665 645 692 durum
669 670 769 703 peetus.
792 673 824 691 ne
845 662 960 691 laedntur

222 713 322 751 impetn
336 712 460 740 saltuum.
472 712 548 749 Opus
558 717 665 747 estergo
677 709 753 737 nobis
763 708 844 736 torim
857 707 958 746 valida,

221 765 249 786 ut
268 758 338 785 lianc
355 758 434 785 seram
450 762 577 794 perpetuo
590 761 726 783 conservet
742 754 767 782 in
780 754 960 793 quietczopus

220 811 259 832 est
279 811 368 831 antem
389 802 467 830 nobis
481 803 560 829 etiam
575 800 658 839 galea.
674 801 743 829 Nam
762 799 889 838 quoniam
904 800 961 829 illic

220 856 258 877 cst
282 848 393 876 facultas
413 846 601 883 ratiocinandi,
619 853 643 874 et
669 856 703 874 ex
729 845 780 874 hoc
806 852 893 885 potest
918 846 959 874 vel

219 894 338 930 servari,
363 892 469 931 quando
490 892 557 920 fiunt
578 902 636 930 quae
659 898 781 931 oportet;
796 891 837 920 vel
857 891 960 931 perire,

218 938 325 977 quando
337 949 410 966 secus
423 950 429 966 τ
441 944 580 977 propterea
595 937 691 976 inquit,
701 938 739 966 El
749 938 867 977 galeam
879 938 960 966 salu-

219 987 263 1014 tis.
287 985 353 1013 §nm
379 984 516 1012 cerebrum
531 982 640 1022 quidem
655 990 749 1011 natura
763 990 802 1011 est
819 983 916 1020 molle;
935 990 961 1012 et

218 1030 276 1059 idco
291 1030 409 1069 quadam
426 1029 508 1058 veluti
523 1035 587 1058 testa
597 1039 710 1068 superne
722 1029 820 1068 tegitur
829 1029 956 1057 calvaria.

219 1077 267 1105 Est
281 1084 370 1105 autem
385 1076 462 1105 nobis
477 1086 556 1104 causa
579 1075 699 1103 omnium
714 1075 846 1103 bonorum
861 1082 887 1104 et
904 1086 959 1103 ina-

219 1124 315 1159 lorum,
330 1122 402 1161 quod
421 1127 561 1159 cognoseat
576 1127 601 1149 et
620 1131 678 1159 quae
690 1122 786 1160 juvant
797 1128 823 1149 et
834 1131 892 1159 quae
908 1131 959 1150 no·-

219 1178 278 1196 eere
293 1173 412 1206 possunt.
431 1167 492 1195 Jam
508 1175 572 1193 vero
597 1165 677 1204 pedes
697 1175 802 1203 quoque
823 1171 848 1193 et
867 1175 960 1194 manus

221 1214 297 1243 nobis
319 1213 401 1242 armis
421 1211 541 1250 indigent
557 1223 563 1238 τ
584 1222 635 1240 non
661 1211 703 1240 hae
718 1222 812 1240 manus
828 1222 913 1250 neque
932 1212 957 1240 hi

221 1259 311 1299 pedes,
329 1258 375 1287 sed
399 1269 492 1286 rursus
513 1257 594 1297 pedes
616 1264 642 1286 et
666 1268 761 1286 manus
785 1257 880 1286 animae
895 1270 902 1285 .-
919 1257 960 1286 hae
977 1277 983 1286 ι

221 1305 330 1344 quidem
342 1316 400 1344 quae
412 1311 515 1344 oportet
529 1303 697 1338 meditantes,
711 1303 750 1332 illi
761 1311 850 1332 autem
863 1311 891 1332 ut
900 1311 960 1333 eant

221 1362 274 1390 quo
290 1351 373 1380 decet.
398 1351 443 1379 Sic
460 1361 523 1389 ergo
547 1361 594 1379 nos
617 1360 759 1385 armemus,
774 1357 799 1378 et
814 1350 960 1389 poterimus

221 1397 309 1425 hostes
324 1407 458 1436 superare,
478 1403 503 1425 et
524 1407 619 1425 corona
644 1396 763 1424 victoria?
785 1395 916 1433 redimiri,
933 1396 959 1424 in

222 1442 330 1470 Christo
347 1443 409 1471 ,lesu
427 1442 542 1470 Domino
554 1449 658 1477 nostr0,
675 1452 734 1469 cum
749 1452 802 1480 qno
814 1441 886 1470 Patri
899 1464 907 1476 ‚
921 1442 958 1470 si-

223 1488 331 1526 mulque
341 1495 431 1516 sancto
450 1487 564 1527 Spiritui
583 1488 665 1526 gloria
680 1510 686 1522 ,
702 1494 818 1526 potestas
831 1510 838 1523 ,
850 1487 935 1516 honor
950 1510 958 1525 ,

222 1545 291 1563 nunc
301 1541 326 1562 et
340 1545 452 1574 semper,
462 1541 488 1563 et
499 1534 525 1562 in
537 1534 632 1563 saecula
645 1534 812 1563 saeculorum.
826 1535 918 1563 Amen.

253 1675 265 1691 ¹1
285 1672 342 1706 [τὴν
359 1675 452 1706 καρδία-ι
471 1674 536 1697 'inter
548 1681 625 1697 uncos
645 1672 721 1697 habet
733 1672 808 1697 savit.
825 1674 883 1697 Mox
897 1675 924 1697 Α.
945 1674 963 1697 Β

220 1712 343 1738 Commel.
352 1719 377 1736 et
391 1721 469 1745 marg.
479 1712 556 1737 savit.
569 1719 596 1745 τῇ
607 1715 668 1746 ρ’ἐιμῃ
682 1720 724 1738 τῶν
737 1715 854 1744 &haita-2.
869 1712 963 1736 Mutian

996 188 1135 211 ‘mentm‘
1143 203 1148 208 .
1179 188 1239 209 CON
1246 187 1304 209 STA
1311 188 1363 210 NT!
1370 189 1430 211 Noe
1438 203 1444 210 .

1014 251 1091 277 τοῦτο
1112 248 1228 286 μάλιστα
1242 250 1305 286 ἡμῖν
1319 252 1394 278 τοῦτο
1407 249 1437 278 τὸ
1451 250 1544 289 μέρος,
1561 250 1650 289 ὥσπερ
1661 251 1690 279 ἔκ
1701 261 1778 279 τινων

1013 295 1101 326 λίθων,
1115 296 1166 322 τῶν
1177 294 1275 322 ὀστέων
1286 294 1453 333 ᾠκοδόμησεν
1466 297 1480 324 ὃ
1489 295 1566 329 Θεὸς,
1582 296 1692 334 ἔρεισμα
1707 297 1778 335 αὐτῷ

1013 339 1127 379 περιθεὶς
1139 342 1236 375 ταῦτα,
1251 339 1319 368 ὥστε
1338 339 1374 378 μὴ
1390 341 1529 380 διαῤῥῆξαν
1551 342 1630 377 ποτὲ,
1643 341 1708 379 μηδὲ
1722 342 1778 370 δια-

1013 385 1092 423 τεμὸν
1116 385 1227 418 εὐκόλως
1247 385 1276 414 τὸ
1297 390 1349 414 πᾶν
1373 387 1539 424 λυμήνασθαι
1551 389 1624 420 ζῶον.
1647 389 1707 427 Πῦρ
1727 388 1779 427 γάρ

1013 433 1068 460 ἐστι
1077 454 1084 467 ,
1099 431 1177 470 φησὶ,
1192 431 1237 460 καὶ
1248 431 1314 467 ζάλη
1326 433 1429 469 μεγάλη
1441 454 1448 466 ,
1464 433 1509 461 καὶ
1521 435 1568 462 οὐκ
1582 434 1612 462 ἂν
1625 434 1711 472 ἕτερον
1727 434 1777 471 μέ-

1012 479 1055 510 λος
1069 477 1166 512 ταύτην
1183 477 1230 513 τὴν
1246 477 1306 516 βίαν
1317 479 1468 517 ἀνάσχοιτο.
1494 479 1605 517 Λέγουσι
1624 479 1652 508 δὲ
1675 479 1720 508 καὶ
1734 481 1778 508 ἱα-

1011 525 1078 562 τρῶν
1091 523 1181 555 παῖδες
1192 522 1283 551 τούτου
1294 523 1373 563 χάριν
1385 526 1577 562 ὓπεστορῆσθαι
1589 526 1631 553 τὸν
1643 525 1778 563 πλεύμονα

1010 570 1043 604 τῇ
1058 568 1169 607 καρδία,
1183 568 1252 597 ὥστε
1264 570 1299 601 εἰς
1309 568 1411 597 ἁπαλὸν
1424 569 1504 604 αὐτὴν
1518 565 1596 598 οὖσαν
1609 570 1728 609 καθάπερ
1742 570 1778 603 εἷς

1011 625 1070 642 τινα
1084 614 1197 652 σπόγγον
1211 614 1397 651 ἐναλλομένην,
1412 615 1619 644 διαναπαύεσθαι
1630 615 1642 630 ¹’
1653 615 1701 650 τὴν
1711 627 1777 655 καρ-

1012 659 1078 695 δίαν,
1092 660 1159 689 ἀλλὰ
1170 660 1207 697 μὴ
1224 662 1260 693 εἷς
1271 661 1301 689 τὸ
1312 660 1450 690 ἀντίτυπον
1465 661 1510 689 καὶ
1526 661 1638 701 σκληρὸν
1649 661 1680 690 τὸ
1698 661 1777 700 στέρ-

1011 717 1068 741 νον,
1081 705 1316 735 ›nummata-recem
1339 708 1371 743 τῇ
1396 707 1541 742 πυκνότητι
1563 708 1614 735 τῶν
1639 706 1776 744 ἁλμάτων·

1012 753 1050 780 δεῖ
1071 752 1156 781 τοίνυν
1178 755 1242 789 ἡμῖν
1264 752 1381 792 θώρακος
1406 754 1530 792 ἰσχυροῦ,
1548 752 1616 782 ὥστε
1636 752 1778 785 διαπαντὸς

1012 800 1038 827 ἐν
1053 797 1152 836 ἡσυχίᾳ
1164 801 1240 827 τοῦτο
1254 798 1283 826 τὸ
1297 799 1386 837 θηρίον
1400 800 1545 837 διατηρεῖν·
1560 799 1599 826 δεῖ
1613 797 1640 827 δὲ
1653 801 1717 836 ἡμῖν
1732 799 1777 827 καὶ

1011 844 1224 883 περικεφαλαίας.
1238 843 1348 879 Ἐπειδὴ
1363 843 1414 883 γὰρ
1429 845 1482 872 ἐκεῖ
1503 844 1532 872 τὸ
1553 844 1700 882 λογιστικὸν
1714 855 1775 882 τυγ-

1012 890 1105 928 χάνει,
1129 889 1173 918 καὶ
1196 888 1248 917 ἀπὸ
1268 889 1359 917 τούτου
1381 888 1398 923 ἢ
1420 891 1537 923 σωθῆναι
1553 889 1669 924 δυνατὸν,
1685 888 1728 918 ἐὰν
1743 889 1777 918 τὰ

1012 936 1103 965 δέοντα
1117 936 1270 974 γίγνωνται,
1282 936 1299 970 ἢ
1316 935 1459 964 ἀπολέσθαι
1471 935 1525 971 ἔνι,
1537 937 1560 964 εἷ
1573 935 1607 964 τὰ
1622 934 1658 973 μὴ
1673 935 1776 964 δέοντα·

1012 982 1054 1010 διὰ
1071 982 1146 1010 τοῦτό
1168 994 1246 1021 φησι,
1271 981 1323 1010 Καὶ
1346 981 1392 1017 τὴν
1409 980 1616 1020 περικεφαλαίαν
1638 980 1777 1021 σιιγι-ηρίου.

1012 1027 1046 1056 Ὁ
1060 1028 1112 1066 γὰρ
1130 1028 1272 1066 ἐγκέφαλος
1290 1027 1366 1066 φύσει
1387 1026 1433 1064 μέν
1453 1028 1524 1056 ἐστιν
1539 1026 1654 1059 ἁπαλός·
1670 1026 1710 1056 διὸ
1733 1027 1777 1055 καὶ

1013 1073 1103 1107 αὐτὸς,
1121 1074 1241 1112 καθάπερ
1259 1073 1310 1101 τινὶ
1336 1072 1472 1111 ὀστράκῳ,
1487 1074 1525 1111 τῷ
1541 1071 1672 1112 βρέγματι
1694 1072 1777 1100 καλύ-

1011 1130 1105 1147 πτεται
1128 1119 1235 1147 ἄνωθεν.
1253 1118 1365 1147 Πάντων
1385 1117 1412 1146 δὲ
1426 1121 1490 1155 ἡμῖν
1513 1117 1594 1150 αἴτιος
1613 1116 1712 1156 γίνεται
1725 1118 1777 1145 τῶν

1012 1166 1115 1204 ἀγαθῶν
1126 1165 1172 1193 καὶ
1185 1167 1236 1193 τῶν
1251 1166 1349 1199 κακῶν,
1364 1164 1416 1193 εἴτε
1430 1164 1462 1192 τὰ
1474 1164 1565 1193 δέοντα
1575 1163 1665 1202 γνοὺς,
1679 1163 1730 1192 εἴτε
1742 1162 1777 1192 τὰ

1013 1212 1048 1249 μὴ
1061 1214 1179 1240 τοιαῦτα.
1194 1211 1246 1239 Καὶ
1258 1212 1281 1238 οἱ
1288 1210 1364 1243 πόδες
1378 1209 1405 1238 δὲ
1421 1210 1465 1238 καὶ
1479 1212 1505 1238 αἱ
1519 1215 1603 1249 χεῖρες
1617 1210 1777 1246 ὅπλωνὴμῐν

1011 1257 1112 1286 δέονται
1121 1269 1127 1274 ·
1139 1259 1185 1295 οὐχ
1201 1252 1277 1285 αὗται
1288 1258 1314 1285 αἱ
1325 1260 1410 1295 χεῖρες
1425 1256 1481 1285 οὐδὲ
1496 1252 1567 1284 οὗτοι
1578 1257 1601 1284 οἱ
1613 1254 1700 1289 πόδες,
1709 1254 1778 1283 ἀλλὰ

1012 1304 1091 1332 πάλιν
1105 1306 1128 1332 οἱ
1143 1305 1190 1337 τῆς
1202 1305 1298 1342 ψυχῆς·
1315 1305 1341 1331 αἱ
1356 1302 1402 1340 μὲν
1423 1303 1571 1339 μελετῶσαι
1585 1300 1618 1329 τὰ
1631 1300 1738 1336 δέοντα,
1753 1302 1777 1329 οἱ

1013 1349 1039 1378 δὲ
1057 1350 1099 1377 ἵνα
1113 1348 1292 1387 πορεύωνται,
1308 1348 1367 1376 ἔνθα
1389 1347 1450 1387 χρή.
1467 1346 1676 1384 Καθοπλίσωμεν
1690 1346 1776 1375 τοίνυν

1013 1395 1118 1428 ἑαυτοὺς
1133 1394 1213 1429 οὕτω,
1226 1394 1270 1422 καὶ
1284 1394 1448 1431 δυνησόμεθα
1463 1393 1644 1433 περιγενέσθαι
1659 1395 1711 1422 τῶν
1726 1403 1778 1421 πο-

1012 1440 1120 1479 λεμίων,
1135 1441 1180 1469 καὶ
1194 1441 1237 1468 τὸν
1250 1439 1375 1479 στέφανον
1396 1441 1443 1474 τῆς
1456 1439 1529 1475 νίκης
1543 1439 1734 1474 ἀναδήσασθαι,
1749 1439 1776 1467 ἐν

1014 1488 1120 1526 Χριστῷ
1135 1485 1221 1521 Ἰησοῦ
1241 1487 1278 1524 τῷ
1298 1485 1387 1525 Κυρίῳ
1407 1487 1500 1523 ἡμῶν,
1516 1486 1572 1523 μεθ’
1592 1481 1622 1514 οἷ
1636 1488 1674 1523 τῷ
1689 1485 1777 1523 Πατρὶ

1013 1534 1069 1572 ἅμα
1083 1535 1121 1571 τῷ
1137 1531 1202 1571 ἁγίῳ
1218 1531 1354 1569 Πνεύματι
1368 1530 1442 1566 δόξα,
1455 1531 1562 1570 κράτος,
1576 1530 1658 1568 τιμὴ,
1670 1533 1714 1559 νῦν
1733 1530 1778 1558 καὶ

1015 1580 1069 1615 ἀεὶ,
1088 1579 1133 1607 καὶ
1148 1580 1183 1611 εἷς
1198 1577 1257 1610 τοὺς
1270 1578 1366 1610 αἰῶνας
1381 1579 1432 1606 τῶν
1447 1576 1558 1605 αἰώνων.
1574 1576 1666 1615 Ἀμήν.

1025 1673 1115 1704 impetu
1135 1671 1303 1704 frequentium
1320 1670 1438 1694 saltuum.
1458 1669 1532 1695 Unde
1551 1671 1656 1695 Duuaeus
1679 1669 1737 1703 leg’t
1750 1677 1778 1702 τῇ

1026 1714 1087 1745 γἑιίμῃ
1107 1719 1151 1736 τῶν
1169 1717 1255 1737 πυκνῶν
1276 1709 1409 1743 αἱμάτων-1

620 1834 795 1861 ΜΚΤΙΑΝΟ
817 1832 1070 1862 SCHOLASTICO
1092 1831 1340 1862 INTERPRETE.

220 1947 287 1966 mus.
304 1937 445 1975 Propterea
460 1935 536 1965 nobis
551 1936 619 1965 hanc
635 1936 752 1965 maxime
768 1942 870 1976 partem
884 1936 970 1965 veluti
985 1947 1018 1965 ex
1033 1935 1195 1974 quibusdam
1210 1935 1359 1976 lapidibus,
1372 1936 1424 1965 hoc
1440 1943 1478 1965 est
1490 1959 1497 1972 ,
1513 1935 1618 1966 ossibus
1631 1936 1778 1966 :edificavit

218 1985 307 2017 Deus,
323 1983 487 2012 munimenta
501 1984 524 2013 ei
539 1984 717 2021 constituens,
734 1995 766 2013 ne
779 1983 888 2024 dirupta
907 1984 985 2013 facile
1005 1984 1047 2013 vel
1063 1984 1145 2013 incisa
1166 1991 1251 2013 totum
1271 1984 1370 2013 animal
1392 1984 1542 2013 laederetur.
1559 1984 1650 2024 Ignis,
1668 1984 1774 2023 inquit,

217 2036 275 2065 est,
287 2036 311 2058 et
323 2036 464 2069 tempestas
480 2040 591 2068 magna,
607 2037 632 2059 et
648 2030 723 2059 nulla
735 2030 787 2059 alia
801 2041 863 2070 pars
881 2030 949 2059 hanc
963 2030 1034 2059 valet
1049 2030 1187 2059 sustinere.
1204 2030 1303 2059 Dicunt
1319 2030 1398 2059 etiam
1412 2030 1577 2059 medicorum
1592 2030 1652 2067 filii,
1665 2037 1777 2070 propter

217 2075 268 2104 hoc
283 2075 436 2115 pulmonem
453 2076 623 2116 suppositum
642 2087 698 2105 esse
711 2076 785 2105 cordi
801 2076 870 2104 utin
884 2075 998 2104 mollitie
1012 2076 1104 2114 jacens
1117 2098 1124 2111 ,
1138 2075 1222 2104 veluti
1248 2075 1274 2104 in
1289 2075 1403 2113 quadam
1417 2075 1545 2115 spongia,
1561 2082 1634 2104 motu
1649 2082 1776 2115 perpetuo

218 2120 314 2149 saliens
329 2121 475 2159 requiescat
484 2144 493 2158 ,
506 2128 531 2150 et
543 2132 596 2150 non
611 2121 712 2150 duritia
728 2131 911 2160 repercussum
926 2127 1018 2160 pectus
1030 2120 1172 2150 laederetur
1189 2121 1291 2160 impetu
1306 2121 1483 2160 frequentium
1504 2121 1630 2149 saltuum.
1647 2121 1722 2161 Opus
1738 2129 1777 2150 est

218 2166 302 2205 igitur
317 2167 392 2196 nobis
403 2168 464 2197 sorti
479 2168 580 2206 lorica,
594 2176 624 2197 ut
635 2179 740 2208 semper
754 2168 780 2196 in
795 2167 901 2196 silentio
912 2168 981 2196 banc
993 2167 1105 2196 bestiam
1120 2167 1291 2197 observemus
1306 2180 1314 2206 3
1329 2179 1398 2208 opus
1412 2178 1475 2197 vero
1489 2175 1527 2197 est
1540 2168 1618 2197 nobis
1631 2168 1712 2197 etiam
1727 2179 1777 2208 ga-

219 2211 258 2241 lea
270 2236 277 2249 ,
292 2214 418 2252 quoniam
434 2215 472 2243 ibi
484 2222 535 2244 stat
550 2215 679 2245 rationale
690 2222 812 2244 nostrum
822 2237 831 2253 7
844 2221 870 2243 et
885 2214 947 2243 inde
960 2222 1007 2243 aut
1022 2214 1119 2243 salvari
1130 2215 1257 2254 possibile
1267 2222 1307 2244 est
1316 2222 1516 2254 cognoscentem
1530 2225 1588 2254 quoe
1600 2222 1718 2255 oportet,
1732 2223 1780 2246 aut

219 2262 316 2299 perire.
331 2263 442 2302 Propter
454 2263 507 2292 hoc
524 2263 615 2301 dixit,
634 2265 674 2292 Et
685 2264 803 2303 galeam
823 2263 938 2292 salutis,
954 2263 1109 2299 Cerebrum,
1127 2263 1232 2302 inquit,
1254 2269 1349 2292 natura
1365 2263 1446 2292 molle
1457 2269 1497 2292 est
1519 2274 1526 2294 :
1548 2270 1686 2303 propterea
1699 2263 1779 2292 etiam

220 2307 309 2346 ipsum
330 2309 412 2338 veluti
430 2310 547 2349 quadam
568 2310 703 2340 testudine
724 2310 876 2350 cooperitur
896 2310 1020 2350 desuper.
1037 2310 1168 2339 Omnium
1182 2317 1271 2339 autem
1288 2310 1365 2339 nobis
1381 2321 1458 2339 causa
1478 2310 1611 2339 bonorum
1624 2310 1741 2340 efficitur
1753 2319 1781 2342 ct

220 2355 351 2384 malorum
363 2379 371 2393 ,
387 2356 453 2386 dum
469 2365 514 2386 aut
533 2368 592 2396 quae
609 2363 715 2398 oportet
730 2357 933 2397 cognoscimus,
958 2365 1005 2386 aut
1019 2368 1078 2396 qnae
1096 2358 1228 2386 contraria
1245 2365 1317 2387 sunt.
1333 2357 1386 2387 Sed
1401 2365 1425 2386 et
1443 2357 1522 2398 pedes
1537 2358 1621 2386 nostri
1639 2364 1666 2387 et
1684 2367 1778 2399 manus

219 2410 286 2439 opus
298 2402 396 2431 habent
410 2405 507 2440 armis3
519 2415 571 2433 nun
588 2404 643 2434 istae
655 2415 749 2433 manus
759 2427 766 2440 ,
782 2415 866 2443 neque
881 2404 922 2433 isti
936 2405 1015 2444 pedes
1024 2427 1033 2442 ,
1049 2404 1095 2433 sed
1105 2405 1201 2433 animae
1215 2417 1221 2432 :
1237 2405 1289 2434 illae
1300 2405 1411 2444 quidem
1423 2404 1580 2433 meditantes
1587 2414 1646 2443 quae
1660 2411 1778 2444 oportet,

220 2447 263 2475 isti
278 2456 366 2477 autem
381 2457 409 2478 ut
422 2452 630 2490 progrediantur
646 2463 699 2491 quo
713 2458 825 2492 oportet.
842 2455 984 2481 Armemns
997 2452 1081 2491 igitur
1095 2463 1143 2481 nos
1156 2452 1228 2492 ipsos
1242 2452 1293 2482 isto
1310 2452 1390 2482 modo
1402 2475 1411 2490 ‚
1426 2459 1451 2481 et
1464 2451 1610 2492 poterimus
1629 2451 1776 2491 proevalere

219 2494 357 2542 nostibus,
369 2503 394 2525 et
408 2508 501 2526 corona
513 2499 588 2528 indui
602 2500 628 2529 in
644 2499 751 2529 Christo
765 2501 828 2530 Jesu
846 2500 962 2528 Domino
982 2507 1087 2537 nostro,
1105 2511 1165 2529 cum
1185 2511 1238 2538 quo
1258 2500 1333 2530 Patri
1344 2500 1428 2540 gloria
1439 2522 1448 2538 ‚
1466 2509 1517 2528 una
1531 2509 1591 2528 cum
1605 2505 1696 2528 sancto
1708 2499 1772 2538 Spi-

218 2546 288 2574 run,
301 2550 370 2569 nunc
385 2548 410 2569 et
423 2552 525 2581 semper
538 2566 544 2580 ,
558 2551 583 2574 et
598 2545 623 2573 in
640 2546 735 2575 saecula
749 2545 917 2574 saeculorum.
938 2548 1027 2574 Amen.
