1906 2846
428 173 460 195 ln*

94 244 138 261 σαι
152 244 159 267 ;
177 233 222 268 Μὴ
242 232 302 271 λέγε
319 232 413 271 τοίνυν,
432 234 499 263 ἀλλὰ
516 235 619 273 σιώπα,
635 237 678 266 καὶ
692 238 788 271 παντὸς
800 238 869 270 δέους

92 278 230 314 ἀπήλλαξα
235 291 250 307 ι.

130 421 200 450 Ἀλλ’
221 423 268 451 οὐκ
283 417 340 451 οἶδα
356 423 433 452 πόθεν
449 425 465 458 ἡ
480 424 553 457 νόσος
564 425 630 460 αὕτη
646 428 672 454 ἐν
689 430 741 459 τοῖς
760 426 857 465 ἀνθρώ-

89 480 146 501 ποις
173 468 345 506 ἐμπέπτωκε·
368 469 478 508 φλύαροι
500 470 657 509 γεγόναμεν,
683 472 754 501 οὐδὲν
781 475 857 511 ἡμῶν

88 514 242 552 ἐναπομένει
257 517 289 553 τῇ
306 516 390 554 ψυχῇ.
403 515 494 545 Ἄκουε
516 521 595 556 σοφοῦ
613 529 681 551 τινος
701 522 857 557 παραινοῦν-

89 570 130 591 τος
145 560 189 588 καὶ
204 560 322 598 λέγοντος
333 583 341 597 ,
355 561 489 595 ἸΙκουσας
500 564 591 602 λογον;
604 564 787 594 ἕναποθανέτω
802 578 841 595 σοι
850 578 855 583 ·

88 606 192 644 θάρσει,
205 608 233 635 οὗ
249 606 285 644 μή
300 619 328 635 σε
345 607 409 647 ρήξη
421 620 426 625 ·
446 609 490 636 καὶ
514 609 604 643 πάλιν,
622 609 737 638 ’Ἤκουσε
751 610 826 648 λόγον
843 614 856 640 ὁ

88 651 190 690 μωρὸς,
203 652 247 681 καὶ
270 653 406 689 ὠδίνησεν,
422 656 456 687 ὡς
472 655 525 684 ἀπὸ
549 655 690 694 προσώπου
708 656 817 695 βρέφους
839 660 854 692 ἦ

86 697 218 727 τίκτουσα.
230 698 302 737 Πρὸς
322 700 480 739 κατηγορίας
495 701 573 738 ἐσμὲν
589 701 704 739 ἕτοιμοι,
719 702 783 741 πρὸς
809 715 855 731 κα-

85 744 217 783 τακρίσεις
232 747 485 784 παρεσκευασμένοι.
507 747 563 775 Κᾶν
580 746 662 784 μηδὲν
685 749 749 785 ἡμῖν
768 748 855 788 ἕτερον

83 790 252 830 εἰργασμένον
268 790 308 825 εἴη
320 791 414 825 κακὸν,
430 795 506 821 τοῦτο
519 793 606 822 ἱκανὸν
624 788 655 827 ἦν
670 795 742 831 ἡμᾶς
760 794 855 823 ἀπολέ-

83 849 141 872 σαι,
155 836 199 865 καὶ
213 839 248 870 εἷς
273 838 377 876 γέενναν
401 841 557 877 ἀπαγαγεῖν,
574 843 649 868 τοῦτο
665 839 765 879 μυρίοις
779 852 855 880 περι-

84 882 173 911 ὅαλεῖν
189 888 290 916 κακοῖς.
317 884 370 912 Καὶ
388 884 430 912 ἵνα
457 885 541 924 μάθῃς
570 885 700 924 ἀκριὸῶς,
716 886 793 914 ἄκουε
811 890 855 916 τοῦ

82 928 216 968 προφήτου
231 929 364 968 λέγοντος,
382 931 535 969 ΚαΟῆμενος
549 931 616 960 κατὰ
629 934 673 960 τοῦ
684 932 796 971 ἀδελφοῦ
808 944 854 961 σου

82 975 244 1008 κατελάλεις.
261 975 329 1004 Ἀλλ’
346 978 391 1005 οὐκ
413 977 465 1014 ἐγὼ
476 999 483 1010 ,
499 977 588 1015 φησιν,
603 978 661 1005 ἀλλ’
685 979 790 1010 ἐκεῖνος.
815 978 853 1006 Σὺ

84 1021 131 1057 μὲν
142 1016 198 1049 οὖν·
215 1024 236 1050 εἰ
248 1022 299 1060 γὰρ
321 1022 358 1059 μὴ
374 1022 405 1050 σὺ
422 1018 509 1057 εἶπες,
528 1022 614 1061 ἕτερος
630 1024 677 1051 οὐκ
689 1022 718 1051 ἂν
733 1023 853 1057 ἤκουσεν*

82 1067 105 1095 εἰ
125 1067 151 1095 δὲ
166 1067 210 1095 καὶ
222 1067 331 1105 ἔμελλεν
343 1067 455 1103 ἀκούειν,
469 1067 537 1096 ἀλλὰ
557 1067 589 1096 σὺ
604 1070 650 1102 τῆς
665 1068 797 1107 ἁμαρτίας
807 1070 853 1097 οὐκ

82 1107 112 1147 ἧς
126 1112 216 1145 αἴτιος.
235 1112 300 1141 Δέον
312 1113 461 1147 συσκιάζειν
478 1113 522 1141 καὶ
537 1113 712 1152 συγκρύπτειν
727 1113 761 1143 τὰ
777 1115 852 1143 ἐλατ-

81 1157 192 1196 τώματα
206 1160 258 1186 τῶν
269 1159 392 1195 πλησίον,
406 1158 437 1188 σὺ
450 1160 476 1188 δὲ
491 1158 667 1197 ἐκπομπεύεις
679 1160 852 1200 προσχήματι

82 1204 252 1243 φιλαγαῡίας;
267 1206 307 1234 Οὐ
318 1204 377 1244 γίνῃ
390 1205 548 1244 κατήγορος,
561 1206 629 1234 ἀλλὰ
642 1206 756 1246 φλύαρος
766 1229 773 1241 ,
785 1206 852 1235 ἀλλὰ

82 1252 175 1289 λῆρος,
196 1250 264 1279 ἀλλὰ
282 1250 377 1291 μωρός.
401 1246 438 1280 ’Ὦ
461 1251 593 1287 δεινότης·
606 1252 699 1281 σαυτὸν
722 1253 853 1292 αἷσχύνεις

83 1297 141 1333 μετ’
157 1296 255 1325 ἐκείνου
267 1318 274 1331 ,
291 1296 336 1324 καὶ
350 1297 396 1325 οὐκ
411 1297 538 1335 αἷσΟάνῃ;
550 1297 621 1337 ’Όρα
633 1297 660 1327 δὲ
676 1298 725 1327 ὅσα
736 1298 769 1327 τὰ
783 1299 853 1327 κακὰ

83 1343 198 1370 ἐντεῦθεν
220 1342 335 1380 γίνεται·
351 1342 515 1381 παροργίζεις
529 1342 572 1372 τὸν
599 1343 678 1381 Θεὸν,
699 1346 789 1378 λυπεῖς
809 1345 852 1374 τὸν

82 1386 203 1423 πλησίον,
221 1387 364 1416 ὑπεύθυνον
378 1388 486 1417 σεαυτὸν
501 1390 533 1426 τῇ
549 1389 656 1418 κολάσει
678 1395 770 1422 ποιεῖς.
794 1391 852 1419 Οὐκ

81 1433 183 1465 ἀκούεις
204 1434 310 1463 Παύλου
330 1433 449 1472 λέγοντος
468 1434 528 1473 περὶ
542 1437 632 1473 χηρῶν
656 1437 851 1473 γυναικῶν;Οὖ

83 1479 160 1516 μόνον
179 1479 205 1508 δὲ
221 1480 313 1519 ἀργαὶ,
331 1480 410 1519 φησὶ,
437 1480 622 1517 μανθάνουσιν,
635 1481 701 1510 ἀλλὰ
715 1482 759 1510 καὶ
770 1482 850 1521 φλύα-

84 1537 121 1565 ροι
136 1526 180 1554 καὶ
194 1526 339 1565 περίεργοι,
360 1526 563 1566 περιερχόμεναι
575 1527 622 1560 τὰς
633 1527 731 1564 οἰκίας,
743 1528 787 1557 καὶ
803 1530 851 1558 λα-

80 1572 173 1600 λοῦσαι
189 1572 221 1600 τὰ
233 1573 269 1611 μὴ
285 1572 392 1607 δέοντα;
407 1573 491 1602 ‘'sse-:3
504 1574 548 1602 καὶ
559 1573 622 1603 ὅταν
636 1574 780 1614 πιστεύσῃς
798 1580 852 1608 τοῖς

80 1619 229 1656 λεγομένοις
249 1619 317 1648 κατὰ
337 1622 380 1647 τοῦ
395 1620 506 1658 ἀδελφοῦ
525 1632 583 1654 σου,
600 1620 657 1648 οὐδὲ
678 1619 746 1649 οὕτω
765 1621 850 1659 λέγειν

80 1664 131 1703 χρὴ
144 1687 150 1699 ,
166 1664 260 1702 μήτιγε
276 1667 444 1694 ἀπιστοῦντα.
460 1666 538 1694 Ἀλλὰ
558 1666 588 1694 τὸ
606 1668 701 1695 σαυτοῦ
714 1669 850 1706 πανταχοῦ

488 174 594 199 ΕΡΙΞΤ.
625 176 670 198 ΑΙ.)
697 176 865 200 HEBttAEos.

1584 175 1626 208 ἈΒ

914 249 962 267 cur
977 249 1125 269 sermonem
1144 241 1302 271 transmittis
1319 242 1364 281 qui
1382 252 1432 271 non
1453 248 1490 272 est
1506 253 1585 274 verus
1596 246 1608 273 Ξ)
1624 254 1651 274 ιιι

914 295 966 314 non
980 285 1075 322 credis,
1088 294 1113 316 ct
1125 288 1213 316 Deum
1226 299 1303 327 rogas
1315 295 1406 318 utnon
1421 289 1577 319 examinet?
1590 293 1653 320 Noli

914 342 977 370 ergo
991 331 1097 369 dicere,
1112 334 1159 363 sed
1180 341 1254 373 tace,
1280 342 1306 364 et
1329 335 1364 364 ab
1389 336 1463 365 omni
1488 344 1560 366 metu
1586 338 1652 368 lihe·

912 388 979 407 rare.

951 424 980 452 4.
997 424 1051 453 Sed
1066 427 1154 455 nescio
1167 426 1238 455 unde
1253 427 1298 456 hic
1313 428 1424 456 morbus
1439 428 1534 457 incidit
1550 429 1577 458 in
1599 429 1651 458 lio-

912 470 1015 499 mines:
1030 481 1123 501 sumus
1148 480 1306 511 nugatores,
1323 474 1350 502 in
1368 474 1456 502 anima
1478 482 1567 504 nostra
1583 475 1650 504 nihil

911 523 1036 545 remanet.
1054 517 1126 547 Audi
1137 518 1281 556 quemdam
1295 519 1443 558 sapientem
1462 519 1650 550 admonentem

895 178 972 200 CAP.
1002 178 1050 201 x1.
1080 178 1198 203 llOMlL.
1227 181 1297 203 xxi.
1632 189 1650 209 ε)

910 569 934 591 et
949 563 1079 592 dicentem
1093 575 1098 591 :
1115 564 1237 594 Audisti
1247 567 1391 594 verbum?
1403 567 1435 594 in
1450 573 1477 595 te
1488 569 1650 601 1noriatur;
1662 587 1734 609 1145>

909 609 1042 648 confide,
1067 620 1125 638 non
1150 617 1177 639 te
1198 618 1328 650 rumpet;
1348 618 1374 640 et
1393 622 1505 649 rursus,
1524 613 1649 642 Audiuit

910 656 1031 682 verbum
1046 655 1164 691 stultus,
1182 663 1207 685 et
1219 659 1358 695 parturiit
1373 663 1523 697 tamquam
1539 668 1559 686 a
1570 659 1651 697 facie

874 712 892 734 ι)
909 701 1036 739 infantis
1053 712 1089 730 ea
1103 713 1168 741 quse
1178 705 1268 741 parit.
1282 704 1384 733 Sumus
1400 704 1500 743 promti
1514 703 1549 732 ad
1569 715 1650 733 accu-

910 746 1041 784 sationes,
1057 748 1143 786 parati
1154 748 1188 777 ad
1202 748 1446 778 condemnationes.
1461 749 1576 779 Etiamsi
1588 751 1650 779 nul-

911 793 966 822 lum
981 794 1056 823 aliud
1068 795 1170 824 malum
1184 796 1285 825 factum
1301 803 1368 825 esset
1382 807 1396 825 a
1412 796 1505 834 nobis,
1519 796 1571 826 hoc
1586 798 1650 826 satis

909 846 974 867 esset
987 839 1023 868 ad
1036 850 1082 868 nos
1099 840 1246 879 perdendos
1256 864 1264 877 ,
1281 849 1305 870 et
1317 841 1488 870 abducendos
1506 843 1532 871 in
1548 842 1649 881 gehen-

909 895 970 913 nam
986 898 992 914 :
1005 885 1057 914 hoc
1071 897 1118 915 nos
1132 887 1253 926 implicat
1267 895 1292 916 et
1304 888 1420 918 involvit
1434 888 1512 917 malis
1527 889 1649 918 innume-

909 930 1051 960 rabilibus.
1069 931 1103 960 Et
1120 939 1147 961 nt
1161 934 1312 962 accuratius
1325 934 1412 963 discas
1424 957 1431 970 ,
1447 934 1510 963 audi
1528 935 1649 974 propbe-

909 983 964 1004 tam
982 976 1112 1006 dicentem
1124 1000 1131 1013 ‚
1146 979 1253 1007 Sedens
1273 981 1552 1020 adversussralrem
1568 988 1649 1010 tuum

909 1022 1083 1060 loquebaris
1102 1025 1136 1052 At
1162 1034 1213 1053 non
1229 1035 1294 1063 ego,
1320 1025 1408 1064 inquit
1420 1049 1427 1062 ,
1450 1026 1495 1055 sed
1515 1027 1568 1056 ille.
1591 1028 1649 1056 Imo

907 1077 971 1096 vero
983 1075 1010 1096 tu
1022 1080 1028 1095 ι
1040 1068 1063 1096 si
1085 1075 1114 1097 tu
1136 1069 1208 1098 enim
1221 1080 1273 1098 non
1287 1071 1419 1106 dixisses,
1436 1072 1482 1101 ille
1496 1083 1549 1101 non
1573 1073 1650 1101 audi—

863 1141 899 1159 ἧσο
908 1112 988 1142 visset
1002 1125 1008 1140 :
1021 1114 1093 1152 quod
1107 1115 1129 1143 si
1142 1115 1222 1143 etiam
1237 1122 1294 1144 erat
1305 1117 1467 1152 auditurus,
1484 1118 1530 1146 sed
1545 1126 1574 1147 tu
1597 1129 1650 1148 non

864 1154 890 1190 Ἀ
908 1158 1003 1188 fuisses
1017 1167 1110 1190 auctor
1121 1161 1232 1200 peccati.
1248 1161 1318 1191 Cum
1337 1169 1456 1201 oporteat
1472 1164 1590 1202 proximi
1605 1165 1651 1194 de-

906 1204 970 1234 licta
985 1205 1074 1234 velare
1088 1213 1113 1235 et
1128 1213 1233 1245 tegere,
1253 1214 1283 1236 tu
1303 1214 1434 1246 praetextu
1457 1209 1601 1247 probitatis
1622 1221 1651 1238 ea

906 1251 1025 1280 traducis
1037 1252 1050 1280 ἶ)
1064 1253 1123 1281 Νοι]
1137 1263 1165 1282 es
1183 1260 1324 1282 accusator
1332 1276 1341 1290 ,
1365 1253 1412 1282 sed
1426 1261 1541 1293 nugator
1553 1277 1562 1292 ,
1578 1255 1652 1284 deli-

906 1307 952 1326 rus
963 1303 989 1326 et
998 1298 1107 1327 stultus.
1124 1300 1148 1328 O
1159 1299 1284 1328 solertia!
1299 1299 1416 1339 teipsum
1431 1310 1492 1328 cum
1503 1300 1550 1328 illo
1566 1300 1650 1339 pudo-

905 1353 934 1371 re
946 1343 1030 1373 afficis
1042 1366 1049 1381 ‚
1063 1351 1089 1373 et
1103 1355 1155 1374 non
1177 1345 1281 1374 sentis?
1295 1345 1368 1375 Vide
1390 1352 1479 1374 autem
1500 1353 1566 1384 quot
1580 1347 1651 1376 mala

905 1389 969 1419 hine
984 1397 1145 1420 nascantur:
1163 1393 1251 1421 Deum
1266 1392 1356 1421 irritas
1367 1415 1375 1429 ‚
1389 1393 1545 1432 proximum
1558 1393 1650 1422 dolore

906 1436 1010 1472 afficis,
1023 1443 1050 1466 te
1067 1437 1200 1476 supplicio
1214 1438 1363 1467 obnoxium
1377 1438 1479 1468 reddis.
1493 1440 1552 1468 Non
1569 1439 1649 1468 audis

906 1483 1020 1512 Paulum
1044 1483 1177 1512 dicentem
1203 1484 1237 1513 de
1262 1484 1354 1514 viduis
1378 1485 1539 1514 mulieribus
1557 1496 1563 1512 ι
1580 1487 1648 1515 len

904 1529 998 1558 solum
1013 1535 1112 1558 autem
1127 1532 1225 1559 otiosae
1237 1553 1244 1565 ,
1267 1530 1357 1568 inquit
1369 1553 1376 1566 ‚
1396 1531 1511 1560 discunt
1525 1554 1532 1569 ,
1551 1531 1603 1560 sed
1621 1538 1647 1560 et

905 1577 1069 1614 nugatrices
1091 1582 1118 1604 et
1133 1578 1255 1605 curiosoe
1266 1599 1273 1612 ,
1294 1578 1507 1606 circumeuntes
1527 1578 1628 1606 domos
1640 1600 1647 1613 ,

905 1629 932 1650 et
945 1622 1094 1661 loquentes
1105 1634 1169 1662 quae
1182 1634 1240 1651 non
1251 1625 1352 1652 decet?
1364 1624 1546 1658 Quamobrem
1558 1624 1648 1661 etiam,

869 1676 886 1698 B
904 1668 1012 1706 quando
1023 1669 1169 1698 credideris
1179 1680 1238 1708 quae
1251 1669 1379 1699 dicuntur
1389 1670 1518 1699 adversus
1529 1671 1646 1707 fratrem,

500 1790 673 1820 MUTIANO
697 1791 952 1821 SCHOLASTICO
974 1792 1009 1820 IN
1015 1791 1226 1821 TERPRETE.

78 1897 174 1927 samoe?
188 1896 253 1936 quid
267 1896 391 1937 deportas
413 1897 514 1935 ubique
525 1898 723 1936 sermonemqui
746 1908 825 1928 verus
838 1910 888 1928 non
904 1899 960 1928 est?
977 1905 1006 1928 tu
1019 1899 1077 1939 ipsc
1091 1909 1142 1928 non
1157 1898 1242 1928 credis
1254 1922 1261 1935 ,
1281 1906 1307 1928 et
1324 1900 1410 1928 Deum
1425 1901 1543 1939 postulas
1553 1923 1561 1938 ,
1576 1908 1605 1930 ut
1619 1908 1642 1930 te

78 1956 129 1973 non
144 1944 178 1973 de
190 1945 240 1973 boc
251 1944 377 1973 discutiat
389 1944 402 1972 9
414 1944 476 1973 Noli
490 1955 552 1983 ergo
565 1944 665 1979 dicere,
684 1944 730 1973 sed
745 1946 832 1985 potius
844 1953 916 1983 tace,
931 1953 956 1975 et
967 1947 1075 1975 omnino
1089 1946 1184 1975 timore
1195 1946 1362 1975 liberaberis.

115 2000 169 2030 Sed
184 2000 272 2029 nescio
286 1999 356 2028 unde
369 2000 479 2029 morbus
492 1999 535 2029 hic
547 2000 573 2028 in
584 2000 706 2029 homines
723 2001 819 2031 incidit
835 2014 841 2029 z

858 2003 965 2031 verbosi
978 2013 1095 2041 namque
1110 2009 1135 2031 et
1149 2012 1308 2031 susurrones
1319 2002 1382 2031 sacti
1400 2013 1504 2040 sumus,
1518 2003 1586 2032 niliil
1599 2014 1645 2032 no·

75 2046 118 2075 bis
131 2052 249 2075 remanet
264 2045 399 2074 inanimo.
415 2045 483 2074 Audi
496 2046 644 2085 sapientem
660 2047 804 2085 quemdam
821 2055 982 2085 monentem,
998 2055 1023 2076 et
1038 2048 1171 2077 dicentem
1187 2060 1192 2076 :
1210 2049 1333 2078 Audisti
1347 2050 1480 2084 verbum,
1495 2051 1526 2078 in
1536 2056 1563 2078 te
1579 2060 1644 2078 mo-

75 2095 179 2131 riatur,
197 2093 324 2133 confide,
339 2103 398 2120 non
411 2099 438 2121 te
451 2093 596 2131 dirumpet
603 2106 614 2127 ;
631 2101 656 2122 et
677 2094 784 2133 iterum,
805 2096 931 2124 Audivit
947 2097 1068 2124 verbum
1083 2096 1200 2130 stultus,
1220 2102 1245 2124 et
1259 2098 1416 2134 parturivit
1441 2098 1515 2125 sicut
1532 2107 1551 2125 a
1563 2098 1645 2135 facie

77 2143 222 2169 nascentis
237 2140 342 2169 mulier
355 2150 420 2180 quoe
436 2147 565 2180 generat.
586 2141 675 2170 Parati
696 2152 789 2171 sumus
805 2143 841 2172 ad
857 2142 1025 2181 maliloquia,
1039 2142 1072 2171 ad
1086 2142 1320 2171 condemnationes
1336 2142 1457 2172 instructi
1474 2155 1480 2170 :
1495 2153 1526 2172 ac
1538 2143 1560 2172 si
1576 2143 1643 2172 nihil

76 2186 152 2216 aliud
165 2187 229 2216 mali
241 2198 431 2227 operaremur,
446 2187 496 2217 hoc
511 2187 637 2217 idoneum
653 2196 719 2218 esset
730 2189 764 2218 ad
776 2189 926 2230 perdendos
940 2201 1000 2228 nos,
1015 2191 1079 2219 etin
1096 2190 1244 2229 geliennam
1260 2190 1416 2228 mittendos,
1433 2197 1458 2219 et
1473 2190 1564 2220 decem
1576 2191 1642 2220 mil-

75 2233 148 2262 libus
159 2234 236 2263 malis
249 2245 297 2263 nos
311 2234 432 2264 obruere.
448 2235 483 2264 Et
499 2241 529 2263 ut
544 2235 646 2274 integre
657 2246 811 2274 cognoscas,
829 2236 938 2266 adverte
951 2236 1109 2276 prophetam
1124 2236 1256 2265 dicentem
1274 2248 1280 2264 :
1294 2237 1431 2271 Sedebas,
1449 2236 1546 2275 inquit,
1561 2243 1587 2265 et
1597 2237 1640 2266 lo-

76 2283 210 2320 quebaris
221 2282 490 2322 adversus-fratrem
509 2289 601 2311 tuum.
619 2283 673 2312 Sed
688 2294 739 2312 non
755 2294 814 2323 ego,
831 2284 931 2323 inquis,
943 2284 988 2313 sed
1000 2283 1054 2313 ille.
1071 2285 1157 2313 Immo
1172 2283 1281 2323 quidem
1299 2291 1325 2312 tu
1345 2296 1350 2312 :
1364 2283 1386 2313 si
1400 2284 1471 2313 enim
1485 2290 1513 2312 tu
1527 2294 1578 2312 non
1594 2284 1640 2313 di-

75 2339 156 2365 ceres,
177 2329 247 2358 alius
266 2339 317 2358 non
332 2330 458 2359 audiret:
477 2337 503 2359 at
525 2330 547 2359 si
563 2338 651 2370 posset
670 2331 776 2370 audire,
795 2332 841 2361 sed
864 2339 891 2361 tu
913 2332 987 2361 illius
1004 2332 1106 2372 peccati
1123 2343 1176 2362 non
1195 2343 1263 2361 esses
1277 2332 1393 2361 occasio.
1410 2334 1525 2371 Oportet
1540 2332 1641 2372 quippe

74 2377 235 2405 obumbrare
249 2384 272 2406 et
287 2384 424 2417 contegere
439 2377 534 2406 delleta
553 2379 741 2418 proximorum
761 2391 767 2407 :
787 2387 816 2408 tu
833 2387 922 2409 autem
938 2380 965 2408 in
980 2391 1107 2420 pompam
1125 2380 1238 2409 deducis
1252 2380 1302 2409 snb
1316 2386 1447 2419 pra-textu
1460 2380 1597 2415 bonitatis,
1615 2387 1640 2409 et

75 2435 126 2454 non
137 2424 250 2453 efficeris
263 2432 410 2463 accusator,
422 2426 469 2455 sed
481 2437 602 2463 susurro,
617 2434 641 2455 et
653 2426 755 2456 delirus
766 2435 791 2457 et
808 2428 915 2457 stultus.
929 2429 983 2457 Ore
997 2428 1092 2457 vitiato
1110 2429 1224 2467 teipsum
1239 2427 1381 2456 confundis
1396 2438 1457 2456 cum
1472 2427 1529 2462 illo,
1547 2434 1573 2456 et
1588 2437 1639 2456 non

75 2472 163 2502 sentis.
181 2473 287 2502 Intuere
305 2481 393 2503 autem
413 2481 510 2512 quanta
529 2474 597 2502 mala
616 2485 649 2503 ex
667 2475 717 2505 hoc
731 2483 914 2516 propagantur
932 2488 937 2503 ε
953 2475 988 2504 ad
999 2475 1209 2515 indignationem
1222 2486 1354 2515 provocas
1369 2476 1465 2504 Deum.
1480 2476 1574 2505 Nonne
1586 2475 1640 2504 ad-

77 2519 157 2548 vertis
170 2520 283 2549 Paulum
294 2520 426 2550 dicentem
437 2520 470 2549 tle
482 2520 571 2549 viduis
586 2527 609 2549 ct
626 2521 785 2551 mulieribus
797 2524 810 2552 ἶ)
823 2525 889 2552 Non
905 2524 999 2553 solum
1016 2525 1115 2552 otios-m
1127 2524 1305 2558 discurrunt,
1323 2522 1418 2561 inquit,
1432 2522 1485 2551 sed
1497 2529 1525 2551 et
1536 2524 1638 2551 verbo-

77 2574 125 2602 sm,
141 2572 167 2594 ee
179 2567 299 2595 curiosoe
311 2568 518 2596 circumeuntes
536 2568 679 2604 t!011105‚et
695 2569 844 2608 loquentes
857 2581 920 2609 (μαῖ’
937 2580 993 2598 non
1009 2576 1127 2608 oportet.
1149 2569 1264 2599 Proinde
1276 2576 1298 2597 et
1315 2568 1421 2607 quando
1435 2568 1580 2597 credideris
1595 2569 1640 2600 eis.

1767 592 1802 613 19v

1667 627 1700 641 10.
1719 626 1753 642 ΙΙ.

1665 1016 1729 1042 psal.
1749 1010 1787 1038 49·

1662 1058 1700 1074 20.

1663 1525 1682 1541 ¹.
1700 1519 1759 1541 Tim.
1779 1528 1803 1541 ο-
