1906 2846
109 559 183 580 Essa*
200 564 234 580 to.

270 177 335 210 330
605 187 632 208 s.
656 186 794 208 smmis
821 183 1000 207 cunvsosr.

266 248 396 287 possideat
416 246 620 275 innumerabiles
634 267 643 279 ,
663 252 688 273 ct
709 246 744 273 sit
758 245 785 273 iu
804 244 957 283 principatu
977 249 1003 270 ct

266 300 401 331 potestate,
416 292 533 320 nondum
553 297 639 318 tamen
653 290 701 318 scit
715 290 816 318 bonum
831 296 920 317 tuum.
941 287 1002 317 Noli

265 339 377 376 teipsum
391 336 548 365 contumelia
560 335 675 371 afficere,
690 335 766 363 illum
778 334 899 364 afficiens
909 340 1004 362 contu-

265 383 342 410 melia
361 395 367 409 ι
384 382 430 409 tibi
446 391 534 419 pai-cc,
551 390 602 407 uon
618 380 657 407 illi
674 391 680 408 z
696 380 810 417 teipsum
824 378 935 412 honora,
952 388 1001 406 uon

264 428 350 455 illum.
372 429 465 454 Annon
493 432 530 453 cst
552 425 707 463 hujusmodi
730 424 903 463 proverbium
923 435 928 450 :
947 423 1002 459 Qui

263 472 375 500 honorat
392 493 400 508 ‚
420 471 535 510 seipsum
552 470 673 498 honorat.
688 469 721 498 Et
737 470 830 498 merito
846 479 916 496 :non
931 468 1001 497 enim

264 517 341 545 illum
356 516 485 553 honorat,
501 515 547 544 sed
557 516 684 554 seipsum.
703 514 775 543 Audi
791 515 936 552 quemdam
954 524 999 542 sa·
1019 525 1037 548 C

263 562 378 602 picutcm
402 562 533 590 dicentem
550 573 555 588 :
571 562 634 589 Fac
660 562 766 588 animae
785 566 841 588 tuce
864 560 1001 587 honorem

261 610 347 647 juxta
358 610 418 647 ejus
430 608 612 646 dignitatem.
625 605 699 640 Quid
712 612 761 640 est,
775 605 870 634 Juxta
884 606 945 644 ejus
959 605 1003 632 di-

261 655 401 692 gnitatem
413 656 425 680 P
434 653 462 681 Si
475 663 520 690 per
532 651 674 679 avaritiam
686 650 832 686 fraudavit,
843 657 870 678 tu
884 660 917 678 ne
929 650 1002 678 finu-

261 699 321 736 des;
337 699 357 727 si
369 698 457 726 affecit
475 697 650 733 contumelia,
667 706 699 725 ne
715 695 874 725 contumelia
891 695 1000 724 afficias.

261 745 312 773 Dic
326 744 401 780 mihi,
411 743 536 781 quaeso‚si
545 742 604 780 quis
613 741 807 781 pauperlutum
817 742 907 781 jacens
919 741 1001 770 intua

260 791 321 818 aula
333 796 526 825 sumerct,num
536 795 675 827 propterca
685 799 745 816 eum
755 798 862 817 vocares
881 788 907 816 in
921 786 999 826 judi—

259 836 351 863 cium?
361 836 546 872 Nequaquam.
558 834 670 870 Quare?
685 834 724 862 Ne
735 841 759 862 te
774 833 934 862 contumelia
956 833 1000 861 af-

260 881 344 917 ficias,
355 892 387 910 nc
400 888 424 909 tc
435 892 525 909 omnes
540 881 726 910 condemnent.
742 881 799 909 Hoc
812 891 881 909 nunc
895 890 1001 918 quoque

258 928 288 956 fit
298 927 388 957 :dives
399 928 470 956 enim
483 935 520 956 est
533 938 644 967 pauper,
656 935 680 956 et
692 938 744 966 quo
755 934 793 956 est
803 927 893 963 ditior,
902 937 932 955 eo
943 937 1000 955 ma-

258 974 298 1012 gis
314 984 377 1002 vcra
388 973 491 1002 laborat
504 980 668 1012 paupertate.
680 973 781 1001 Lutum
791 979 829 1001 est
847 983 953 1007 aurum,
972 972 999 1001 in

257 1020 317 1048 aula
325 1020 424 1059 jacens,
441 1029 492 1047 non
507 1018 581 1047 domi
594 1025 643 1047 tuae
658 1019 756 1048 situm:
771 1019 866 1047 caelum
877 1018 947 1046 enim
962 1025 999 1047 est

257 1065 353 1093 domus
366 1072 419 1093 tua.
430 1066 572 1103 Propterea
583 1074 645 1102 ergo
658 1064 732 1093 litem
745 1063 865 1092 movebis
877 1070 903 1092 et
913 1070 938 1091 te
947 1074 998 1092 non

256 1111 468 1140 condemnabunt
488 1110 595 1150 superni
622 1111 694 1139 cives
705 1111 717 1139 9
730 1121 783 1139 non
807 1110 912 1149 ejicient
936 1117 961 1139 te
985 1121 999 1138 e

254 1168 301 1185 sua
315 1158 414 1196 patria,
430 1157 477 1195 qui
489 1167 516 1185 es
530 1156 595 1185 adeo
607 1157 732 1192 humilis,
743 1157 810 1185 adeo
821 1156 959 1195 abjectuS,
969 1163 998 1184 ut

254 1213 302 1241 p10
316 1203 419 1232 modico
433 1203 489 1231 luto
501 1202 567 1231 velis
591 1212 726 1240 pugnare.
719 1202 815 1231 ''Nam
839 1202 860 1230 si
880 1201 998 1230 mundus

254 1256 319 1277 esset
335 1256 405 1285 tuus,
417 1248 513 1277 deinde
530 1248 667 1276 sumsisset
681 1248 775 1286 aliquis
792 1258 864 1283 eum,
879 1248 997 1277 conveiti

254 1294 340 1332 magis
353 1300 493 1333 oporteret.

294 1341 323 1368 5.
339 1340 429 1368 Nescis
438 1340 518 1377 quod,
526 1340 546 1368 si
556 1339 641 1368 decies
650 1339 768 1378 posueris
777 1339 867 1368 orbem
876 1345 960 1373 terrac,
971 1346 995 1367 et

254 1385 351 1413 centies
365 1392 391 1414 et
404 1385 490 1414 decies
502 1385 611 1419 millies,
622 1392 647 1413 et
661 1385 702 1413 bis
715 1391 827 1421 tantum,
838 1395 869 1412 ne
883 1391 921 1412 cst
933 1384 994 1422 qui-

253 1432 313 1460 dem
332 1432 367 1460 ad
387 1432 526 1461 minimam
544 1439 645 1471 partem
661 1432 792 1460 bonorum
811 1442 870 1469 quae
887 1437 948 1459 sunt
965 1431 992 1459 in

253 1478 346 1506 cmlis?
361 1478 415 1514 Qui
429 1488 491 1516 ergo
506 1489 534 1506 ea
545 1488 602 1515 quae
618 1477 661 1506 hic
676 1484 737 1506 sunt
749 1478 874 1513 miratur,
889 1476 934 1504 illa
948 1476 991 1504 af-

253 1523 296 1551 fici
301 1530 309 1551 t
321 1523 481 1551 contumelia
490 1523 642 1560 ,siquidem
656 1522 713 1550 haec
725 1521 805 1559 digna
816 1522 951 1550 existimat
964 1522 990 1549 in

252 1579 310 1606 quae
325 1568 443 1596 studium
460 1569 575 1596 conferat
588 1578 667 1606 ‚quae
685 1567 719 1595 ab
737 1568 791 1595 illis
806 1574 879 1596 tanto
893 1567 1024 1609 distant¹2³

1032 182 1171 206 Ancum?
1179 199 1185 206 .
1215 184 1276 207 CON
1282 185 1478 210 STANTINOP.

1057 244 1114 271 ἀλλ’
1130 244 1231 272 ἑαυτόν.
1249 245 1340 274 Ἄκουε
1356 250 1434 284 σοφοῦ
1458 258 1525 279 τινος
1549 248 1682 286 λέγοντος,
1703 250 1817 285 Ποίησον

1056 289 1088 325 τῇ
1109 289 1179 327 ψυχῇ
1197 301 1242 318 σου
1258 290 1337 328 τιμὴν
1351 291 1420 319 κατὰ
1434 291 1482 326 τὴν
1501 292 1574 324 ἀξίαν
1597 295 1684 328 αὑτῆς.
1696 294 1732 323 Τί
1747 297 1818 327 ἐστι,

1059 333 1135 362 Κατὰ
1155 335 1203 370 τὴν
1218 334 1291 367 ἀξίαν
1307 338 1402 372 αὐτῆς
1416 338 1449 365 Εἰ
1464 337 1668 373 ἐπλεονέκτησε,
1688 340 1765 377 φησὶ,
1781 340 1817 377 μὴ

1057 379 1268 418 πλεονεκτήσῃς,
1284 382 1306 409 εἷ
1319 394 1422 421 υορισε,
1435 382 1471 420 μὴ
1484 382 1602 421 ὑδρίσῃς.
1617 383 1686 412 Εἰπέ
1701 395 1759 421 μοι,
1769 396 1817 413 πα·

1056 426 1176 463 ρακαλῦ,
1187 426 1211 454 εἴ
1225 439 1264 459 τις
1279 427 1360 462 πένης
1372 428 1455 463 πηλον
1470 428 1630 467 ἐῤῥιμένον
1617 429 1669 457 απὸ
1679 431 1725 463 τῆς
1738 430 1820 463 αὐλης

1053 471 1131 500 ἔλαοε
1143 474 1190 507 τῆς
1204 475 1265 508 σῆς,
1280 476 1331 512 ἀρα
1348 474 1377 501 ἂν
1389 474 1454 513 ὑπὲρ
1466 485 1556 502 τουτου
1570 474 1735 514 δικαστήριον
1750 476 1819 513 αὐτῷ

1054 517 1260 556 συνεκρότησας;
1283 520 1422 556 Οὐδαμῶς.
1437 519 1489 547 Διὰ
1511 519 1549 554 τί;
1571 519 1628 548 Ινα
1653 519 1689 557 μὴ
1711 519 1820 558 ὑδρίσῃς

1054 563 1159 598 σαυτὸν,
1169 564 1211 592 ἵνα
1227 564 1264 601 μὴ
1280 564 1375 597 πάντες
1389 577 1434 594 σου
1446 566 1605 603 καταγνῶσι.
1614 566 1639 594 Τ
1641 568 1701 594 οὖτο
1715 565 1760 593 καὶ
1775 569 1818 594 νῦν

1054 608 1167 647 γίνεται·
1183 610 1263 645 πένης
1279 610 1330 648 γάρ
1345 611 1414 639 ἐστιν
1430 612 1444 638 ὁ
1459 610 1596 646 πλούσιος,
1612 610 1656 638 καὶ
1667 610 1720 649 ὅσῳ
1732 611 1818 638 πλου-

1053 658 1105 688 τεῐ,
1116 654 1231 693 τοσούτῳ
1244 655 1324 690 πένης
1340 655 1439 694 γίνεται
1454 655 1501 690 τὴν
1518 656 1597 688 ὄντως
1611 655 1712 684 πενίαν.
1727 655 1818 690 Πηλός

1053 701 1123 728 ἐστιν
1137 702 1150 728 ὁ
1164 701 1273 739 χρυσὸς,
1288 701 1314 728 ἐν
1331 702 1396 739 αὐλῃ
1411 700 1565 740 ἐρριμμένος
1575 723 1582 736 ,
1598 702 1643 729 οὐκ
1657 701 1683 729 ἓν
1698 713 1730 739 τῃ
1748 701 1818 729 οἰκία

1053 757 1098 774 σου
1115 746 1245 784 κείμενος·
1261 749 1276 781 ἡ
1293 746 1343 785 γὰρ
1360 747 1428 775 οἰκία
1441 758 1486 775 σου
1498 749 1510 775 ὁ
1521 746 1628 785 οὐρανός
1641 748 1720 776 ἐστιν
1732 745 1817 784 Ὑπὲρ

1053 791 1145 820 τούτου
1162 795 1204 820 οὐν
1222 792 1407 831 συγκροτήσεις
1423 792 1602 832 δικαστήριον,
1622 804 1667 821 και
1691 793 1718 820 οὐ
1735 804 1816 820 κατοι-

1053 836 1199 874 γνώσονταί
1210 850 1255 866 σου
1270 840 1293 866 οἱ
1308 838 1362 866 ἄνω
1375 838 1495 872 πολῖται;
1511 839 1558 866 οὐκ
1574 838 1713 866 ἐκὸα)ουσί
1728 849 1758 866 σε
1768 840 1815 872 τῆς

1052 885 1151 911 ἑαυτων
1164 883 1303 923 πατρίδος,
1317 883 1360 911 τὸν
1373 883 1439 911 οὕτω
1462 883 1594 918 ταπεινὸν,
1608 883 1651 911 τὸν
1673 894 1753 915 ουτως
1773 884 1814 910 εὖ·

1052 940 1078 956 τ’
1069 930 1114 963 -)ἧ
1124 952 1131 964 ,
1146 931 1180 962 ὣς
1192 929 1239 957 int}
1230 941 1257 968 ρ
1267 928 1355 967 ὀλίγου
1369 930 1454 963 πηλοῦ
1471 940 1539 966 μοιχΞ
1529 930 1602 956 ..σθαι
1624 929 1769 966 αἱρεῖσθαη
1784 928 1815 956 Εἰ

1051 974 1103 1013 γὰρ
1119 976 1132 1003 ὁ
1147 974 1244 1012 κόσμος
1263 978 1295 1009 ἢν
1319 974 1375 1010 σὸς,
1391 977 1446 1003 εἶτα
1463 973 1539 1003 αὐτόν
1562 985 1601 1006 τις
1625 973 1730 1010 ἔλαὸεν,
1753 973 1814 1002 ἔπι-

1052 1031 1200 1059 στραφῆναι
1214 1033 1303 1059 esp-siv·

1088 1339 1145 1367 Οὐκ
1157 1334 1228 1370 οἶδας
1241 1338 1281 1367 ὅτι
1296 1338 1401 1370 δεκάκις
1410 1337 1456 1372 τὴν
1469 1337 1622 1376 οἰκουμένην
1632 1338 1675 1367 ἐὰν
1691 1341 1751 1378 θῇς,
1767 1339 1812 1368 καὶ

1047 1384 1228 1418 ἑκατοντάκις,
1244 1383 1288 1412 καὶ
1311 1383 1448 1422 μυριάκις,
1465 1384 1510 1412 καὶ
1525 1384 1562 1416 δὶς
1588 1386 1720 1419 τοσοῦτον,
1735 1385 1812 1414 Βοῦδὲ

1045 1430 1109 1468 πρὸς
1126 1430 1155 1458 τὸ
1169 1430 1314 1458 πολλοστὸν
1332 1429 1408 1468 μέρος
1422 1432 1473 1458 τῶν
1493 1431 1520 1458 ἐν
1543 1434 1596 1463 τοῖς
1609 1431 1726 1468 οὐρανοῖς
1740 1432 1811 1459 ἐστιν

1045 1476 1163 1512 ἀγαθῶν;
1191 1474 1223 1504 Ὁ
1246 1474 1330 1503 τοίνυν
1353 1475 1386 1504 τὰ
1412 1477 1521 1504 ἐνταῦθα
1547 1475 1697 1513 θαυμάζων,
1724 1476 1811 1503 ἐκεῖνα

1044 1519 1159 1558 ὖορισεν,
1178 1520 1201 1548 εἴ
1219 1532 1248 1558 γε
1270 1523 1352 1548 ταῦτα
1369 1520 1428 1553 ἄξια
1452 1521 1566 1555 σπουδῆς
1589 1523 1706 1559 ἡγεῖται,
1721 1523 1811 1549 τοσοῦ-

1026 1577 1087 1609 2τον
1098 1566 1203 1594 ἐκείνων
1220 1566 1476 1604 ἀπολιμπανόμενα·
1491 1566 1624 1603 μᾶλλον
1601 1578 1627 1595 οε
1641 1565 1699 1595 οὐδὲ
1711 1566 1810 1604 Θαυμά-

253 1614 417 1642 intem-1110:
433 1614 487 1642 imo
504 1624 565 1642 vero
581 1624 627 1641 nec
647 1613 742 1651 poteiit
756 1612 864 1650 quidem
879 1612 924 1641 illa
939 1605 1010 1640 ads
1010 1591 1036 1641 xz
1045 1623 1089 1640 σαι
1104 1614 1144 1640 ἐκε
1148 1616 1188 1640 ἵνα
1203 1612 1357 1646 δυνησεται·
1374 1614 1430 1643 πῶς
1443 1611 1511 1650 γαρ,
1530 1612 1594 1651 πρὸς
1610 1615 1692 1640 ταῦτα
1709 1612 1810 1647 ἐπι-οη-

286 1712 294 1722 ³
313 1705 384 1736 [Leg.
403 1704 443 1727 rel
458 1707 506 1728 οὐδὲ
520 1708 543 1728 τὲ
562 1707 684 1729 πηκτὸν
695 1706 773 1735 μέρος,
786 1702 822 1726 vel
836 1705 896 1728 οὐδὲν
908 1707 963 1737 πρὸς
975 1708 1009 1727 τὸ,
1024 1701 1157 1732 Dunaeus.]

682 1786 856 1814 MUTIANO
878 1784 1129 1814 SCHOLASTICO
1152 1784 1401 1813 INTERPRETE.

250 1878 285 1906 tia
303 1877 351 1913 sit,
365 1876 477 1905 necdum
490 1876 539 1904 scit
553 1875 654 1904 honum
667 1883 754 1904 tuum.
772 1875 834 1904 Noli
847 1885 909 1914 ergo
921 1875 1050 1914 injuriare
1060 1874 1192 1914 teipsum,
1205 1874 1270 1903 dum
1285 1874 1362 1902 illum
1373 1874 1485 1913 injurias
1503 1887 1508 1902 :
1525 1875 1627 1914 tibiipsi
1639 1886 1717 1915 parce
1730 1879 1738 1911 ,”
1754 1886 1805 1906 non

250 1924 290 1952 illi
301 1935 310 1961 ς
323 1924 436 1962 teipsum
450 1923 566 1959 honora,
581 1933 633 1951 non
647 1922 736 1951 illum.
754 1923 846 1951 Nonne
855 1922 1029 1962 proverbium
1039 1922 1092 1950 tale
1105 1928 1143 1950 est
1155 1922 1168 1950 .⁰
1181 1921 1250 1956 Quia
1262 1921 1308 1959 qui
1318 1921 1401 1950 alium
1413 1921 1535 1958 honorat,
1547 1922 1664 1961 seipsum
1679 1923 1805 1952 honorat:

249 1977 273 1999 et
287 1970 380 1999 merito
389 1982 398 2008 5
407 1980 459 1998 non
473 1970 544 1998 enim
558 1969 671 1998 honorat
687 1969 763 1998 illum
773 1992 780 2005 ,
793 1969 839 1998 sed
853 1969 979 2009 seipsum.
994 1969 1064 1997 Audi
1077 1969 1231 2008 Sapientem
1242 1968 1523 2007 quemdamdjcentem
1537 1981 1542 1996 :
1556 1971 1619 1998 Fac
1633 1971 1740 2000 animoe
1750 1977 1806 2000 tuae

250 2019 387 2046 honorem
400 2018 556 2046 secundum
575 2018 746 2056 dignitatem
759 2019 830 2057 ejus.
843 2017 919 2052 Quid
935 2023 974 2046 est
990 2017 1041 2045 hoc
1055 2017 1068 2044 Ρ
1086 2017 1116 2045 Si
1129 2023 1174 2044 tua
1189 2015 1321 2055 diripuit,
1340 2016 1441 2054 inquit,
1456 2016 1511 2045 noli
1526 2017 1584 2056 ejus
1594 2017 1663 2046 velle
1675 2017 1806 2057 diripere:

249 2064 406 2103 injuriavit,
418 2075 470 2093 non
484 2064 603 2103 injuries,
616 2064 667 2092 Dic
677 2064 745 2092 mihi
758 2086 766 2101 ,
781 2064 890 2093 obsecro
902 2086 909 2100 ,
922 2064 945 2092 si
956 2064 1099 2102 quisquam
1114 2073 1217 2102 pauper
1225 2063 1312 2091 lutum
1323 2063 1414 2101 jacens
1428 2062 1456 2090 in
1467 2063 1535 2091 atrio
1548 2069 1596 2092 tuo
1607 2063 1709 2092 tolleret
1718 2086 1728 2102 ,
1741 2074 1806 2094 num

249 2118 387 2150 propterea
398 2121 459 2140 eum
472 2110 650 2149 adjudicium
663 2111 780 2140 traheres
793 2112 805 2139 Ρ
820 2112 1006 2149 Nequaquam.
1022 2111 1112 2145 Quare
1126 2109 1140 2137 Ρ
1153 2110 1193 2138 Ne
1204 2109 1319 2148 teipsum
1332 2109 1455 2148 injuries,
1477 2119 1510 2138 ne
1532 2116 1558 2138 te
1570 2120 1661 2139 omnes
1681 2110 1807 2150 inculpa-

249 2165 315 2186 rent.
331 2158 388 2187 Hoc
399 2157 480 2186 etiam
493 2158 535 2186 fac
549 2169 555 2185 ι
571 2167 673 2196 pauper
683 2157 784 2196 quippe
799 2163 837 2185 est
852 2157 898 2185 ille
920 2156 1011 2193 dives,
1028 2162 1053 2184 et
1072 2161 1171 2193 quanto
1189 2154 1272 2184 ditior
1288 2155 1319 2183 fit
1328 2177 1336 2192 ,
1351 2162 1424 2184 tanto
1445 2155 1588 2195 pauperior
1599 2156 1720 2193 exsistit,
1734 2167 1806 2196 pau-

249 2210 350 2242 pertate
361 2215 420 2242 quae
433 2213 524 2232 revera
536 2210 679 2242 paupertas
691 2209 739 2231 est.
754 2203 855 2230 Lutum
866 2209 903 2230 est
916 2201 1047 2230 aurumin
1063 2201 1130 2229 atrio
1141 2201 1299 2240 projectum,
1316 2211 1368 2229 non
1386 2201 1413 2228 in
1428 2200 1508 2229 domo
1523 2207 1584 2229 tua:
1596 2200 1692 2231 domus
1705 2202 1806 2241 quippe

249 2256 295 2277 tua
309 2250 404 2278 caelum
418 2255 464 2278 est.
478 2249 621 2287 Propterea
634 2248 732 2286 itaque,
751 2248 773 2276 si
788 2258 878 2276 moves
889 2247 1003 2287 judicIa‚
1013 2255 1091 2287 putas
1105 2246 1177 2285 quod
1191 2257 1243 2277 non
1255 2254 1280 2275 te
1294 2247 1442 2286 culpabunt
1453 2246 1524 2276 cives
1535 2247 1680 2286 superioris
1690 2248 1806 2287 patriae?

250 2304 302 2322 non
316 2301 341 2323 te
352 2294 493 2323 excludent
503 2304 518 2322 a
527 2304 575 2323 sua
592 2294 688 2333 patria,
706 2301 731 2322 te
744 2301 798 2322 tam
810 2293 942 2322 humilem
953 2315 961 2331 ‚
976 2300 1030 2322 tam
1044 2292 1185 2322 sordidum
1196 2314 1205 2329 ‚
1217 2299 1272 2321 tam
1287 2293 1436 2329 infirmum,
1451 2299 1506 2321 tam
1519 2293 1670 2332 abjectum,
1684 2300 1714 2322 ut
1723 2294 1804 2325 etiam

250 2352 298 2380 pro
311 2342 415 2371 modico
428 2342 484 2371 luto
492 2341 574 2380 eligas
587 2341 713 2381 litigare?
726 2341 754 2370 Si
767 2341 838 2369 enim
851 2340 969 2369 mundus
982 2340 1038 2379 ipse
1053 2347 1114 2369 tuus
1124 2346 1190 2369 esset
1199 2362 1208 2378 ,
1225 2339 1322 2369 deinde
1339 2340 1482 2379 quisquam
1503 2340 1554 2369 tibi
1568 2340 1647 2370 illum
1665 2341 1781 2370 auferret
1791 2363 1800 2376 ,

251 2387 367 2416 converti
378 2394 404 2416 te
415 2388 499 2427 magis
514 2387 667 2426 oportebat,
679 2397 760 2426 quam
775 2386 891 2425 litigare.

289 2433 398 2470 Ignoras
414 2434 476 2471 quia
490 2434 512 2462 si
525 2433 669 2473 decuplum
683 2433 778 2462 mundi
796 2433 892 2472 hujus,
907 2431 950 2462 vel
965 2431 1137 2471 centuplum,
1167 2432 1211 2461 vel
1232 2432 1320 2461 decies
1344 2433 1441 2461 millies
1464 2439 1585 2468 tantum,
1602 2439 1627 2461 et
1655 2432 1744 2461 adhuc
1771 2442 1801 2461 eo

250 2479 364 2517 amplius
380 2490 513 2519 assumas,
531 2491 615 2519 neque
631 2481 741 2510 minimo
755 2480 825 2509 bono
840 2479 938 2508 caelesti
954 2479 1164 2519 comparandum
1179 2486 1216 2508 est
1229 2479 1242 2508 ἓ
1257 2479 1311 2515 Qui
1325 2479 1408 2518 igitur
1424 2491 1465 2509 res
1479 2480 1560 2519 hujus
1573 2479 1663 2508 saeculi
1676 2479 1802 2515 miratur,

251 2524 310 2552 illas
324 2525 449 2564 injuriat,
465 2527 597 2565 siquidem
612 2528 660 2557 ista
675 2527 822 2568 appetenda
838 2537 893 2557 esse
909 2527 1059 2566 arbitraris,
1075 2537 1134 2566 quae
1156 2527 1305 2566 plurimum
1319 2526 1444 2556 iuferiora
1460 2527 1514 2556 illis
1537 2533 1598 2556 sunt
1615 2539 1621 2554 :
1638 2526 1722 2566 magis
1747 2537 1800 2555 au-
