1906 2846
264 184 334 228 416

266 270 312 297 per
336 257 531 296 poenitentinm,
555 266 601 294 per
624 255 770 293 lacrymas,
796 264 844 292 per
865 253 1008 289 orationes,

266 316 312 343 per
340 304 546 341 eleemosynam.
573 301 649 339 Quid
673 311 749 337 vero,
779 300 884 338 inquit,
908 300 930 328 si
956 310 1009 328 non

265 350 378 378 habeam
403 348 472 376 unde
492 348 589 376 faciam
612 345 832 386 eleemosynam?
853 345 907 374 Sed
927 345 1009 374 habes

265 396 392 433 poculum
405 404 480 431 aquae
499 392 611 431 frigidm,
627 399 876 430 quantumcumque
887 392 924 420 sis
943 403 1008 431 pau-

265 451 329 479 per;
352 439 398 468 sed
420 438 475 467 duo
500 439 602 467 minuta
626 438 725 472 habes,
743 444 959 476 quantacumque
973 438 1009 466 sis

264 487 291 514 in
308 491 481 525 paupertate,
501 484 581 524 pedes
607 483 692 512 habes
712 490 742 512 ut
766 483 856 512 visites
882 491 1006 523 aegrotos,

264 539 293 560 ut
319 531 480 571 ingrediaris
501 541 654 567 carcercm3
681 531 727 560 sed
746 537 846 559 tectum
864 531 958 566 habes,
979 538 1009 560 ut

263 578 384 617 excipias
405 577 531 616 hospites.
558 578 617 605 Non
646 583 684 605 est
705 576 788 614 enim,
803 588 856 606 non
877 584 916 606 est
931 578 1008 606 venia

264 624 297 653 iis
310 624 356 663 qni
376 635 427 652 non
443 623 543 652 faciunt
558 623 766 662 eleemosynam.
783 623 845 652 Haec
860 634 908 652 nos
929 623 1007 653 vobis

263 671 371 700 assidue
382 670 507 705 dicimus,
520 677 549 698 111
561 670 603 698 vel
615 681 650 698 ex
662 669 819 699 assiduitate
831 681 928 710 parum
940 670 1006 708 quid

263 717 420 745 efficiamus.
437 715 501 744 Haec
515 715 643 753 dicimus,
658 726 710 744 non
727 723 781 744 tam
798 726 891 744 eorum
907 716 1006 754 quibus

262 764 330 792 hene
352 763 393 800 fit,
415 772 495 800 quam
511 762 593 791 vestri
608 773 700 791 curam
715 769 835 801 gerentes
856 774 862 790 :
877 772 940 791 nam
952 762 1006 792 illis

263 810 373 848 quidem
397 809 537 849 praesentia
564 808 652 845 datis;
679 809 794 837 caelestia
816 815 906 837 31110111
932 809 1006 838 3001-

263 856 327 895 pitis
342 868 347 883 :
364 867 424 894 quae
439 856 517 884 nobis
538 855 664 883 omnibus
685 855 764 884 detur
779 855 920 894 consequi,
943 866 1006 894 gra-

261 903 299 930 tia
321 909 345 931 et
366 902 531 941 benignitate
554 901 665 930 Domini
685 901 769 930 nostri
792 903 857 931 Jesu
881 901 1002 938 Christi,

261 959 322 977 cum
335 959 388 986 quo
402 948 476 976 Patri
487 958 539 976 11113
551 958 614 976 011111
626 955 717 976 sancto
730 947 834 987 Spiritu
847 948 942 986 gloria,
954 948 1003 976 lio-

262 1006 320 1031 1101,
339 994 481 1034 imperium
493 1001 518 1023 et
532 994 662 1030 adoratio,
677 1004 748 1022 nunc
767 1000 792 1022 et
809 1004 922 1033 semper,
937 1002 961 1023 et
977 995 1003 1023 in

262 1041 357 1069 saecula
373 1040 541 1069 saeculorum.
558 1041 651 1068 Amen.

1026 587 1043 609 Β

607 194 635 215 S.
664 193 805 215 somnis
834 191 1014 214 CHRYSOST·
1046 193 1202 215 ARCHIEP.
1232 193 1501 217 CONSTANTINOP-

1062 256 1124 291 γοῦν
1146 254 1193 290 τὴν
1217 256 1312 290 κηλῖδα
1339 255 1375 293 μὴ
1401 255 1578 293 καθεύδωμεν,
1600 257 1667 285 ἀλλὰ
1689 257 1830 289 διαπαντὸς

1062 300 1228 338 ἐπιμένωμεν
1260 301 1453 333 ἀποπλύνοντες
1485 301 1529 330 τὀν
1565 302 1644 341 ῥύπον
1672 302 1716 331 διὰ
1744 314 1828 340 μετα-

1061 345 1144 381 νοίας,
1170 346 1213 375 διὰ
1235 347 1365 385 δακρύων,
1387 346 1430 375 διὰ
1454 349 1550 385 εὐχῶν,
1576 347 1618 375 διὰ
1642 347 1829 386 ἐλεημοσύνης.

1062 391 1097 420 Τί
1121 388 1177 427 οῦν,
1202 392 1247 421 ἐὰν
1269 392 1305 430 μὴ
1333 393 1396 432 ἔχω,
1414 393 1502 432 φησὶν,
1523 393 1701 432 ἐλεημοσύνην
1726 394 1831 433 ἐργάζε-

1062 441 1137 474 σοαι;
1159 438 1240 468 Ἀλλὰ
1265 441 1366 478 ψυχροῦ
1392 439 1517 478 ποτήριον
1542 440 1626 479 ἔχεις,
1653 441 1712 469 ὅσον
1741 439 1771 467 ἂν
1798 435 1830 477 ᾗς

1060 485 1141 520 πένης
1155 496 1161 502 ·
1182 485 1250 514 ἀλλὰ
1276 485 1321 514 δύο
1334 485 1419 514 λεπτὰ
1440 485 1510 524 ἔχεις
1521 509 1528 522 ,
1545 487 1580 519 ὡς
1597 486 1627 514 ἂν
1642 481 1673 525 ἧς
1692 487 1718 514 ἐν
1732 485 1811 523 πενίᾳ
1822 496 1828 502 ·

1061 531 1129 559 ἀλλὰ
1154 531 1236 563 πόδας
1262 531 1330 570 ἔχεις
1349 531 1419 560 ὥστε
1442 532 1636 571 ἐπισκέψασθαι
1664 531 1829 572 ἀρρώστους,

1060 576 1128 605 ὥστε
1149 579 1185 610 εἷς
1205 577 1385 617 δεσμωτήριον
1410 579 1546 614 εἰσελθεῖν,
1565 578 1634 606 ἀλλὰ
1649 577 1743 616 στέγην
1761 577 1830 616 ἔχεις

1060 623 1129 652 ὥστε
1144 623 1267 657 δέξασθαι
1281 623 1374 657 ξένους.
1399 625 1439 653 Οὖ
1460 624 1512 663 γάρ
1523 626 1603 659 ἔστιν,
1619 625 1666 653 οὐκ
1690 624 1746 652 ἔστι
1767 634 1829 661 συγ-

1059 669 1153 707 γνώμη
1181 669 1290 707 οὐδεμία
1315 671 1352 709 τῷ
1381 670 1557 707 ἐλεημοσύνην
1585 670 1621 708 μὴ
1652 669 1828 709 ἐργαζομένῳ.

1059 716 1152 745 Ταῦτα
1167 718 1282 754 συνεχῶς
1296 715 1408 754 λέγομεν
1422 716 1487 755 πρὸς
1506 717 1589 753 ὑμᾶς,
1604 715 1648 745 ἵνα
1664 715 1712 745 κᾶν
1735 715 1829 754 μικρὸν

1060 763 1112 790 ἀπὸ
1123 763 1170 796 ’.ἧς
1185 761 1320 801 συνεχείας
1333 761 1470 800 ἀνύσωμεν
1481 773 1487 780 ’
1503 765 1587 791 ταῦτα
1597 761 1718 801 λέγομεν,
1734 763 1763 791 οὗ
1777 763 1829 790 τῶν

1059 803 1087 836 εῦ
1102 808 1258 847 πασχόντων
1272 808 1448 847 φροντίζοντες
1459 831 1466 843 ,
1479 811 1513 842 ὡς
1530 810 1614 847 ὑμῶν.
1630 808 1759 841 Ἐκείνοις
1781 807 1828 845 μὲν

1057 854 1109 893 γὰρ
1120 854 1152 883 τὰ
1169 856 1279 883 ἐνταῦθα
1295 853 1393 890 δίδοτε,
1405 855 1614 892 ἀντιλαμὸάνετε
1627 853 1654 883 δὲ
1661 853 1695 882 τὰ
1707 853 1829 893 οὐράνια·

1058 896 1093 929 ὧν
1107 901 1208 939 γένοιτο
1222 900 1322 933 πάντας
1337 903 1409 939 ἡμᾶς
1421 902 1568 940 ἐπιτυχεῖν,
1579 900 1671 940 χάριτι
1680 900 1726 929 καὶ
1739 900 1830 939 φιλαν-

1057 947 1160 986 θρωπίᾳ
1173 950 1218 975 τοῦ
1233 946 1329 985 Κυρίου
1345 949 1420 984 ἡμῶν
1433 947 1520 982 Ἰησοῦ
1536 948 1651 986 Χριστοῦ
1662 969 1669 983 ,
1684 947 1740 984 μεθ’
1754 941 1783 974 οῦ
1791 947 1829 984 τῷ

1057 993 1145 1032 Πατρὶ
1162 993 1218 1031 ἅμα
1233 995 1271 1032 τῷ
1295 993 1362 1033 ἁγίῳ
1387 993 1524 1031 Πνεύματι
1546 993 1606 1026 δόξα
1618 1014 1625 1028 ,
1641 992 1749 1033 κράτος,
1762 991 1828 1029 τιμὴ

1057 1040 1101 1068 καὶ
1116 1039 1307 1079 προσκύνησις,
1322 1042 1366 1068 νῦν
1389 1039 1433 1068 καὶ
1454 1039 1511 1075 ἀεὶ,
1526 1039 1571 1068 καὶ
1595 1041 1631 1072 εἷς
1652 1038 1710 1071 τοὺς
1732 1039 1828 1070 αἰῶνας

1057 1087 1109 1113 τῶν
1131 1083 1241 1113 αἰώνων.
1253 1085 1278 1113 ’A
1285 1085 1346 1121 μήν,

686 1189 860 1219 MUTIANO
882 1189 1135 1218 SCHOLASTICO
1157 1188 1411 1218 INTERPRETE.

260 1283 346 1320 dium,
356 1293 404 1322 per
416 1280 610 1320 poenitentiam,
623 1290 671 1319 per
683 1279 824 1314 orationes,
838 1290 884 1319 per
894 1279 1039 1319 lacrymas,
1056 1290 1103 1318 per
1116 1279 1313 1307 misericordias
1325 1279 1462 1307 abluatur.
1475 1278 1529 1307 Sed
1542 1278 1614 1307 dicet
1628 1279 1737 1318 aliquis,
1750 1280 1826 1316 Quid

261 1331 283 1359 si
298 1341 350 1359 non
364 1329 477 1357 habeam
491 1327 563 1356 unde
577 1327 679 1367 possim
694 1327 890 1355 misericordias
905 1327 1034 1366 operari?
1049 1327 1103 1355 Sed
1117 1327 1199 1355 hahes
1216 1326 1259 1355 vel
1274 1326 1386 1354 calicem
1400 1336 1476 1363 aquae
1489 1325 1609 1364 frigidae,
1625 1327 1826 1364 quantumlibet

262 1379 298 1408 sis
312 1387 414 1418 pauper
433 1389 438 1404 :
456 1376 500 1404 vel
520 1376 574 1404 duo
596 1376 700 1404 1111111113
720 1375 814 1412 habes,
833 1375 1001 1413 quantalibet
1017 1381 1176 1414 paupertate
1190 1373 1304 1402 tenearis
1324 1373 1429 1402 :habes
1444 1373 1534 1412 pedeS‚
1547 1380 1577 1402 ut
1596 1374 1682 1413 possis
1703 1375 1828 1405 infirmos

262 1433 427 1466 aegrotosque
443 1424 564 1461 visitare,
578 1431 607 1452 111
623 1423 709 1462 possis
724 1423 814 1451 venire
826 1422 860 1450 ad
873 1433 916 1451 eos
930 1423 975 1460 qui
989 1422 1015 1450 in
1030 1422 1183 1450 carceribus
1200 1421 1354 1450 detinentur
1369 1433 1374 1448 :
1391 1421 1474 1449 habes
1490 1421 1585 1450 saltem
1598 1428 1709 1459 tectum,
1721 1429 1752 1451 ut
1765 1433 1829 1463 pos-

262 1473 298 1501 sis
313 1472 447 1511 suscipere
463 1470 643 1510 peregrinum.
660 1469 740 1498 Nulla
755 1476 793 1498 est
808 1469 902 1508 igitur,
918 1469 992 1497 nulla
1004 1476 1044 1498 est
1057 1469 1136 1498 venia
1155 1468 1179 1496 ei
1197 1468 1246 1506 qui
1260 1467 1475 1497 misericordiam
1489 1478 1542 1497 non
1557 1468 1668 1497 exhibet
1682 1469 1826 1508 indigenti.

262 1519 298 1548 Et
312 1519 369 1548 liaec
383 1518 492 1557 quidem
509 1518 659 1556 frequenter
672 1515 749 1545 vobis
764 1516 890 1551 dicimus,
903 1523 933 1544 nt
945 1527 979 1544 ex
993 1515 1127 1544 continuis
1144 1514 1374 1544 admonitionibus
1389 1514 1486 1543 saltem
1500 1514 1634 1554 possimus
1649 1515 1753 1553 aliquid
1765 1526 1829 1555 pro-

262 1576 377 1595 movere.
393 1565 457 1594 Haec
471 1571 561 1593 autem
575 1563 701 1601 dicimus,
710 1573 762 1591 non
776 1569 881 1591 tantum
893 1562 926 1591 de
939 1562 1005 1599 illis,
1022 1562 1069 1601 qui
1084 1569 1186 1591 vestras
1202 1561 1401 1590 misericordias
1413 1568 1475 1590 sunt
1491 1561 1654 1600 percepturi,
1670 1562 1828 1601 cogitantes,

263 1620 393 1652 quantum
406 1623 455 1652 pro
470 1619 557 1642 vestra
573 1611 658 1640 salute
671 1617 828 1650 satagentes.
843 1610 902 1639 Illis
919 1610 1020 1650 quippe
1035 1609 1194 1650 temporalia
1212 1616 1237 1638 et
1252 1616 1357 1638 terrena
1369 1616 1395 1638 et
1411 1609 1512 1638 caduca
1526 1609 1677 1646 tribuistis;
1693 1610 1828 1649 recipietis

263 1667 351 1688 autem
366 1669 414 1688 vos
436 1668 485 1697 pro
500 1657 557 1685 istis
569 1657 637 1685 bona
655 1656 769 1685 caelestia
785 1656 946 1696 sempiterna
967 1668 972 1683 :
988 1667 1047 1695 qnze
1059 1667 1107 1684 nos
1123 1666 1214 1685 omnes
1229 1655 1366 1695 contingat
1382 1655 1507 1695 adipisci,
1520 1655 1548 1684 in
1565 1655 1672 1685 Christo
1687 1657 1751 1686 Jesu
1766 1657 1826 1685 Do-

264 1707 337 1735 mino
351 1712 449 1742 nostro,
465 1715 525 1733 cum
540 1714 592 1741 qno
609 1703 681 1732 Patri
697 1703 793 1742 gloria,
811 1714 863 1732 nna
880 1713 941 1732 cum
957 1710 1047 1732 sancto
1063 1702 1177 1742 Spiritu,
1198 1712 1269 1731 nunc
1289 1709 1314 1731 et
1329 1713 1441 1742 semper,
1454 1708 1478 1731 et
1500 1701 1527 1730 in
1542 1701 1639 1730 saecula
1657 1701 1826 1731 saeculorum.

268 1757 357 1784 Amen.
