1906 2846
249 145 319 179 912
598 143 625 164 S.
653 142 793 165 JOANNIS
819 141 1001 165 cunYSOST.

249 212 333 232 strum
355 204 423 232 male
446 210 549 241 ageret,
567 203 601 231 ita
627 211 654 231 ut
674 203 818 242 periclitari
850 204 986 233 videretur

248 259 280 277 ne
295 260 308 277 a
324 256 392 276 terra
414 248 470 287 ipsa
495 247 643 284 excideret,
655 258 706 276 nou
721 249 818 287 abjecit
844 259 905 278 eum
916 271 924 285 ,
939 249 986 277 sed

249 301 347 322 tantam
362 304 453 323 curam
464 293 542 330 gessit
557 304 649 321 eorum
664 294 710 331 qui
725 305 752 322 se
767 295 946 330 offenderant,
956 301 985 323 ut

247 349 274 367 se
294 339 424 367 Dominus
446 338 519 377 apud
546 349 652 367 servum
682 339 833 369 defenderet
846 347 890 376 ,et
909 341 983 378 quasi

245 385 316 423 paris
337 384 443 412 honoris
454 385 571 412 amicum
584 385 762 422 alloqueretur
772 386 848 414 illum
858 408 865 422 ‚
877 396 908 414 ac
919 396 985 415 cau-

245 441 286 457 sas
301 429 400 457 diceret
414 430 509 458 suturae
524 430 661 468 perniciei.
680 431 772 459 Postea
785 432 870 469 legem
885 432 917 460 ad
930 443 982 460 au-

246 475 342 503 xilium
357 474 429 503 dedit
443 497 450 511 ,
470 475 610 514 prophetas
625 476 715 512 misit,
731 478 777 515 qui
803 488 861 515 qua}
881 477 983 515 agenda

244 527 329 548 essent
354 520 510 549 indicarent.
537 523 652 550 Demum
681 523 754 551 misit
782 523 882 552 Filium
904 535 983 553 suum

245 566 424 603 unigenitum,
443 567 542 595 factum
554 578 586 595 ex
602 568 729 604 muliere,
741 569 839 597 filetum
851 570 901 598 suls
918 570 983 608 lege,

245 619 274 640 ut
291 623 334 640 eos
348 613 394 650 qui
409 613 459 640 sub
476 613 534 651 lege
548 621 623 642 erant
639 614 795 651 redimeret,
811 623 840 644 ut
861 616 984 655 adoptio—

244 668 303 686 nem
319 658 435 686 filiorum
457 659 643 698 reciperemus.
659 661 830 699 Quapropter
855 662 983 700 propheta

243 703 276 731 de
292 713 387 741 magna
409 704 465 742 ejus
485 714 547 741 erga
570 705 661 732 orbem
685 706 866 734 sollicitudine
891 713 983 745 stupe-

242 749 341 785 factus,
355 759 450 787 magna
474 756 498 777 ct
513 750 584 777 clara
603 760 668 778 voce
689 751 915 787 exclainavit75ic
936 752 983 780 di-

242 806 315 823 cens:
333 796 412 824 Deus
433 802 529 824 noster
547 798 578 823 in
594 802 671 824 terra
685 797 767 826 <visus
794 805 853 832 est,
877 805 904 826 et
919 809 983 827 cum

243 843 406 870 hominihus
422 849 609 871 conversatus
632 850 684 870 est.
705 843 811 871 Etenim
836 843 983 873 admodum

240 888 405 926 stupendum
430 894 469 915 est
497 887 591 916 audire
603 910 611 925 ‚
625 888 698 926 quod
722 890 795 917 Deus
814 889 957 918 ineffabilis
975 913 981 925 ‚

241 933 426 962 inenarrabilis
438 956 445 968 ,
462 933 741 971 incompreheusibilis
751 957 758 971 ,
773 935 847 963 Patri
859 936 982 973 aeqiialis,

240 986 266 1007 et
289 989 429 1017 germanus
449 979 534 1007 Filius
550 980 614 1016 Dei,
626 981 673 1018 qui
697 980 753 1009 sine
775 981 908 1020 principio
922 989 961 1010 est
976 1005 982 1018 ,

242 1036 289 1063 per
303 1032 407 1053 uterum
431 1026 503 1054 venit
517 1025 677 1065 virginalem
687 1049 694 1062 ‚
710 1034 736 1055 et
751 1038 785 1056 ex
799 1028 911 1057 muliere
935 1039 981 1057 na—

241 1071 410 1110 scisuscepit,
421 1071 467 1109 qui
485 1082 536 1099 non
551 1071 626 1110 prius
643 1072 746 1101 destitit
758 1074 847 1102 omnia
864 1084 945 1112 agens
958 1083 983 1103 et

244 1127 367 1153 movens,
381 1116 465 1145 donec
483 1127 531 1145 nos
557 1117 679 1146 inimicos
702 1125 727 1146 et
746 1118 835 1147 hostes
848 1119 882 1154 ad
898 1121 984 1149 Deum

242 1164 357 1193 adduxit
372 1171 396 1193 et
417 1165 517 1193 amicos
530 1165 601 1193 fecit.
615 1167 653 1194 Ac
666 1166 748 1194 veluti
760 1167 820 1204 quis
845 1167 872 1195 in
898 1168 985 1197 medio

243 1217 314 1238 stans
330 1209 447 1238 duorum
467 1210 648 1239 diffidentium
660 1234 667 1247 ,
683 1212 798 1240 extensis
808 1212 913 1241 duabus
927 1224 985 1241 ma-

243 1255 330 1291 nibus,
343 1256 481 1293 utriusque
491 1266 602 1284 manum
614 1256 746 1295 accipiens
756 1257 830 1285 litem
838 1259 984 1297 componit:

243 1301 281 1329 sic
301 1308 326 1329 ct
340 1301 385 1330 ille
402 1302 464 1330 fecit
475 1323 482 1336 ‚
497 1301 619 1329 divinam
632 1309 754 1329 naturam
769 1302 890 1330 humanae
907 1326 914 1338 ,
936 1314 983 1332 sua

244 1393 300 1431 ipse
314 1392 475 1422 contumelia
491 1393 602 1421 affectus
618 1393 739 1421 hortatus
755 1401 809 1429 est,
826 1401 855 1422 ut
867 1394 925 1422 dixi
940 1417 948 1431 ‚
961 1402 985 1423 ct

244 1438 486 1467 reconciliationem
506 1439 578 1466 secit.
612 1439 683 1468 Vide
704 1439 829 1478 deinceps
850 1440 985 1477 quomodo

246 1491 390 1523 tyrannum
412 1484 570 1523 ἀήθεσι-ιι...
591 1485 727 1522 quomodo
752 1496 798 1513 rex
820 1486 954 1524 quispiam
976 1509 982 1522 ‚

245 1541 366 1569 purpura
386 1537 411 1557 et
430 1530 581 1557 diademate
602 1530 739 1568 deposito,
756 1530 849 1558 militis
862 1531 985 1560 habitum

245 1587 314 1615 saepe
326 1576 500 1612 assumserit,
517 1586 550 1603 ne
569 1583 646 1604 notus
661 1576 748 1604 hostes
764 1577 918 1606 attraheret.
934 1578 986 1608 Hic

243 1629 334 1650 autem
351 1629 442 1650 contra
458 1634 464 1655 ;
481 1622 506 1649 in
523 1621 616 1649 habitu
642 1629 732 1650 nostro
753 1621 827 1651 venit
841 1624 965 1653 Christus
976 1649 984 1661 ,

244 1678 277 1695 ne
291 1667 312 1695 si
328 1674 406 1695 notus
419 1674 494 1701 esset,
510 1667 612 1695 hostem
623 1678 637 1695 a
652 1668 777 1696 conflictu
790 1678 881 1697 seeum
895 1671 985 1709 fugere

244 1713 424 1751 compelleret,
441 1724 556 1751 suosque
569 1724 659 1741 omnes
676 1714 795 1743 turbaret
813 1728 818 1743 :
834 1726 896 1744 nam
908 1717 984 1745 salu—

244 1766 295 1787 tem
308 1760 438 1793 conferre,
455 1769 505 1787 non
521 1760 676 1788 terrefacere
690 1761 810 1789 curabat.
825 1762 858 1789 Et
871 1772 929 1798 cur,
944 1763 985 1791 in-

243 1805 330 1842 quies,
347 1805 503 1844 hujusmodi
516 1805 698 1834 reconciliatio
711 1816 762 1834 non
780 1818 827 1845 per
841 1809 984 1845 quamdam

243 1852 426 1890 incorpoream
440 1858 608 1890 potestatem,
621 1852 661 1880 vel
678 1863 726 1891 per
736 1853 886 1892 simplicem
899 1854 985 1883 homi-

243 1908 318 1933 nem,
343 1898 390 1926 sed
418 1909 464 1937 per
485 1898 570 1927 Verbi
594 1898 811 1928 humiliationem
831 1900 900 1929 faeta
926 1902 984 1930 est?

244 1944 316 1979 Quia
333 1943 354 1972 si
370 1954 418 1982 per
439 1944 524 1972 alium
542 1944 676 1972 statuisset
696 1955 864 1974 communem
880 1948 983 1985 generis

242 1989 355 2018 salutem
374 2000 421 2018 nos
441 1990 576 2029 accipere,
596 1990 680 2029 ipsius
702 2001 764 2030 erga
775 2002 822 2020 nos
835 1993 983 2031 providen—

242 2034 284 2062 tiae
301 2035 514 2073 magnitudinem
531 2046 582 2064 non
596 2036 796 2074 agnovissemus
810 2049 817 2073 ;
842 2039 895 2067 imo
910 2041 981 2077 quod

242 2091 290 2119 per
301 2091 379 2109 omne
387 2082 512 2110 saeculum
525 2083 697 2111 admirationi
711 2083 824 2112 habetur
839 2106 847 2120 ‚
864 2085 890 2113 in
902 2086 981 2115 vilem

243 2127 396 2166 quampiam
407 2138 453 2156 nec
462 2139 524 2156 vere
533 2129 682 2157 mirabilem
691 2129 982 2161 1·emdecidissct.Crea-

243 2179 330 2200 turam
345 2174 414 2201 enim
430 2181 556 2202 creaturze
571 2175 722 2213 copulatam
732 2199 738 2209 ,
749 2184 774 2204 et
788 2177 908 2206 conservi
919 2188 983 2206 con-

243 2218 371 2247 ditionem
383 2219 566 2258 accipientem,
576 2221 643 2249 nihil
657 2221 791 2251 ineffabile
801 2223 984 2261 sequitur‚nec

244 2265 310 2301 quid
333 2266 494 2304 stupendum
514 2267 542 2295 id
559 2278 614 2306 prce
627 2278 654 2296 se
672 2269 732 2297 sert.
753 2269 878 2307 Alioquin
894 2278 982 2299 autem

245 2311 295 2337 Dei
310 2322 377 2349 opus
391 2311 516 2341 divinum
531 2313 666 2350 quomodo
683 2314 812 2353 potuisset
829 2315 908 2344 homo
924 2327 983 2355 pcr-

246 2358 324 2386 licerc
335 2359 348 2386 ‘9
362 2366 387 2386 et
400 2359 420 2387 si
433 2360 531 2388 factum
547 2367 623 2397 esset,
640 2362 713 2399 quod
729 2362 786 2391 lieri
799 2373 850 2391 non
868 2371 982 2402 poterat,

247 2403 355 2432 celerior
377 2405 468 2443 lapsus
489 2406 596 2443 suisset,
612 2418 642 2436 ae
665 2408 769 2435 facilius
788 2409 829 2437 vel
851 2410 884 2438 ad
907 2420 981 2438 suani

246 2449 422 2479 conditionem
438 2462 558 2481 reversus
574 2460 650 2487 essct,
668 2454 711 2482 vel
723 2454 747 2482 in
764 2455 839 2493 pejus
848 2456 980 2485 crevisset.
1001 2464 1017 2483 (ἱ

280 2544 288 2553 “
309 2535 480 2569 [Adclr-nulum
493 2540 589 2566 videtur
604 2543 718 2576 quipp]

1008 1332 1023 1347 sl.

245 1347 603 1386 nostrisjungens.Vidistin'
615 1347 788 1385 benignitatis
798 1348 962 1387 hyperbolen
972 1350 984 1377 Ξ)
996 1332 1030 1380 Ὺ

1005 1865 1022 1887 1³

1031 141 1051 164 A
1057 141 1173 164 RCHlEP
1180 156 1188 164 .
1215 142 1481 167 CONSTANTINOP-

1042 204 1209 242 πράττοντος,
1223 206 1257 236 ὡς
1272 205 1434 234 κινδυνεῦσαι
1448 206 1493 233 καὶ
1507 207 1553 239 τῆς
1571 208 1618 243 γῆς
1633 207 1711 242 αὐτῆς
1732 208 1806 236 ἐκπε-

1042 253 1107 284 σεῖν,
1130 251 1176 278 οὐκ
1201 250 1358 285 &metita-0,
1377 249 1446 278 ἀλλὰ
1473 254 1591 279 τοσοῦτον
1617 254 1666 280 τῶν
1690 263 1806 291 προσκε-

1042 294 1189 332 κρουκότων
1212 295 1330 331 ἐκήδετο,
1343 297 1377 327 ὡς
1400 295 1444 323 καὶ
1469 297 1653 334 ἀπολογεῖσθαι
1667 300 1704 336 τῷ
1726 299 1807 337 δούλῳ

1041 340 1084 368 τὸν
1105 340 1209 380 κύριον,
1230 341 1274 369 καὶ
1294 343 1328 373 ὡς
1348 341 1467 380 ὁμοτίμῳ
1488 341 1555 381 φίλῳ
1577 342 1740 380 διαλέγεσθαι
1763 344 1807 372 καὶ

1041 385 1124 423 λέγειν
1142 386 1189 418 τὰς
1204 387 1289 418 αἰτίας
1312 389 1359 420 τῆς
1378 387 1523 424 μελλούσης
1545 388 1676 420 ἀπωλείας
1692 387 1804 417 ἔσεσθαι.

1043 427 1109 459 Εἶτα
1131 430 1209 469 νόμον
1229 432 1323 460 ἔδωκεν
1341 433 1376 465 εἷς
1397 433 1528 470 βοήθειαν,
1544 434 1678 472 προφήτας
1693 434 1806 473 ἔπεμψε,

1041 477 1100 515 περὶ
1125 480 1175 505 τῶν
1199 478 1337 515 πρακτέων
1367 478 1565 516 εἰσηγουμένους
1580 490 1585 496 ·
1609 479 1713 518 ὕστερον
1732 480 1807 509 αὐτὸν

1041 522 1179 551 ἀπέστειλε
1199 523 1242 551 τὸν
1268 523 1331 552 Υῖὸν
1356 524 1433 552 αὐτοῦ
1460 524 1502 552 τὸν
1529 528 1671 564 μονογενῆ,
1697 525 1807 564 γενόμε-

1041 579 1082 596 νον
1098 569 1127 596 ἐκ
1141 569 1261 606 γυναικὸς
1271 591 1278 603 ,
1292 568 1429 607 γενόμενον
1444 569 1494 597 ὑπὸ
1513 569 1592 611 νόμον
1602 593 1609 605 ,
1624 570 1666 598 ἵνα
1687 570 1744 603 τοὺς
1758 570 1808 599 ὑπὸ

1040 613 1118 650 νόμον
1143 613 1287 652 ἐξαγοράσῃ
1303 637 1310 649 ,
1336 613 1378 642 ‘t'vot
1400 614 1446 649 τὴν
1469 615 1597 643 υἱοθεσίαν
1623 615 1807 654 ἀπολοίὸωμεν.

1041 657 1121 687 ’ᾸΟθεν
1136 658 1180 687 καὶ
1201 661 1214 686 ὁ
1229 660 1364 698 προφήτης
1384 659 1431 694 τὴν
1453 660 1553 694 πολλὴν
1568 661 1646 689 αὐτοῦ
1670 661 1735 699 ὑπὲρ
1761 663 1808 696 τῆς

1042 705 1194 742 οἰκουμένης
1224 705 1380 742 κηδεμονίαν
1418 705 1628 743 ἐκπληττόμενος
1643 728 1650 741 ,
1683 706 1808 742 ἀνεὸόησε

1042 749 1110 787 μέγα
1135 750 1179 778 καὶ
1194 750 1314 789 λαμπρὸν
1330 750 1397 779 οὕτω
1417 750 1500 789 λέγων
1512 763 1517 769 ·
1531 750 1564 780 ‘O
1586 752 1653 784 Θεὸς
1669 755 1744 790 ἡμῶν
1766 753 1808 781 ἐπὶ

1042 797 1087 829 τῆς
1098 798 1145 834 γῆς
1159 796 1243 835 ὤφθη,
1266 797 1310 824 καὶ
1324 801 1378 828 τοῖς
1396 797 1541 836 ἀνθρώποις
1561 798 1736 837 συνεστράφη.
1757 798 1809 827 Καὶ

1041 840 1092 879 γὰρ
1107 842 1207 881 σφόδρα
1221 841 1364 881 παράδοξον
1381 844 1507 877 ἀκοῦσαι,
1521 842 1560 871 ὅτι
1574 844 1641 876 Θεὸς
1660 846 1673 872 ὁ
1690 843 1808 882 ἄπόῤῥησ

1041 899 1083 919 τος
1100 887 1144 915 καὶ
1167 886 1343 927 ἀνέκφραστος
1367 887 1410 915 καὶ
1435 887 1614 926 ἀπερινόητος,
1635 889 1680 917 καὶ
1699 891 1736 928 τῷ
1752 890 1808 918 Ποκ

1042 933 1082 972 τρὶ
1105 934 1168 967 ἴσος,
1193 934 1238 962 καὶ
1259 934 1363 972 γνήσιος
1386 934 1447 966 Υἱὸς
1464 937 1508 962 τοῦ
1526 934 1639 973 ἀνάρχου
1657 937 1744 971 Θεοῦ,
1765 935 1808 964 διὰ

1043 980 1145 1019 μήτρας
1159 975 1221 1014 ἦλθε
1243 982 1416 1018 παρθενικῆς,
1431 980 1475 1008 καὶ
1489 983 1644 1018 γεννηθῆναι
1670 982 1700 1009 ἐκ
1721 993 1808 1019 γυναι-

1046 1026 1090 1057 κὸς
1105 1025 1259 1058 κατεδέξατο
1269 1037 1275 1042 ·
1293 1025 1318 1058 ὃς
1332 1027 1359 1054 οὐ
1371 1025 1494 1064 πρότερον
1512 1026 1613 1061 ἀπέστη
1625 1026 1711 1054 πάντα
1725 1028 1807 1055 ποιῶν

1043 1071 1087 1099 καὶ
1101 1070 1361 1109 πραγματευόμενος,
1382 1070 1429 1102 ἕως
1443 1071 1500 1104 τοὺς
1512 1071 1651 1108 πολεμίους
1671 1075 1741 1110 ἡμᾶς
1763 1072 1808 1100 καὶ

1043 1116 1148 1155 ἐχθροὺς
1165 1116 1294 1155 ἀνήγαγεν
1310 1117 1380 1156 αὐτῷ
1392 1119 1429 1156 τῷ
1444 1117 1564 1155 Θεῷ-καὶ
1585 1117 1673 1155 φίλους
1691 1117 1806 1152 ἐποίησε.

1044 1161 1094 1190 Καὶ
1105 1161 1224 1200 καθάπερ
1239 1174 1278 1194 τις
1292 1163 1318 1190 ἐν
1331 1162 1481 1201 μεταιχμίῳ
1497 1162 1558 1194 στὰς
1573 1162 1617 1190 δύο
1638 1164 1715 1190 τινῶν
1730 1163 1809 1197 ἀλλή-

1041 1208 1093 1234 λων
1115 1207 1308 1243 διεστηκότων,
1331 1207 1480 1246 ἀμφοτέρας
1505 1206 1629 1240 ἁπλώσας
1649 1207 1696 1240 τὰς
1719 1212 1808 1246 χεῖρας

1042 1254 1200 1292 ἑκατέρωθεν
1215 1253 1303 1282 λαδὼν
1319 1253 1454 1292 συνάψειεν
1467 1265 1472 1270 ’
1488 1253 1555 1281 οὕτω
1571 1253 1615 1281 καὶ
1631 1253 1706 1286 αὐτὸς
1721 1254 1808 1289 ἐποίη-

1042 1311 1085 1334 σε,
1100 1299 1147 1333 τὴν
1176 1299 1247 1327 θείαν
1271 1299 1345 1337 φύσιν
1370 1301 1402 1337 τῇ
1427 1298 1593 1337 ἀνθρωπίνῃ,
1608 1298 1641 1327 τὰ
1656 1301 1732 1327 αὐτοῦ
1755 1304 1808 1332 τοῖς

1042 1345 1179 1382 ἡμετέροις
1189 1349 1210 1372 ³¹.
1238 1340 1313 1377 Εἶδες
1345 1345 1506 1383 ἀγαθότητος
1539 1345 1704 1384 ὓπερῧολήνς
1732 1346 1808 1378 αὐτὸς

1049 1393 1061 1418 ὅ
1083 1390 1238 1429 ὓὸρισμένος
1259 1390 1303 1418 καὶ
1323 1390 1503 1429 παρεκάλεσε,
1523 1391 1642 1429 καθάπερ
1668 1390 1746 1431 ἔφθην
1770 1393 1807 1421 εἷἡ

1042 1435 1113 1471 πὼν,
1127 1436 1172 1463 καὶ
1188 1435 1235 1470 τὴν
1256 1436 1426 1474 καταλλαγὴν
1451 1436 1599 1476 εἰργάσατο.
1619 1436 1691 1476 ”Ορα
1716 1438 1805 1467 λοιπὸν

1042 1483 1097 1514 πῶς
1111 1481 1155 1510 καὶ
1174 1482 1216 1510 τὸν
1233 1481 1402 1520 τύραννον**”
1412 1478 1454 1510 οἶα
1465 1481 1586 1520 βασιλεὺς
1600 1482 1647 1518 τὴν
1667 1484 1806 1522 ἁλουργίδα

1041 1528 1114 1566 ἀφεὶς
1128 1527 1173 1556 καὶ
1196 1527 1225 1556 τὸ
1245 1527 1378 1565 διάδημα,
1395 1528 1555 1567 στρατιώτου
1576 1531 1668 1567 σχῆμα
1683 1529 1807 1558 ὑπεδύετο

1041 1573 1186 1609 πολλάκις,
1208 1573 1251 1601 ἵνα
1276 1573 1312 1610 μὴ
1333 1573 1464 1612 γνώριμος
1485 1574 1635 1613 γενόμενος,
1657 1576 1695 1612 ἐφ’
1716 1575 1806 1603 ἑαυτὸν

1042 1619 1138 1658 ἑλκύσῃ
1153 1618 1212 1651 τοὺς
1232 1618 1381 1656 πολεμίους.
1397 1619 1528 1648 Ἐνταῦθα
1546 1619 1574 1648 δὲ
1593 1619 1740 1649 τούναντίον
1753 1631 1760 1638 ·
1781 1622 1807 1649 ἐν

1042 1667 1078 1703 τῷ
1094 1665 1215 1704 ἡμετέρῳ
1230 1665 1348 1704 σχήματι
1362 1661 1438 1700 ἦλθεν
1452 1667 1465 1693 ὁ
1480 1666 1592 1704 Χριστὸς
1603 1688 1610 1699 ,
1622 1666 1664 1694 ἵνα
1679 1667 1715 1704 μὴ
1737 1667 1808 1705 γνώ·

1043 1721 1116 1747 ριμος
1127 1709 1277 1748 γενόμενος,
1293 1715 1381 1749 φυγεῖν
1396 1711 1584 1750 παρασκευάσῃ
1595 1711 1641 1746 τὴν
1655 1711 1718 1750 πρὸς
1731 1712 1807 1741 αὐτὸν

1042 1756 1196 1793 συμπλοκὴν
1213 1756 1257 1784 τὸν
1268 1757 1403 1794 πολέμιον,
1415 1757 1459 1784 καὶ
1472 1755 1530 1789 τοὺς
1542 1756 1650 1788 οἰκείους
1665 1757 1806 1796 διαταρᾶξῃ

1041 1801 1140 1834 πάντας
1157 1813 1162 1818 ·
1184 1804 1268 1830 σῶσαι
1289 1802 1339 1840 γὰρ
1350 1825 1356 1837 ,
1373 1805 1419 1830 οὐκ
1434 1801 1562 1836 ἐκπλῆξαι
1578 1802 1732 1831 ἐσπούδασε.
1753 1803 1806 1832 Καὶ

1041 1847 1108 1880 τίνος
1129 1846 1213 1875 ἕνεκεν
1228 1851 1244 1883 ἡ
1260 1847 1367 1882 τοιαύτη
1383 1847 1551 1886 καταλλαγὴ,
1574 1847 1652 1886 φησὶν
1665 1870 1673 1882 ,
1690 1848 1748 1887 οὐχὶ
1764 1849 1806 1878 διὰ

1041 1893 1109 1925 τινὸς
1123 1895 1174 1921 τῶν
1188 1893 1336 1930 ἀσωμάτων
1358 1893 1508 1929 δυνάμεων,
1522 1892 1539 1926 ἢ
1553 1893 1585 1921 δι’
1603 1893 1739 1932 ἀνθρώπου
1758 1895 1805 1933 ψι-

1040 1939 1101 1974 λοῦ,
1126 1938 1194 1967 ἀλλὰ
1218 1939 1261 1967 διὰ
1281 1940 1328 1972 τῆς
1352 1941 1396 1966 τοῦ
1410 1938 1494 1976 Λόγου
1520 1937 1653 1971 κενώσεως
1682 1939 1805 1977 γέγονεν;

1040 1983 1168 2019 Ἐπειδὴ,
1184 1985 1206 2011 εἰ
1228 1984 1260 2011 δι’
1276 1982 1362 2021 ἑτέρου
1378 1982 1446 2014 τινὸς
1463 1982 1576 2011 ἐδικαίου
1591 1982 1638 2018 τὴν
1659 1983 1746 2019 κοινὴν
1761 1987 1805 2014 τοῦ

1040 2029 1127 2068 γένους
1149 2028 1281 2068 σωτηρίαν
1305 2031 1375 2066 ἡμᾶς
1399 2028 1532 2063 δέξασθαι,
1551 2029 1596 2057 οὐκ
1621 2028 1650 2057 ἂν
1676 2031 1724 2063 τῆς
1746 2031 1806 2069 περὶ

1038 2080 1108 2113 ἡμᾶς
1125 2078 1202 2104 αὐτοῦ
1216 2075 1338 2114 προνοίας
1359 2075 1388 2103 τὸ
1410 2075 1516 2113 μέγεθος
1537 2075 1719 2114 ἐγνωρίζομεν,
1738 2077 1806 2105 ἀλλὰ

1038 2124 1083 2151 καὶ
1097 2123 1127 2152 τὸ
1141 2122 1214 2161 παρὰ
1230 2123 1316 2151 πάντα
1328 2121 1371 2150 τὸν
1390 2123 1472 2150 αἰῶνα
1490 2121 1685 2159 θαυμαζόμενον
1695 2145 1703 2159 ,
1716 2124 1751 2155 εἷς
1765 2125 1806 2152 εὖ-

1038 2170 1100 2203 τελῆ
1115 2168 1160 2197 καὶ
1175 2168 1246 2196 οὐδὲν
1273 2168 1376 2202 ἀληθῶς
1396 2169 1484 2204 θαῦμα
1507 2167 1691 2205 παρεχομένην
1710 2168 1804 2206 πρᾶξιν

1039 2214 1175 2248 ἐξέπιπτεν
1186 2213 1226 2241 ἄν.
1241 2211 1356 2244 Κτίσεως
1368 2211 1418 2250 γὰρ
1433 2212 1516 2240 κτίσει
1532 2211 1658 2247 συνούσης
1671 2213 1715 2241 καὶ
1724 2225 1806 2253 προσ-

1039 2259 1225 2299 λαμῧανούσης
1248 2259 1278 2287 τὸ
1295 2258 1453 2296 ὁμόδουλον,
1474 2258 1546 2287 οὐδὲν
1566 2257 1625 2286 οὔτε
1647 2261 1698 2287 τῶν
1721 2261 1805 2298 (ἔπορ’-

1039 2307 1123 2346 ρήτων
1139 2305 1299 2344 παρέπεται,
1312 2304 1369 2332 οὔτε
1385 2306 1435 2332 τῶν
1449 2303 1603 2342 παραδόξων
1625 2303 1680 2343 ἔχει
1695 2305 1741 2340 τὴν
1764 2306 1806 2334 ἔκ·

1039 2356 1142 2392 πληξιν.
1157 2356 1256 2388 Ἄλλως
1272 2355 1311 2390 δὲ,
1327 2356 1396 2384 Θεοῦ
1413 2355 1456 2383 καὶ
1476 2357 1541 2383 θεῖον
1558 2354 1631 2393 ἔργον
1646 2357 1702 2388 πῶς
1721 2355 1751 2384 ἂν
1772 2351 1803 2390 ἦν

1040 2405 1167 2444 ανθρ(ι’)πῳ
1188 2404 1294 2433 ’δυνατὸν
1313 2403 1523 2442 διαπράξασθαι;
1539 2403 1601 2432 εἰδὲ
1622 2403 1666 2432 καὶ
1686 2404 1802 2442 ἐγένετο,

1039 2456 1101 2494 ὅπερ
1117 2457 1165 2494 οὐχ
1186 2451 1236 2483 οἶόν
1253 2466 1293 2491 τε,
1310 2457 1401 2482 θᾶττον
1426 2453 1455 2481 ἂν
1477 2453 1505 2482 τὸ
1520 2455 1617 2491 πτῶμα
1642 2452 1686 2482 καὶ
1709 2453 1808 2494 ῥαδίως
