1886 2846
456 168 489 190 ΙΝ
517 167 624 190 131‘151'.

84 230 287 267 ἡττηθήσεσθαι,
304 231 350 259 καὶ
361 230 449 271 ἐχθροὶ
468 231 551 259 αὐτῶν
564 230 586 258 οἳ
599 228 672 258 αὐτοί
689 229 763 263 εἰσιν,
777 226 800 255 οἳ
811 225 855 254 καὶ

80 280 126 305 τοῦ
140 277 265 316 Χριστοῦ.
296 278 384 306 Τοῦτο
399 276 478 305 πάλιν
495 276 652 314 βασιλείας,
671 277 749 303 τοῦτο
762 274 855 310 ὁμοτι-

84 322 160 360 μίας,
180 325 256 351 τοῦτο
277 323 370 361 τιμῆς,
392 324 439 351 οὐκ
453 322 617 361 ἀδυναμίας,
636 321 667 350 τὸ
682 319 725 348 τὸν
746 318 857 357 Πατέρα

81 368 230 407 ὀργίζεσθαι
239 368 305 408 ὑπὲρ
315 370 366 397 τῶν
380 370 417 401 εἷς
427 368 470 397 τὸν
480 368 542 397 Υἱὸν
551 367 734 407 γεγενημένων
744 377 750 383 ·
763 364 857 394 1’τοῦτο

81 416 181 450 πολλῆς
203 414 308 453 ἀγάπης
330 416 426 453 δεῖγμα
441 415 486 444 καὶ
501 414 673 453 γνησιότητος
687 417 734 450 τῆς
748 415 783 446 ὡς
804 410 857 441 ἀπὸ

83 461 182 500 πατρὸς
200 461 265 500 πρὸς
286 461 349 490 υἱόν.
375 461 409 490 Ὁ
425 461 475 500 γὰρ
496 460 664 500 ὀργιζόμενος
679 460 745 500 ὑπὲρ
768 460 857 494 αὐτοῦ,

83 508 141 540 πῶς
151 507 287 547 ἀλλότριος
303 508 380 536 αὐτοῦ
398 509 468 537 ἐστιν
478 520 486 543 ;
496 507 570 540 ἽΞως
585 507 615 536 ἂν
630 508 667 536 θῶ
681 506 740 539 τοὺς
751 504 859 545 ἐχθρούς

85 565 142 582 σου.
161 553 251 593 ’Ὀττερ
264 554 309 583 καὶ
324 555 351 583 ἐν
365 557 403 594 τῷ
416 554 528 593 δευτέρῳ
540 555 639 594 ψαλμῷ
652 553 729 593 φησίν
738 564 744 570 ·
760 552 794 581 ‘O
809 564 860 581 κα-

85 601 181 629 τοικῶν
198 601 224 629 ἐν
239 602 356 639 οὐρανοῖς
371 601 543 639 ἓκγελοίσεται
558 599 664 635 αὐτοὺς,
679 599 724 628 καὶ
734 601 748 628 ὁ
763 599 859 637 Κύριος

86 648 258 686 ἐκμυκτηριεῖ
280 646 381 680 αὐτούς.
407 647 476 676 Τότε
495 646 608 681 λαλήσει
629 647 694 685 πρὸς
719 645 810 679 αὐτοὺς
833 647 859 674 ἐν

87 693 153 730 ὀργῇ
168 693 257 728 αὐτοῦ,
271 692 316 721 καὶ
337 694 362 721 ἐν
383 694 421 732 τῷ
441 694 516 731 Ουμῷ
536 693 615 721 αὐτοῦ
636 691 742 731 ταράξει
758 691 859 724 αὐτούς.

86 738 139 766 Καὶ
150 738 230 767 πάλιν
242 738 318 772 αὐτός
327 750 392 777 φησι
404 751 410 756 ·
425 739 495 771 Τοὺς
507 738 544 776 μὴ
558 738 717 774 θελήσαντάς
731 750 763 776 με
780 740 859 776 βασι-

85 783 178 811 λεῦσαι
189 785 232 813 ἐπ’
246 783 348 820 αὐτοὺς,
363 784 475 823 ἀγάγετε
489 780 540 813 ὧδε
553 784 663 814 ἐνώπιόν
677 796 737 821 μου,
750 785 795 812 καὶ
807 796 860 813 κα·-

86 828 236 868 τασφάξατε
252 830 353 864 αὐτούς.
372 829 437 859 τὈτι
457 830 508 869 γὰρ
524 831 604 859 αὐτοῦ
619 832 676 859 ἐστι
690 830 723 859 τὰ
742 830 859 870 ῥήματα,

85 875 196 905 ἄκουσον
210 876 236 904 τί
250 888 314 916 φησι
329 876 373 905 καὶ
389 876 510 916 ἑτέρωθι’
529 877 649 910 Ilm-sim
664 876 784 912 ἠθέλησα
803 878 860 905 ἐπι-

87 926 244 961 συναγαγεῖν
266 923 301 951 τὰ
318 923 398 952 τέκνα
413 935 460 952 σου
470 946 478 960 ,
492 923 537 952 καὶ
554 924 602 952 οὖν.
611 922 760 958 ἠθελήσατε
771 935 779 959 ;
791 922 860 951 Ἰδοὺ

87 968 193 1007 ἀφίεται
204 971 268 1007 ὑμῖν
280 973 294 1000 ὁ
305 966 374 1003 οἶκος
394 972 469 1008 ὑμῶν
481 970 587 1009 ἔρημος.
601 970 654 999 Καὶ
663 971 753 1006 πάλιν,
765 969 860 1007 'Apo-ri-

88 1026 163 1043 σεται
185 1017 231 1054 ἀφ’
245 1017 320 1054 ὑμῶν
345 1018 362 1051 ἡ
389 1015 525 1054 βασιλεία,
552 1015 597 1044 καὶ
623 1015 763 1050 δοθήσεται
791 1015 859 1043 ἔθνει

87 1064 203 1090 ποιοῦντι
222 1061 281 1094 τοὺς
302 1061 419 1101 καρποὺς
443 1063 523 1096 αὐτῆς
533 1073 539 1079 ·
554 1061 600 1090 καὶ
613 1061 703 1096 πάλιν,
723 1060 757 1089 ‘0
770 1061 859 1090 πεσὼν

86 1105 129 1134 ἐπὶ
143 1106 187 1135 τὸν
198 1106 270 1136 λίθον
289 1110 391 1144 τοῦτον,
408 1107 652 1143 συνθλασθήσεται·
675 1107 715 1145 ἐφ’
738 1106 766 1134 ὃν
787 1107 808 1135 δ’
830 1107 859 1135 ἂν

85 1151 164 1191 πέσῃ,
178 1152 303 1191 λικμήσει
320 1153 517 1186 αὖτόν.Ἄλλ(«)ς
533 1153 570 1189 δὲ,
583 1155 597 1181 ὁ
613 1153 716 1191 μέλλων
730 1155 784 1182 ἐκεῖ
799 1153 859 1192 κρί-

85 1214 137 1231 νειν
150 1202 241 1235 αὐτοὺς
253 1225 261 1238 ,
276 1204 366 1242 πολλῷ
378 1205 478 1242 μᾶλλον
492 1203 584 1236 αὐτοὺς
597 1203 672 1238 δίκην
689 1205 800 1234 ἐνταῦθα
814 1206 860 1239 τῆς

86 1254 122 1287 εἷς
144 1252 223 1283 αὖτὸν
244 1254 383 1294 παροινίας
409 1254 556 1294 ἀπῄτησεν.
586 1254 669 1283 “stote
685 1257 765 1293 τιμῆς
779 1255 861 1293 μόνης

85 1303 143 1334 ἐστὶ
156 1307 204 1340 τῆς
215 1306 252 1338 εἷς
268 1305 312 1334 τὸν
326 1305 404 1342 Uim,
427 1306 458 1335 τὸ
469 1329 477 1342 ,
491 1305 565 1339 οἘως
581 1305 610 1334 ἂν
628 1308 665 1334 θῶ
679 1305 740 1339 τοὺς
755 1306 862 1346 ἐχθρούς

87 1365 132 1384 σου
147 1356 287 1386 ὑποπόδιον
299 1358 350 1385 τῶν
366 1357 452 1386 ποδῶν
469 1369 524 1386 σου.
546 1356 617 1396 Οὐχὶ
631 1356 727 1390 πάντες
744 1357 796 1385 εἰσὶ
809 1359 864 1386 λει-

86 1407 213 1446 τουργικὰ
237 1407 376 1446 πνεύματα
387 1430 394 1444 ,
420 1409 457 1440 εἷς
484 1407 618 1437 διακονίαν
644 1408 860 1446 ἀποστελλόμενα

87 1458 130 1487 διὰ
144 1457 204 1491 τοὺς
218 1458 361 1496 μέλλοντας
378 1459 552 1497 κληρονομεῖν
573 1457 724 1498 σωτηρίαν;
746 1457 782 1487 Τί
797 1461 861 1487 θαυ-

88 1507 189 1546 μαστὸν
201 1531 209 1545 ,
232 1508 328 1548 φησὶν,
351 1509 374 1536 εἷ
389 1510 428 1548 τῷ
443 1508 501 1547 Υἱῷ
514 1508 726 1548 λειτουργοῦσιν,
740 1508 802 1537 ὅταν
818 1508 863 1537 καὶ

87 1559 152 1599 πρὸς
175 1558 223 1595 τὴν
248 1558 384 1598 ἡμετέραν
405 1559 540 1599 σωτηρίαν
565 1561 767 1599 λειτουργῶσιν;
790 1559 865 1600 ζὈροι

88 1610 144 1643 πῶς
160 1609 263 1650 ἐπαίρει
280 1611 365 1640 αὐτῶν
380 1610 414 1640 τὰ
434 1611 592 1650 φρονήματα
603 1633 610 1646 ,
633 1611 677 1640 καὶ
692 1611 792 1647 πολλὴν
811 1612 863 1641 δεί-

653 167 699 190 AD
726 163 893 188 uentu-205.

923 162 1001 185 citt».
1032 163 1055 184 t.
1086 162 1203 184 nomi„
1234 162 1279 184 ιιι.
1613 148 1658 196 59

912 224 1023 252 dextris
1034 224 1116 260 meis,
1129 223 1320 262 quoadusque
1329 232 1436 261 ponam
1450 224 1583 250 inimicos
1595 228 1659 250 tuus

911 269 1073 299 scabellum
1086 270 1193 308 pedum
1208 276 1323 298 tuorum
1336 273 1348 297 Ρ
1363 268 1432 298 Ecce
1447 279 1540 296 rursus
1554 268 1591 296 eis
1611 268 1660 296 ad-

910 314 953 344 dit
965 315 1097 352 animum,
1117 315 1139 344 si
1152 315 1205 344 sint
1218 315 1363 354 superandi
1378 325 1471 343 eorum
1487 313 1590 342 inimici
1611 325 1616 341 :
1635 322 1657 341 ct

912 361 1016 391 inimici
1039 372 1134 391 eorum
1154 361 1238 390 iidem
1261 368 1323 390 sunt
1342 361 1390 400 qui
1414 360 1519 389 inimici
1545 359 1657 389 Christi.

913 408 970 438 Hoc
985 419 1080 438 rursus
1101 415 1141 437 est
1154 409 1242 447 regni,
1264 408 1315 437 hoc
1330 407 1451 448 ejusdem
1473 407 1594 443 lionoris,
1610 406 1660 435 lior

912 455 1031 494 inquam,
1055 462 1094 485 est
1117 455 1236 492 honoris,
1257 465 1312 484 non
1328 454 1535 492 imbecillitatis,
1554 454 1660 482 Patrem

913 501 992 530 irasci
1013 500 1047 530 de
1068 501 1101 530 iis
1123 512 1182 540 quae
1199 501 1270 530 facta
1284 507 1346 530 sunt
1368 500 1396 529 in
1414 500 1518 529 Filium
1533 512 1539 528 :
1557 500 1608 529 hoc
1621 507 1659 529 est

913 547 1005 586 magni
1019 547 1136 583 amoris,
1162 554 1188 577 et
1211 547 1322 576 honoris
1336 553 1474 586 tamquam
1490 546 1574 586 patris
1598 557 1659 585 erga

913 592 1012 622 filium.
1042 593 1097 628 Qui
1112 593 1183 622 enim
1205 603 1255 633 pro
1278 593 1337 633 ipso
1361 593 1498 630 irascitur,
1521 592 1658 631 quomodo

913 646 952 668 est
961 639 996 667 ab
1006 639 1066 679 ipso
1075 639 1177 669 alicnus
1185 640 1199 668 ἶ)
1210 641 1312 669 Donec
1319 650 1429 679 ponam
1442 641 1576 669 inimicos
1586 646 1659 669 tuos.

914 686 995 721 Quod
1009 685 1076 715 dicit
1090 686 1170 715 etiam
1181 687 1208 715 in
1224 687 1342 716 secundo
1359 687 1466 716 Psalmo
1480 698 1486 714 :
1505 687 1562 725 Qui
1576 688 1659 715 habi·
1674 696 1738 720 1241,
1751 707 1770 720 :ev
1781 699 1798 728 3,

915 739 958 762 tat
971 736 1003 761 in
1016 733 1096 762 coelis
1109 734 1240 762 irridebit
1255 744 1311 771 eos,
1323 740 1351 762 et
1366 734 1513 762 Dominus
1531 735 1658 763 subsan-
1671 731 1692 751 5*

915 781 998 808 nabit
1010 791 1066 810 eos.
1086 781 1167 810 Tunc
1182 781 1318 820 loquetur
1330 781 1371 810 ad
1382 791 1430 810 eos
1444 783 1476 809 in
1490 783 1537 810 ira
1548 792 1613 817 sua,
1631 788 1659 810 et

913 827 1061 866 insurore
1074 838 1126 856 suo
1141 829 1328 856 conturbabit
1351 838 1408 856 eos.
1433 827 1470 856 Et
1489 839 1583 857 rursus
1604 827 1660 867 ipse

914 873 981 902 dicit
999 885 1005 900 ι
1029 875 1090 902 Eos
1113 876 1164 912 qui
1186 874 1341 903 noluerunt
1363 885 1409 902 me
1428 885 1552 913 regnare
1574 885 1661 913 super
1675 886 1762 914 Lm..)
1779 892 1815 914 ²?-

914 922 1001 958 ipsos,
1019 920 1156 948 adducite
1171 930 1270 948 coram
1284 930 1338 955 me,
1361 926 1390 948 et
1404 920 1571 959 interficite.
1590 920 1659 948 Nam

915 965 988 1004 quod
1013 966 1066 994 sint
1099 966 1156 1004 ejus
1179 966 1282 1001 verba,
1305 965 1370 994 audi
1396 965 1461 1004 quid
1488 967 1568 995 etiam
1596 966 1662 1003 alibi

914 1012 987 1041 dicat
1005 1024 1011 1039 :
1037 1012 1156 1049 Quoties
1185 1012 1270 1040 volui
1290 1022 1467 1052 congregare
1486 1014 1567 1052 filios
1588 1020 1663 1050 tuos,
1679 1031 1712 1051 [1,.
1731 1029 1817 1052 13.3'.

915 1071 942 1094 et
966 1065 1125 1093 noluistis?
1150 1065 1229 1092 Ecce
1250 1065 1433 1104 relinquetur
1454 1068 1539 1095 vobis
1561 1067 1664 1096 domus

914 1117 1015 1140 vestra
1029 1111 1152 1138 deserta.
1176 1109 1212 1138 Et
1233 1121 1335 1146 rursuS,
1357 1111 1523 1151 Auferetur
1543 1123 1562 1142 a
1579 1115 1664 1142 vobis

914 1168 1046 1197 regnum,
1060 1163 1087 1186 et
1097 1157 1218 1185 dabitur
1229 1157 1566 1197 gentisacientifi'uctus
1581 1162 1661 1199 ejus;
1679 1175 1763 1195 „aar
1780 1181 1819 1196 2„

916 1212 941 1235 et
954 1216 1060 1242 rursus,
1089 1206 1146 1244 Qui
1160 1206 1296 1234 ceciderit
1310 1216 1397 1245 super
1411 1206 1541 1245 lapidem
1563 1210 1662 1243 istum,
1676 1207 1714 1235 43.
1729 1208 1739 1234 't
1750 1205 1767 1235 i·

915 1258 1120 1297 confringetur
1140 1269 1148 1285 .·
1173 1268 1260 1297 super
1283 1268 1369 1297 quem
1391 1264 1490 1287 autem
1514 1259 1662 1293 ceciderit,

919 1308 1079 1337 ventilabit
1092 1318 1167 1336 eum.
1182 1307 1293 1346 Alioqui
1306 1315 1395 1336 autem
1410 1307 1458 1346 qui
1481 1315 1519 1337 est
1541 1319 1586 1337 eos
1610 1309 1667 1337 illic

914 1359 1098 1399 judicaturus,
1112 1358 1198 1387 multo
1210 1358 1298 1398 magis
1309 1358 1356 1387 hic
1369 1358 1479 1388 illorum
1492 1358 1668 1388 immanitatis

872 1437 902 1457 ,ηδ
918 1421 1010 1451 poenas
1023 1410 1140 1450 repetiit.
1157 1410 1342 1446 Quamobrem
1356 1416 1393 1438 est
1417 1409 1500 1439 solius
1517 1410 1628 1439 honoris
1640 1410 1668 1439 iu

871 1453 898 1489 *it
919 1462 1019 1491 Filium
1033 1461 1114 1500 illud,
1130 1462 1232 1490 Donec
1244 1471 1355 1500 ponam
1370 1462 1504 1490 inimicos
1525 1468 1588 1490 tuos
1603 1472 1667 1491 sca-

919 1513 1030 1542 bellum
1041 1512 1149 1550 pedum
1163 1517 1290 1540 tuorum.
1307 1511 1354 1540 14.
1367 1512 1474 1540 Nonne
1488 1521 1588 1540 omnes
1599 1518 1666 1540 sunt

919 1564 1168 1592 administratorii
1183 1564 1314 1602 spiritus,
1333 1564 1364 1591 in
1380 1563 1572 1591 ministerium
1587 1565 1668 1591 missi

918 1617 1033 1651 proptes
1055 1621 1104 1640 eos
1127 1613 1178 1650 qui
1194 1611 1386 1640 hereditatem
1404 1613 1520 1651 capient
1539 1612 1668 1641 salutis?

121 1702 134 1721 b
151 1700 250 1734 [Iidem
261 1722 266 1733 ,
279 1702 401 1726 Commel.
413 1708 439 1726 et
450 1711 530 1735 marg.
541 1702 618 1728 Savtt.
631 1707 698 1729 τοῦτο
709 1709 748 1732 τῆς
758 1706 844 1732 mii&
854 1707 906 1732 περὶ
917 1707 956 1729 τὸν
968 1707 1013 1729 υἱὸν
1023 1707 1113 1736 ἀγάπης
1126 1706 1154 1732 ὡς
1170 1708 1257 1737 πατρός
1270 1707 1324 1738 πρὸς
1337 1702 1402 1736 υἱὲ-ι]

506 1801 683 1830 MUTIANO
709 1801 966 1831 SCHOLASTICO
991 1801 1247 1832 INTERPRETE.

87 1901 156 1921 nam
181 1894 315 1921 inimicos
337 1898 400 1920 tuos
415 1892 578 1920 scabellum
592 1893 701 1931 pedum
717 1896 858 1921 tuorum?
884 1894 955 1922 Ecce
982 1894 1081 1922 iterum
1103 1904 1148 1922 eos
1167 1893 1333 1923 confidentes
1346 1894 1421 1930 facit,
1437 1894 1571 1934 siquidem
1587 1896 1664 1925 futu-

87 1949 149 1967 rum
159 1938 285 1975 ostendit,
298 1945 328 1966 ut
343 1948 437 1966 eorum
451 1945 610 1977 superentur
625 1938 728 1967 inimici
742 1950 748 1965 ι
762 1945 787 1967 et
799 1939 864 1977 quia
877 1939 982 1968 inimici
991 1950 1084 1969 eorum
1096 1940 1148 1979 ipsi
1163 1947 1241 1968 erunt
1255 1940 1336 1968 etiam
1348 1940 1460 1977 Christi,
1472 1941 1499 1970 in
1507 1941 1663 1971 hociterum

87 1991 113 2013 ct
127 1984 203 2024 regni
218 1983 370 2013 declaratur
384 1983 516 2014 indicium
536 1992 562 2014 et
577 1985 688 2014 honoris
704 1985 852 2024 aequalitas.
868 1986 982 2014 Nullam
994 1993 1084 2015 autem
1099 1986 1312 2015 imbecillitatem
1325 1987 1495 2025 aliquatenus
1511 1988 1662 2021 arbitreris,

87 2043 118 2062 co
132 2031 205 2071 quod
223 2032 291 2061 dicit
309 2032 417 2061 Patrem
431 2031 601 2072 indignatum
616 2032 666 2068 iri,
684 2044 733 2073 pro
755 2033 788 2061 iis
809 2044 868 2072 quae
891 2033 943 2061 fuit
957 2033 1045 2062 Filius
1075 2033 1185 2072 indigne
1207 2043 1349 2072 perpessus
1366 2045 1372 2061 :
1392 2034 1443 2063 hoc
1464 2035 1550 2073 magis
1573 2036 1664 2064 multae

88 2079 176 2109 Patris
197 2080 266 2108 circa
289 2079 390 2108 Filium
415 2079 569 2109 dilectionis
593 2087 619 2109 et
636 2079 747 2109 lionoris
766 2080 892 2110 ostendit.
904 2080 959 2116 Qui
973 2080 1045 2109 enim
1068 2079 1225 2119 indignatur
1234 2091 1284 2120 pro
1298 2091 1344 2117 eo,
1367 2081 1503 2119 quomodo
1521 2088 1664 2112 extraneus

87 2126 122 2156 ab
137 2126 184 2156 illo
198 2137 254 2156 esse
270 2126 465 2156 contenditur?
479 2127 562 2162 Quod
576 2127 657 2156 etiam
680 2127 707 2156 in
722 2127 775 2157 alio
789 2127 890 2157 dicitur
905 2128 1011 2167 psalmo
1031 2139 1037 2156 ι
1058 2128 1114 2166 Qui
1129 2128 1245 2156 habitat
1267 2129 1299 2156 in
1314 2128 1395 2157 ccelis
1409 2128 1543 2157 irridebit
1558 2139 1616 2165 eos,
1634 2138 1660 2159 et

86 2174 232 2203 Dominus
247 2175 441 2203 subsannabit
455 2184 503 2203 eos
517 2186 526 2201 .·
546 2175 628 2204 Tunc
642 2175 778 2215 loquetur
790 2176 831 2203 ad
842 2185 890 2204 eos
905 2177 936 2203 in
949 2177 994 2204 ira
1005 2185 1069 2214 sua,
1082 2181 1109 2204 et
1122 2175 1268 2214 infurore
1280 2185 1333 2204 suo
1350 2177 1537 2205 conturbabit
1553 2187 1610 2206 eos.
1624 2177 1661 2206 Et

86 2219 183 2249 iterum
195 2220 250 2260 ipse
261 2220 333 2250 dixit
346 2233 352 2249 :
365 2222 426 2250 Eos
438 2229 536 2251 autem
549 2225 602 2262 qui
612 2233 658 2252 me
667 2224 723 2252 sibi
735 2233 859 2263 regnare
877 2224 1048 2259 noluerunt,
1063 2223 1202 2252 adducite
1213 2225 1244 2251 in
1259 2229 1415 2262 conspectu
1431 2234 1506 2262 meo,
1519 2230 1547 2253 et
1561 2226 1661 2254 interi-

85 2269 162 2296 mite.
179 2267 252 2304 Quia
265 2278 329 2297 vero
341 2269 399 2308 ejus
413 2276 475 2298 sunt
488 2269 546 2300 haec
561 2269 654 2304 verba,
671 2269 737 2298 andi
753 2269 819 2308 quid
833 2270 907 2300 dicat
919 2278 945 2300 et
960 2270 1013 2299 alio
1026 2270 1053 2299 in
1068 2270 1127 2299 loco
1140 2282 1146 2297 :
1166 2270 1284 2309 Quoties
1296 2270 1382 2299 volui
1391 2280 1568 2311 congregare
1574 2272 1662 2312 filios

87 2321 160 2352 tuos,
171 2321 200 2344 et
215 2314 358 2344 noluisti?
372 2317 450 2346 Ecce
463 2317 649 2356 relinquetur
662 2319 747 2347 vobis
761 2319 865 2348 domus
879 2325 982 2348 vestra
995 2319 1120 2347 deserta.
1135 2317 1170 2346 Et
1185 2318 1294 2353 iterum,
1314 2318 1479 2357 Auferetur
1489 2330 1509 2348 a
1523 2321 1608 2349 vobis
1620 2331 1662 2350 re-

81 2372 184 2401 gnum,
198 2368 226 2390 et
246 2361 366 2391 dabitur
377 2365 458 2402 genti
463 2365 597 2403 facienti
609 2366 725 2403 fructus
736 2377 747 2399 ;
763 2372 788 2394 et
804 2365 913 2404 iterum,
933 2366 992 2405 Qui
1005 2366 1141 2395 ceciderit
1161 2375 1248 2404 super
1262 2365 1401 2403 lapidem,
1424 2366 1629 2406 confringetur
1651 2379 1658 2394 .-

85 2418 171 2448 super
181 2419 267 2448 quem
282 2419 355 2438 ‘vero
369 2411 516 2447 ceciderit,
533 2419 661 2442 conteret
684 2424 758 2442 eum.
774 2413 834 2442 Huc
849 2414 963 2451 accedit,
978 2414 1042 2453 quia
1061 2413 1083 2442 si
1099 2413 1156 2453 ipse
1168 2413 1342 2453 judicaturus
1362 2419 1401 2441 est
1425 2423 1479 2449 eos,
1496 2413 1582 2442 multo
1597 2424 1658 2443 atn-

86 2455 159 2496 plius
171 2462 196 2485 et
217 2456 245 2485 in
266 2456 317 2485 hac
332 2458 387 2486 vita
401 2457 459 2498 ipse
475 2458 530 2488 illis
543 2459 624 2499 digna
641 2461 780 2490 retribuet.
800 2461 916 2491 Proinde
929 2462 1040 2491 honoris
1055 2461 1141 2500 magis
1153 2468 1192 2490 cst
1207 2460 1280 2499 quod
1294 2460 1397 2489 dicitur
1411 2472 1417 2488 z
1436 2461 1538 2490 Donec
1549 2472 1659 2501 ponam

87 2504 220 2533 inimicos
243 2509 306 2533 tuos
321 2505 480 2534 scabellum
493 2506 599 2545 pedum
614 2514 738 2536 tuorum.
754 2509 848 2538 Nonne
861 2520 953 2539 omnes
975 2516 1038 2538 sunt
1055 2507 1277 2538 administratorii
1291 2507 1414 2548 spiritus,
1437 2508 1466 2537 in
1481 2508 1661 2538 ministerium

88 2550 161 2580 missi
176 2558 286 2592 propter
309 2562 352 2582 eos
366 2553 415 2591 qui
430 2553 606 2584 hereditatem
621 2556 776 2596 percepturi
790 2564 851 2586 sunt
865 2557 984 2588 salutis?
1000 2557 1077 2594 Quid
1093 2556 1214 2594 miraris,
1230 2555 1329 2595 inquit,
1355 2556 1377 2585 si
1392 2555 1463 2585 Filio
1480 2567 1559 2586 sunm
1575 2557 1660 2587 mini-
1700 2594 1705 2597 ἢ
