1773 2866
93 717 104 743 1
115 739 118 743 .

88 1434 111 1517 -i-—i-
88 1338 109 1375 ›i-
87 1195 110 1280 —t-›i-
88 1101 108 1138 ›t—
90 1007 111 1044 -ι-
89 913 110 950 ›t-

87 1527 109 1565 ,ς

87 1622 109 1661 †

88 1669 109 1707 't

714 274 808 335 IN
827 272 880 333 D
898 272 945 332 E
961 271 1017 330 X

311 413 576 465 OPERUM
612 412 659 462 s.
688 406 956 461 JOANNIS
988 404 1447 458 CHRYSOSTOMI

431 529 519 566 QUAE
541 530 578 558 lN
601 528 675 557 HOC
696 524 920 555 DUODECIMO
942 524 1050 553 TOMO
1073 521 1356 552 CONTINENTUR.

135 714 259 745 Prael'atio
273 720 299 744 et
313 714 430 744 homiliae
444 712 582 743 XXXIV.
599 712 626 740 in
641 709 793 750 Epistolam
806 709 889 739 sancti
904 709 982 738 Pauli
995 708 1031 739 ad
1046 709 1191 748 Hebraeos,
1211 708 1385 749 superaddita
1408 707 1526 738 Mutiani
1539 707 1637 738 Schola
1647 726 1653 729 -

272 763 331 792 stici
345 760 563 802 interpretatione
578 759 690 796 Latina,
704 758 789 789 Savil.
807 758 887 787 Tom.
899 758 927 786 4.
943 768 1004 798 pag.
1022 759 1050 786 1.
1068 757 1167 787 Morel.
1185 757 1265 786 Tom.
1280 758 1308 787 6.
1322 767 1385 797 pag.
1401 756 1472 788 427.

153 839 308 877 Sequuntur
318 836 436 867 homiliae
450 835 575 865 undecim
590 834 719 864 hactenus
732 843 786 864 non
799 833 888 871 editae,
896 840 921 862 et
934 832 968 862 ad
981 833 1122 862 historiam
1136 833 1211 863 illius
1225 833 1276 863 aevi
1287 833 1405 863 multum
1419 833 1591 863 conferentes.

154 915 183 942 2.
206 912 323 941 Homilia
337 911 425 951 prima
439 909 532 940 habita
546 910 573 939 in
587 908 722 949 Martyrio
737 918 784 937 seu
799 908 826 937 in
841 907 978 945 Ecclesia,
992 915 1052 947 qnae
1073 915 1112 938 est
1132 909 1159 937 in
1172 908 1282 947 antiqua
1297 909 1375 938 Petra
1392 920 1399 936 t
1416 907 1490 948 quod
1502 908 1654 948 frequenter

240 958 455 988 conveniendum
469 960 518 993 sit,
536 964 562 986 et
575 955 649 996 quod
664 966 717 985 non
735 955 770 985 sit
783 954 981 995 desperandum
993 956 1028 985 de
1041 956 1142 992 salute,
1157 966 1220 996 pag.
1235 957 1302 985 595.

156 1007 184 1035 5.
205 1006 324 1036 Humilia
348 1005 464 1035 secunda
478 1005 572 1034 habita
586 1014 648 1033 cum
659 1003 822 1043 Imperatrix
833 1003 962 1033 Eudoxia
975 1003 1102 1043 reliquias
1118 1011 1270 1044 martyrum
1283 1003 1310 1033 in
1324 1003 1405 1033 aliam
1421 1003 1560 1033 ecelesiam
1570 1009 1654 1033 trans-

247 1053 314 1082 latas
328 1053 454 1082 comitata
468 1059 553 1091 esset,
574 1058 624 1081 etc.
637 1062 666 1091 p.
682 1052 751 1082 550.

151 1101 178 1130 4.
201 1100 320 1129 Homilia
340 1099 418 1128 tertia
438 1098 530 1128 habita
545 1105 689 1138 postquam
702 1098 853 1138 Imperator
867 1097 993 1136 reliquias
1015 1104 1191 1127 veneraturus
1218 1097 1246 1127 in
1259 1098 1399 1128 ecclesiam
1413 1098 1443 1128 S.
1461 1097 1576 1127 Thomae
1591 1107 1653 1126 cum

241 1145 369 1176 comitatu
384 1155 433 1174 suo
447 1151 572 1182 venerat,
589 1155 618 1184 p.
635 1144 703 1173 555.

151 1195 181 1224 5.
205 1193 324 1222 Homilia
337 1199 432 1232 quarta
447 1193 474 1222 in
487 1192 597 1222 ecclesia
611 1192 641 1222 S.
655 1191 802 1220 Anastasiae
814 1191 906 1221 habita
920 1191 954 1220 de
967 1192 1099 1230 agonibus
1120 1193 1148 1222 S.
1168 1192 1245 1228 Jobi,
1262 1203 1289 1232 p.
1304 1193 1374 1223 540.

151 1244 180 1272 6.
200 1242 319 1271 Homilia
339 1242 434 1280 quinta
447 1241 541 1270 habita
563 1241 590 1271 in
610 1240 710 1281 templo
723 1240 752 1270 S.
770 1241 872 1277 Irenes,
888 1239 922 1270 de
940 1240 1029 1270 studio
1046 1241 1218 1281 praesentium
1235 1248 1260 1271 et
1272 1241 1379 1281 ignavia
1395 1241 1545 1271 absentium
1560 1241 1653 1280 :quod

240 1289 276 1319 sit
289 1289 460 1329 psallendum
470 1311 478 1325 ,
499 1295 548 1318 etc.
561 1300 590 1329 p.
603 1289 672 1319 547.

150 1338 179 1365 7.
201 1337 322 1366 Homilia
337 1343 411 1366 sexta
425 1336 516 1366 habita
531 1336 559 1366 in
575 1336 684 1366 ecclesia
708 1337 897 1376 Apostolorum
916 1336 942 1366 in
958 1336 1002 1366 die
1017 1335 1165 1366 Theodosii
1180 1337 1366 1377 Imperatoris,
1389 1342 1481 1366 contra
1503 1335 1651 1375 Catharos,

241 1395 269 1424 p.
290 1385 358 1413 555.

152 1432 180 1462 8.
202 1431 322 1461 Homilia
338 1432 450 1472 septima
462 1431 556 1461 habita
566 1431 594 1461 in
607 1431 706 1471 templo
727 1432 756 1463 S.
768 1431 913 1461 Anastasiae
923 1454 931 1469 ‚
942 1443 970 1470 p.
992 1432 1059 1462 556.

154 1480 184 1508 9.
209 1479 330 1508 Homilia
344 1486 438 1509 octava
451 1479 546 1508 habita
561 1478 589 1508 in
603 1478 713 1508 ecclesia
727 1479 756 1509 S.
771 1479 867 1513 Pauli,
882 1490 911 1519 p.
925 1480 978 1508 571
990 1501 995 1507 .

133 1527 179 1555 10.
201 1526 321 1556 Homilia
335 1537 406 1556 nona
421 1538 427 1554 :
440 1526 515 1565 quod
530 1536 583 1555 non
601 1532 721 1566 oporteat
734 1527 771 1557 ad
785 1526 887 1555 circum
901 1533 926 1556 et
941 1526 1043 1556 theatra
1058 1526 1210 1563 ascendere,
1224 1533 1250 1556 et
1260 1526 1339 1563 illud,
1356 1528 1449 1557 Pater
1467 1538 1547 1558 meus
1565 1540 1655 1570 usque

242 1575 328 1603 modo
342 1580 487 1614 operatur,
501 1580 529 1603 et
546 1584 599 1611 ego
616 1585 728 1613 operor,
744 1585 774 1614 p.
791 1574 862 1605 58³2.

135 1623 182 1651 11.
203 1621 323 1651 Homilia
338 1622 443 1651 decima
458 1622 485 1651 in
501 1621 586 1660 illud,
608 1623 715 1651 fllessis
729 1621 845 1662 quidem
861 1623 968 1660 multa,
993 1624 1118 1662 operarii
1133 1628 1231 1652 autem
1246 1625 1352 1661 pauci,
1369 1634 1397 1663 p.
1420 1623 1489 1653 587.

134 1671 181 1699 19.
203 1669 322 1698 Homilia
336 1669 478 1699 undecima
490 1668 525 1698 de
540 1669 667 1699 Eleazaro
682 1676 707 1699 et
721 1670 755 1698 de
768 1677 866 1710 septem
882 1671 989 1710 pueris,
1008 1682 1035 1710 p.
1063 1670 1133 1700 595.

131 1717 179 1745 15.
201 1716 339 1745 Severiani
354 1716 387 1745 de
401 1716 506 1755 sigillis
520 1716 668 1752 librorum,
683 1727 710 1756 p.
724 1717 794 1746 405.
815 1717 899 1746 Savil.
923 1719 957 1746 T.
972 1717 998 1746 5.
1013 1728 1042 1756 p.
1058 1717 1126 1746 689.
1141 1717 1237 1746 Morel.
1255 1717 1288 1745 T.
1301 1718 1331 1746 6.
1348 1728 1377 1757 p.
1397 1718 1464 1748 158.

128 1764 176 1792 14.
199 1763 320 1794 Homilia
344 1764 372 1793 in
387 1764 473 1802 illud,
494 1766 532 1792 In
544 1766 687 1803 principio
711 1771 773 1794 erat
796 1765 930 1803 Verbum,
954 1776 981 1804 p.
1000 1765 1068 1794 415.
1082 1765 1168 1795 Savil.
1193 1765 1230 1793 T.
1256 1766 1283 1793 5.
1300 1775 1329 1803 p.
1354 1765 1422 1794 659.
1449 1765 1547 1795 Morel.
1567 1766 1601 1794 T.
1624 1767 1653 1795 6.

242 1822 270 1850 p.
294 1812 363 1841 ⁵255.

129 1859 177 1888 15.
198 1860 292 1889 Sermo
305 1859 339 1889 de
351 1860 567 1897 mansuetudine,
588 1871 615 1900 p.
630 1862 699 1889 42⁴2.
714 1860 799 1891 Savil.
812 1861 847 1890 T.
870 1862 898 1890 6.
921 1872 948 1900 p.
969 1861 1038 1890 750.
1056 1860 1152 1889 Morel.
1167 1861 1204 1890 T.
1220 1862 1248 1889 5.
1264 1871 1291 1899 p.
1315 1860 1382 1890 558.

130 1909 177 1937 16.
198 1907 306 1947 Eclogae
319 1918 365 1936 seu
386 1907 531 1947 Florilegia
545 1918 579 1937 ex
592 1908 695 1938 Savilio
717 1916 805 1947 aucta,
827 1920 853 1948 p.
869 1909 939 1938 452.
963 1908 1047 1937 Savil.
1070 1909 1105 1937 T.
1131 1909 1158 1937 7.
1184 1918 1211 1947 p.
1226 1909 1294 1937 665.
1316 1907 1414 1937 Morel.
1437 1908 1472 1936 T.
1494 1908 1522 1937 G.
1546 1909 1654 1947 p.666,

127 1956 173 1984 17.
196 1954 318 1994 Liturgia
342 1954 433 1983 Sancti
449 1955 559 1985 Joannis
581 1955 779 1994 Chrysostomi,
799 1967 827 1995 p.
845 1957 913 1985 776.
933 1956 1018 1986 Savil.
1041 1957 1074 1986 T.
1097 1957 1126 1985 6.
1144 1966 1170 1995 p.
1194 1956 1263 1985 985.

768 2047 977 2083 SPURIA.

129 2135 176 2164 18.
197 2136 228 2164 Ιῐ]
242 2146 341 2165 novam
354 2136 525 2165 Dominieam
537 2136 602 2165 etin
621 2137 649 2165 S.
665 2136 799 2165 Thomam
819 2148 848 2176 p.
877 2136 946 2166 804.
970 2136 1055 2165 Savil.
1080 2137 1115 2165 T.
1132 2137 1159 2164 7.
1184 2146 1210 2174 p.
1227 2136 1292 2164 575.

129 2182 177 2210 19.
198 2181 231 2209 In
244 2181 274 2210 S.
291 2182 477 2221 Stephanum,
499 2193 525 2222 p.
551 2182 619 2212 809.
639 2182 724 2211 Savil.
746 2183 779 2212 T.
801 2184 828 2213 7.
851 2194 878 2223 p.
898 2183 965 2212 578.

129 2229 177 2256 90.
198 2228 229 2256 In
243 2229 272 2258 S.
287 2229 470 2268 Stephanum,
487 2240 514 2268 p.
529 2229 596 2258 811.
615 2229 702 2259 Savil.
722 2231 758 2258 T.
778 2232 806 2259 7.
826 2242 852 2270 p.
869 2230 935 2260 581.

131 2276 178 2303 91.
201 2275 231 2302 In
245 2275 274 2305 S.
289 2275 470 2315 Stephanum,
486 2287 513 2316 p.
529 2276 597 2305 811.
619 2277 704 2307 Savil.
725 2277 759 2306 T.
782 2278 809 2305 7.
826 2288 854 2316 p.
882 2277 950 2307 781.

131 2322 178 2350 932.
201 2321 232 2349 In
246 2321 275 2350 S.
295 2322 478 2359 Pentecosten,
498 2333 525 2362 p.
547 2322 615 2351 812.
639 2323 724 2352 Savil.
746 2324 782 2351 T.
806 2325 834 2353 7.
855 2335 883 2363 p.
907 2324 975 2353 782.

135 2369 183 2396 25.
207 2369 248 2397 De
259 2369 400 2408 patientia,
414 2376 438 2398 et
454 2369 487 2398 de
507 2370 741 2399 Consummatione
760 2370 842 2410 hujus
861 2371 962 2409 szeculi,
980 2378 1028 2400 etc.
1053 2383 1081 2411 p.
1097 2371 1166 2402 817.
1183 2371 1269 2402 Savil.
1283 2373 1316 2401 T.
1336 2373 1362 2401 7.
1378 2383 1404 2412 p.
1422 2372 1488 2401 455.

131 2473 177 2502 25.
199 2472 360 2503 Eneomium
372 2475 455 2504 sancti
470 2476 595 2515 Gregorii
609 2476 801 2506 Illuminatoris
816 2488 830 2505 a
853 2479 887 2506 D.
906 2478 1002 2507 abbate
1016 2478 1048 2508 de
1060 2479 1192 2518 Yillesroy
1206 2490 1240 2508 ex
1251 2479 1409 2509 Armeniam
1425 2478 1518 2508 Latine
1530 2489 1648 2509 volsum,

704 2555 1024 2580 &woffe—
