1886 2846
105 504 237 531 Augrlorum

106 540 205 555 numstc-

104 574 170 586 unuin.

98 1510 142 1530 Aa
168 1515 185 1530 ι,
204 1515 237 1529 ιι.

257 180 302 222 40
583 187 610 209 s.
640 186 777 209 j().xNNts
805 186 984 207 cuiu'sos‘r.

258 249 333 285 Quid
357 250 466 283 mirum,
492 248 589 286 iuquit,
608 248 629 275 si
652 246 804 275 ministrant
827 245 905 281 Filio,
931 254 991 272 cutu

255 295 335 323 etiam
347 294 496 322 ministrent
510 293 543 321 ad
559 299 675 321 nostram
690 292 801 320 salutem
813 292 826 319 ἶ)
840 290 912 320 Vide
925 299 993 327 quo-

255 339 335 369 modo
350 350 441 368 eorum
465 339 564 367 excitet
579 337 699 377 spiritus,
723 343 747 365 et
771 336 886 364 multum
902 334 951 362 Dei
966 333 992 361 in

256 396 303 414 nos
319 385 447 413 honorem
461 383 590 419 ostendat,
615 383 636 411 si
663 382 774 421 quidem
790 380 937 416 constituit,
965 385 994 405 ut

255 432 355 470 angeli,
380 431 426 469 qui
448 437 510 459 sunt
530 430 607 458 nobis
623 428 782 468 superiores,
810 427 858 454 hoc
881 425 994 453 habeant

256 487 306 516 plo
326 476 403 505 nobis
419 475 606 504 minium-,ium
621 475 659 503 Ut
680 473 702 501 sl
719 472 819 500 dixerit
834 469 967 508 quispiam
986 479 992 495 z

259 522 317 559 Eis,
334 522 428 560 inquit,
450 520 485 549 ad
498 521 548 549 hoc
563 520 667 548 utitur·
685 519 735 546 hoc
747 524 785 544 est
800 525 896 543 munus
911 523 994 551 ange-

258 567 356 604 lorum,
366 567 515 595 ministram
526 567 582 594 Deo
591 564 625 593 ad
636 570 752 592 nostram
761 561 881 589 salutem.
894 559 996 594 Quam·
1013 569 1028 592 B

258 614 349 642 obrem
360 614 411 642 hoc
421 620 459 641 est
471 623 521 650 ang
513 612 557 639 ‹li
568 621 633 650 opus
642 610 729 637 omnia
742 608 826 636 facem
836 605 870 633 ad
881 606 994 633 fratrum

255 659 387 695 salutem3
404 659 458 687 imo
477 668 538 686 xero
553 663 591 684 est
606 665 672 694 opus
687 653 770 692 ipsius
787 651 914 679 Christi:
931 661 993 679 nam

256 705 312 744 ipse
326 682 435 743 quidem
448 704 494 731 dat
506 703 618 731 salutem
638 706 666 727 ut
681 698 823 733 Dominus,
838 697 889 736 ipsi
903 703 992 726 autem

255 757 390 788 tamquam
404 749 482 778 servi.
502 748 535 776 Et
550 757 597 775 nos
612 745 715 774 etiamsi
731 744 814 781 servi,
828 743 875 771 sed
890 753 993 771 conser-

256 796 284 824 xi
299 796 462 834 angelmffum
479 792 563 828 Quid,
581 791 678 829 inquit,
695 789 802 828 angelos
825 788 929 817 hiantes
943 799 993 817 su—

256 841 380 880 spicitis?
402 841 470 868 Sunt
493 838 563 867 servi
588 837 650 865 Filii
666 835 727 873 Dei,
752 842 778 864 et
798 834 823 862 in
838 834 921 862 multa
936 834 994 862 loca

257 894 364 926 propter
376 897 421 914 nos
438 885 590 921 mittuntur,
609 890 635 912 et
654 883 690 911 ad
707 889 825 911 nostram
842 881 994 910 ministrant

255 933 367 961 salutem
381 944 386 959 ε
404 931 578 970 quamobrem
591 936 652 958 sunt
667 928 749 957 nostri
765 927 896 957 conservi.
915 927 993 966 Cogi-

255 985 307 1007 tate
323 977 456 1016 quomodo
478 987 530 1005 non
555 976 601 1004 dat
617 974 746 1004 creaturis
760 984 885 1012 magnam
909 972 993 1001 diffe-

255 1025 377 1053 rentiam.
396 1024 568 1061 Quamquam
582 1022 698 1050 multum
710 1020 817 1048 interest
832 1019 901 1047 inter
913 1029 993 1057 ange-

254 1070 293 1099 los
305 1077 329 1098 et
343 1070 472 1106 homines,
486 1079 529 1097 eos
541 1074 628 1096 tamen
640 1076 722 1106 prope
735 1076 781 1094 nos
793 1064 902 1093 deducit
916 1076 921 1091 :
933 1076 993 1104 pro-

254 1116 402 1156 pemodum
426 1115 505 1144 nobis
530 1113 632 1150 dicens,
657 1114 769 1150 Propter
793 1121 840 1139 nos
859 1110 991 1146 laborant,

254 1170 364 1202 propter
387 1172 434 1190 nos
449 1161 587 1195 cursitant,
609 1165 655 1195 et,
681 1164 711 1186 ut
725 1157 825 1186 dixerit
849 1157 993 1197 quispiam,

255 1209 332 1237 nobis
346 1207 477 1237 serviunt.
494 1206 551 1234 Hoc
563 1212 602 1234 est
616 1214 708 1233 eorum
723 1203 913 1240 ministerium,
929 1212 993 1241 pro-

253 1260 311 1292 pter
323 1264 370 1282 nos
383 1253 410 1281 in
425 1262 516 1281 omnes
531 1250 601 1279 mitti
616 1256 714 1289 partes.

291 1300 318 1327 5.
332 1298 380 1326 His
394 1297 525 1336 exemplis
539 1296 649 1335 plenum
662 1301 700 1323 est
714 1296 809 1330 Vetus,
828 1293 939 1333 plenum
952 1301 990 1323 est

250 1345 359 1373 Novum
373 1344 583 1372 Testamentum.
595 1342 664 1369 Nam
676 1339 783 1378 quando
796 1339 882 1378 angeli
897 1346 988 1379 pasto-

250 1391 325 1419 ribus
338 1391 438 1419 bonum
453 1388 622 1424 annuntiant,
637 1386 744 1425 quando
760 1385 864 1423 Mariae,
881 1386 988 1423 quando

250 1435 357 1475 Joseph,
380 1434 488 1473 quando
512 1433 604 1461 sedent
626 1432 653 1460 in
682 1438 863 1464 monumento,
882 1431 988 1469 quando

251 1483 395 1511 mittuntur
409 1479 443 1508 ad
466 1478 610 1508 dicendum
622 1477 774 1517 discipulis,
793 1478 855 1505 Viri
868 1477 989 1505 Galiloei

250 1528 321 1567 quid
332 1529 417 1556 statis
426 1549 433 1562 ,
449 1527 620 1564 aspicientes
633 1526 664 1551 in
678 1523 781 1552 caelum
792 1526 804 1551 P
818 1523 925 1561 quando
938 1524 988 1551 Pe-

248 1581 320 1602 trum
350 1573 458 1601 solvunt
478 1582 512 1600 ex
535 1580 638 1599 earcere
648 1592 657 1607 ,
683 1569 791 1608 quando
815 1569 988 1607 alloquuntur

1016 184 1168 206 ARCHIEP.
1197 183 1463 207 CONSTANTINOP-

1046 256 1118 272 κνυσι
1134 247 1178 272 τοῦ
1194 245 1263 273 Θεοῦ
1278 244 1325 279 τὴν
1341 246 1376 277 εἷς
1390 244 1459 282 ἡμᾶς
1480 244 1573 282 τιμὴν,
1591 246 1664 284 εἴπερ
1685 245 1809 284 ἀγγέλους

1047 288 1104 320 τοὺς
1117 289 1182 327 ὑπὲρ
1202 292 1273 327 ἡμᾶς
1290 289 1387 325 ταύτην
1404 290 1490 324 ἔταξεν
1507 291 1576 330 ἔχειν
1591 290 1722 319 διακονίαν
1735 311 1742 324 ,
1763 290 1810 324 τὴν

1047 334 1111 372 ὑπὲρ
1137 336 1222 372 ἡμῶν.
1249 334 1298 367 (Ως
1325 335 1355 363 ἂν
1378 335 1445 364 εἴποι
1466 349 1518 371 τις,
1544 338 1579 369 εἷς
1593 340 1668 366 τοῦτο
1682 336 1811 375 κέχρηται

1047 381 1132 412 αὐτοῖς
1143 402 1150 415 ,
1172 380 1254 418 φησὶ,
1276 383 1351 409 τοῦτο
1372 381 1489 419 ἀγγέλων
1502 382 1649 421 λειτουργία
1659 405 1666 418 ,
1680 382 1710 410 τὸ
1724 383 1811 410 διακο-

1046 428 1098 452 νεῖν
1111 426 1149 464 τῷ
1165 426 1226 464 Θεῷ
1241 426 1276 457 εἷς
1293 426 1423 464 σωτηρίαν
1437 427 1577 466 ἡμετέραν.
1604 428 1685 456 ιὨστε
1702 427 1810 465 ἀγγελι-

1046 481 1091 498 κον
1111 469 1185 508 ἔργον
1207 470 1284 499 τουτό
1299 472 1371 506 ἐστι,
1387 470 1417 499 τὸ
1431 473 1517 500 πάντα
1531 476 1612 501 ποιεῖν
1629 475 1664 505 εἷς
1680 472 1811 511 σωτηρίαν

1046 517 1097 543 τῶν
1112 516 1244 554 ἀδελφων·
1261 517 1391 573 μᾶλλρν
1377 516 1404 546 οὲ
1420 517 1498 545 αὐτου
1511 521 1555 546 τοῦ
1567 519 1682 558 Χριστου
1693 518 1723 546 τὸ
1735 517 1810 557 ἔργον

1047 560 1132 590 ἐστίν·
1155 561 1232 594 αὐτὸς
1250 561 1281 599 μὲ
1272 574 1297 590 ν
1312 562 1362 601 γὰρ
1383 564 1417 595 ὡς
1435 563 1570 598 Δεσπότης
1591 563 1684 600 σώζει,
1698 566 1768 593 οὗτοι
1784 563 1810 591 δὲ

1045 608 1080 639 ὡς
1094 607 1190 635 δοῦλοι
1213 607 1265 636 Και
1280 610 1355 645 ἡμεῖς
1378 609 1400 636 εἷ
1414 609 1458 636 καὶ
1474 610 1574 644 δουλοι,
1595 608 1662 637 ἀλλὰ
1678 608 1810 637 σύνδουλοι

1045 652 1173 691 ἀγγέλων.
1199 652 1235 681 Τί
1255 653 1385 692 κεχήνατε
1406 653 1470 692 πρὸς
1486 653 1543 686 τοὺς
1566 654 1706 692 ἀγγέλους,
1730 654 1810 693 φησί;

1045 698 1140 727 Δοῦλοί
1164 699 1212 728 εἶσι
1238 701 1282 727 τοῦ
1302 700 1367 728 Υἱοῦ
1388 702 1433 728 τοῦ
1458 701 1544 736 Θεοῦ,
1570 701 1614 729 καὶ
1628 700 1763 739 πολλαχοῦ
1778 700 1811 728 δι’

1045 746 1115 782 ἡμᾶς
1137 744 1288 781 πέμπονται
1299 767 1306 780 ,
1321 745 1366 773 καὶ
1387 745 1451 784 πρὸς
1465 745 1598 784 σωτηρίαν
1616 745 1664 780 τὴν
1679 745 1810 784 ἡμετέραν

1045 791 1247 829 λειτουργοῦσιν·
1264 790 1332 818 ὥστε
1353 791 1489 828 ὁμόδουλοι
1504 793 1581 829 ἡμῶν
1598 792 1671 819 εἰσιν.
1697 792 1810 826 Ἐννοή-

1046 847 1108 864 σατε
1124 838 1180 868 πῶς
1193 837 1221 864 οὐ
1240 836 1340 871 πολλὴν
1356 836 1446 865 δίδωσι
1461 841 1513 869 τοῖς
1528 836 1655 874 κτίσμασι
1670 836 1794 875 διαφοράν
1805 848 1810 853 ·

1046 880 1131 910 καίτοι
1147 880 1214 909 πολὺ
1237 881 1266 910 τὸ
1290 881 1369 919 μέσον
1384 881 1502 919 ἀγγέλων
1516 882 1560 910 καὶ
1575 881 1717 921 ἀνθρώπων
1729 893 1735 899 ·
1751 883 1809 910 ἀλλ’

1046 926 1117 964 ὅμως
1135 926 1244 961 πλησίον
1259 928 1335 964 ἡμῶν
1350 927 1460 959 ὓαύτοὺς
1474 927 1600 966 κατάγει,
1616 927 1753 966 μονονουχὶ
1764 927 1810 956 λέ-

1046 984 1098 1011 γων
1107 985 1112 990 ·
1125 976 1189 1010 ἡμῖν
1204 973 1351 1010 κάμνουσι,
1370 973 1404 1001 δι’
1419 975 1491 1011 ἡμᾶς
1504 973 1703 1012 περιτρέχουσιν
1713 995 1722 1009 ‚
1735 976 1810 1011 ἡμῖν,

1045 1020 1080 1051 ὡς
1093 1018 1122 1046 ἂν
1137 1018 1205 1047 εἴποι
1219 1030 1267 1051 τις,
1285 1021 1466 1057 ὑπηρετοῦσιν.
1483 1018 1555 1053 Αὕτη
1571 1019 1641 1047 ἐστὶν
1658 1021 1675 1053 ἡ
1691 1018 1810 1047 διακονία

1046 1064 1139 1100 αὐτῶν,
1152 1063 1181 1092 τὸ
1198 1064 1231 1092 δι’
1246 1066 1316 1101 ἡμᾶς
1329 1067 1465 1102 πανταχοῦ
1479 1063 1638 1101 πέμπεσθαι.

1085 1297 1137 1325 Καὶ
1151 1295 1249 1324 τούτων
1264 1297 1316 1325 τῶν
1337 1296 1535 1335 ὑποδειγμάτων
1552 1296 1634 1334 μεστὴ
1652 1297 1700 1334 μὲν
1719 1300 1735 1332 ἡ
1749 1298 1810 1326 Πα-

1045 1342 1121 1377 λαιὰ,
1140 1342 1222 1380 μεστὴ
1249 1342 1274 1370 δὲ
1301 1342 1346 1370 καὶ
1371 1344 1386 1376 ἡ
1413 1342 1506 1376 Καινή.
1527 1341 1612 1370 ιΌταν
1637 1342 1686 1381 γὰρ
1706 1343 1811 1382 ἄγγελοι

1044 1387 1170 1425 ποιμένας
1192 1387 1426 1425 εὐαγγελίζωνται,
1444 1387 1506 1416 ὅταν
1532 1387 1579 1422 τὴν
1602 1388 1729 1426 Μαριὰμ,
1749 1388 1810 1417 ὅταν

1043 1433 1086 1461 τὸν
1100 1432 1197 1472 Ἰωσὴφ
1207 1456 1213 1468 ,
1225 1433 1286 1461 ὅταν
1299 1432 1341 1461 ἐπὶ
1355 1436 1398 1461 τοῦ
1410 1432 1545 1470 μνήματος
1559 1433 1734 1469 καθέζωνται,
1748 1433 1810 1463 ὅταν

1043 1479 1200 1517 πέμπωνται
1214 1480 1294 1507 εἰπεῖν
1315 1482 1367 1510 τοῖς
1381 1482 1524 1516 μαθηταῖς,
1534 1478 1636 1518 Ἄνδρες
1658 1480 1810 1514 Γαλιλαῖοι,

1043 1524 1068 1552 τί
1085 1524 1212 1559 ἑστήκατε
1231 1524 1369 1562 βλέποντες
1384 1525 1419 1556 εἷς
1433 1524 1476 1552 τὸν
1494 1524 1599 1563 οὐρανόν
1612 1536 1618 1557 ;
1632 1523 1694 1553 ὅταν
1708 1525 1808 1565 Πέτρον

1043 1569 1178 1598 ἀπολύωσι
1193 1573 1237 1598 τοῦ
1253 1569 1443 1607 δεσμωτηρίου,
1455 1569 1515 1598 ὅταν
1526 1570 1657 1608 Φιλίππῳ
1670 1570 1809 1608 διαλέγων-

281 1673 291 1684 ³¹
309 1665 350 1689 Sic
363 1665 491 1695 Inter-pres
503 1668 528 1686 et
540 1661 613 1687 Colb.
627 1660 721 1686 Codex.
737 1661 788 1694 [Sic
801 1662 828 1684 Α.
841 1661 867 1685 B.
887 1667 912 1685 et
928 1660 1063 1694 CommeL]
1074 1659 1150 1686 Savit.
1165 1662 1242 1688 αὐτοὺς
1255 1663 1334 1688 lar-071.

666 1767 840 1797 MUTIANO
866 1766 1118 1795 SCHOLASTICO
1140 1766 1175 1794 IN
1182 1765 1392 1794 TERPRETE.

247 1859 357 1888 sterium
380 1856 515 1890 exhibent,
538 1864 599 1883 eum
613 1854 693 1882 etiam
708 1864 756 1892 pro
771 1858 858 1881 nostra
875 1853 960 1881 salute
979 1852 1114 1881 ministros
1138 1862 1181 1880 eos
1197 1858 1297 1880 constat
1312 1852 1441 1880 effectos?
1466 1852 1570 1881 Intuere
1584 1863 1653 1882 nunc
1668 1854 1801 1892 quomodo

246 1916 338 1935 eorum
352 1904 474 1933 sublevat
487 1908 597 1936 mentes,
611 1900 750 1929 ostendens
764 1900 841 1928 nobis
855 1899 984 1928 honorem
998 1910 1012 1927 a
1028 1901 1083 1928 Deo
1099 1899 1246 1938 plurimum
1261 1899 1440 1928 condonatum
1456 1911 1461 1926 τ
1478 1899 1611 1937 siquidem
1625 1900 1704 1928 ctiam
1719 1911 1801 1939 ange-

247 1952 286 1981 los
299 1951 346 1990 qui
361 1950 437 1979 nobis
451 1948 599 1988 superiores
621 1954 692 1981 sunt,
716 1946 751 1975 ad
765 1953 883 1975 nostram
898 1947 1011 1975 salntem
1035 1946 1214 1974 ministerium
1230 1957 1307 1974 suum
1324 1946 1451 1974 exhibere
1463 1946 1590 1985 praecepit
1608 1958 1615 1973 ι
1630 1953 1765 1985 tamquam
1778 1948 1800 1976 si

247 1999 358 2033 diceret,
376 1997 418 2026 Ad
431 1997 481 2025 hoc
494 1995 531 2024 eis
547 1995 632 2023 utitur
647 2006 652 2021 :
668 1994 719 2022 hoc
740 2000 778 2022 est
794 1994 920 2032 angelicae
935 1993 1078 2022 functionis
1094 1993 1225 2028 officium,
1241 1993 1274 2021 ad
1289 1993 1401 2021 salutem
1419 2000 1536 2021 nostram
1551 1993 1729 2022 ministerium
1745 1995 1801 2023 Deo

247 2045 405 2085 persolvere.
423 2041 537 2071 Proinde
550 2041 602 2070 hoo
614 2047 651 2069 est
666 2051 734 2080 opus
751 2041 914 2079 angelicum,
930 2047 960 2069 nt
974 2040 1063 2069 omnia
1079 2040 1145 2068 fiant
1158 2050 1206 2079 pro
1221 2039 1306 2067 salute
1325 2039 1510 2078 proximorum
1524 2050 1532 2076 3
1549 2039 1634 2077 magis
1648 2047 1736 2068 autem
1753 2040 1801 2068 hee

246 2100 284 2122 est
297 2102 364 2131 opus
378 2090 487 2119 Christi.
502 2090 562 2128 Ipse
575 2088 646 2117 enim
660 2088 729 2116 sicut
746 2088 878 2116 Dominus
893 2088 988 2121 salvat,
1003 2087 1047 2115 isti
1060 2097 1123 2116 vero
1137 2087 1206 2115 sicut
1221 2085 1301 2115 servi.
1313 2086 1349 2114 Et
1363 2096 1410 2114 nos
1422 2085 1512 2123 itaque
1521 2086 1646 2122 Domini,
1659 2096 1689 2114 ac
1699 2086 1720 2115 si
1732 2087 1801 2116 servi

248 2149 356 2172 sumus,
368 2137 414 2166 scd
428 2143 514 2165 tamen
529 2135 684 2174 angelorum
699 2134 829 2162 conservi.
843 2134 918 2170 Quid
932 2134 1016 2172 igitur
1030 2133 1163 2172 suspicitis
1173 2155 1180 2169 ‚
1194 2132 1292 2170 inquit,
1305 2131 1338 2160 ad
1353 2132 1459 2170 angelos
1469 2132 1482 2159 Ρ
1497 2131 1574 2161 Servi
1588 2138 1649 2160 sunt
1664 2133 1727 2161 Filii
1738 2133 1799 2169 Dei,

248 2192 274 2214 et
288 2191 395 2224 propter
410 2194 457 2211 nos
479 2182 577 2221 saepius
593 2181 756 2219 diriguntur,
776 2187 800 2208 ct
822 2191 872 2219 pro
886 2180 970 2209 salute
988 2187 1078 2209 nostra
1095 2179 1241 2208 ministeria
1263 2189 1310 2206 sua
1326 2178 1491 2217 persolvunt.
1511 2178 1577 2212 Quae
1601 2188 1661 2206 eum
1676 2178 1714 2206 ita
1739 2179 1802 2214 sint,

249 2238 351 2261 constat
368 2230 474 2269 angelos
489 2236 592 2258 nostros
605 2238 660 2257 esse
671 2238 820 2256 conservos,
836 2227 1007 2256 Considerate
1023 2234 1122 2263 tamen,
1138 2226 1272 2265 quomodo
1291 2236 1343 2254 non
1358 2225 1470 2253 multam
1483 2224 1660 2253 differentiam
1676 2226 1802 2254 creaturis

248 2278 382 2315 attribuit,
397 2276 519 2315 quamvis
535 2275 650 2304 multum
667 2274 769 2303 intersit
787 2274 855 2302 inter
869 2275 976 2313 angelos
993 2282 1017 2303 ct
1034 2274 1161 2303 homines.
1174 2275 1366 2303 Verumtamen
1382 2272 1546 2311 propinquos
1558 2282 1601 2300 eos
1619 2272 1696 2300 nobis
1716 2272 1778 2301 facit
1793 2285 1798 2299 ι

249 2333 279 2355 ut
292 2336 358 2365 pene
375 2324 464 2353 dicere
483 2323 618 2361 videatur,
632 2323 694 2360 quia
709 2321 786 2350 nohis
796 2321 927 2357 laborant,
939 2329 1046 2360 propter
1060 2332 1107 2350 nos
1125 2321 1292 2357 discurrunt,
1304 2319 1380 2348 nobis
1404 2330 1451 2348 suo
1466 2319 1614 2357 funguntur
1630 2319 1737 2347 officio:
1751 2319 1802 2348 hoc

249 2381 287 2402 est
301 2382 393 2401 eorum
405 2371 597 2407 ministerium,
615 2376 645 2398 ut
659 2375 767 2409 propter
780 2379 827 2397 nos
843 2368 941 2406 ubique
958 2369 1106 2397 mittantur.

290 2420 317 2448 5.
328 2419 363 2446 Et
375 2418 472 2446 harum
487 2427 576 2446 rerum
585 2416 715 2455 exemplis
725 2415 797 2454 pleni
811 2421 870 2443 sunt
882 2415 943 2443 lih1i
956 2416 981 2444 V
985 2415 1062 2443 eteris
1073 2413 1246 2450 Testamenti,
1255 2412 1326 2452 pleni
1341 2413 1422 2441 etiam
1438 2411 1516 2441 Novi.
1530 2412 1598 2440 Nam
1611 2417 1635 2439 et
1650 2409 1800 2449 pastoribus

251 2465 338 2504 angeli
354 2476 385 2493 ev
379 2465 522 2503 angelizav
524 2471 609 2500 erunt,
621 2470 646 2492 et
657 2463 690 2491 ad
707 2462 821 2491 Mariam
835 2462 944 2500 angelus
959 2462 1041 2496 venit,
1057 2469 1083 2490 et
1094 2462 1194 2501 Joseph
1207 2461 1303 2500 saepius
1317 2460 1351 2488 ab
1365 2460 1459 2498 angelo
1470 2458 1593 2487 visitatus
1604 2464 1652 2493 est,
1664 2464 1689 2486 et
1701 2457 1728 2485 in
1740 2467 1799 2485 mo—

252 2518 376 2541 numento
389 2510 508 2539 sedentes
522 2511 608 2549 angeli
622 2516 813 2549 appar-uerunt,
828 2516 853 2537 et
866 2509 899 2537 ad
916 2508 1063 2547 discipulos
1077 2509 1162 2546 angeli
1178 2508 1251 2536 missi
1264 2513 1334 2542 sunt,
1349 2506 1484 2535 dicentes:
1504 2506 1565 2533 lm
1587 2504 1717 2540 Galum,
1731 2503 1802 2541 quid

252 2560 336 2587 stalis
351 2557 532 2586 intendentes
549 2558 580 2585 ιίι
599 2557 712 2591 coelnm,
727 2556 792 2585 etc-1¹
820 2562 845 2584 et
863 2556 971 2584 Peuum
986 2555 1094 2594 angelus
1111 2555 1225 2584 absolvit
1247 2565 1280 2583 ex
1295 2563 1405 2590 carcere,
1428 2559 1452 2580 ct
1470 2550 1595 2589 Philippo
1611 2549 1696 2587 augeli
1713 2549 1796 2578 collu-
