1906 2846
101 399 172 419 I’mv..
190 399 224 422 18.

102 437 137 459 '9⁴

255 196 322 239 4(ιῖ
595 206 623 228 S.

256 267 356 297 videris
376 268 503 296 deficiens
526 273 551 295 et
571 267 697 295 vitiosum
717 277 808 295 coerce
827 273 852 295 et
868 267 991 305 corrige:

256 315 278 343 si
302 314 462 343 iracundum
486 313 597 348 videris,
615 313 638 341 si
658 323 783 348 avarum,
800 313 996 352 reprimc,liga

256 371 317 388 cum
341 359 530 388 admonitione.
549 358 604 387 Hoc
616 365 654 386 est
669 358 788 387 amicitia
805 371 811 387 z
831 358 870 387 sic
884 359 966 387 frater
979 370 994 387 a

255 407 334 434 fratre
355 405 478 444 adjutus,
496 405 526 433 sit
551 412 687 443 tamquam
713 405 779 434 urbs
802 405 917 434 munita.
934 407 994 435 Non

252 452 323 479 enim
347 451 486 479 comedere
501 457 527 479 et
541 450 634 479 hibere
648 450 750 479 faciunt
765 451 912 480 amicitiam
925 464 934 489 ,·
951 458 994 480 ta-

251 497 303 525 lem
319 497 389 525 enim
405 497 505 525 habent
519 496 598 525 etiam
610 497 725 525 latrones
742 504 767 525 et
779 497 869 526 sicarii
886 509 893 534 ;
912 497 957 526 sed
971 499 993 527 si

250 554 343 572 sumus
355 543 444 579 amici,
454 543 475 571 si
486 553 548 571 vere
559 542 626 571 alter
637 542 747 571 alterius
759 553 851 572 curam
861 543 990 581 gerimus,

652 205 791 229 JOANMS
818 206 999 228 eflnx'SOST.
1029 206 1186 229 ARCfflEP.
1215 207 1484 231 CONSTANTINOP-

1049 267 1149 306 γίνεται
1162 279 1168 285 ·
1184 269 1212 297 οὗ
1226 268 1277 307 γὰρ
1288 269 1318 297 τὸ
1333 273 1424 308 φαγεῖν
1439 270 1484 298 καὶ
1500 270 1529 299 τὸ
1541 276 1609 300 πιεῖν
1630 278 1698 301 ποιεῖ
1713 273 1800 311 φιλίαν
1813 284 1817 289 ’

1047 312 1171 348 τοιαύτην
1181 313 1233 353 γὰρ
1243 313 1288 342 καὶ
1303 315 1399 353 λῃσταὶ
1416 315 1507 354 ἔχουσι
1518 316 1563 345 καὶ
1578 318 1728 357 ἀνδροφόνοι
1738 331 1743 336 ·
1759 320 1817 348 ἀλλ’

1048 360 1070 387 εἶ
1082 358 1153 398 φίλοι
1164 359 1254 397 ἐσμὲν,
1266 361 1288 388 εἷ
1301 360 1382 394 ὄντως
1394 361 1517 397 ἀλλήλων
1533 363 1682 401 κηδόμεθα,
1695 366 1729 396 εἷς
1736 368 1819 393 ταῦτα

1048 405 1172 440 ἀλλήλοις
1184 405 1399 444 συμὸαλλώμεθα
1409 417 1415 423 ·
1430 411 1514 436 ταῦτα
1525 409 1561 441 εἷς
1575 409 1663 448 φιλίαν
1677 412 1749 447 ἡμᾶς
1762 410 1819 448 ἄγει

1046 452 1170 490 ἐπωφελῆ
1179 473 1186 487 ,
1199 454 1283 480 ταῦτα
1299 452 1396 481 κωλύει
1417 454 1454 486 εἷς
1467 453 1573 492 γέενναν
1591 456 1722 484 ἀπελθεῖν.
1743 455 1819 490 Μήτε

1047 493 1090 526 οὖν
1102 500 1114 526 ὁ
1124 497 1294 537 ἕλεγχ-όμενος
1309 499 1492 536 ἀγανακτείτω
1503 512 1509 518 ·
1525 500 1657 540 ἅνθρωποι
1667 501 1718 540 γάρ
1729 503 1819 539 ἔσμεν,

1045 544 1091 572 καὶ
1106 543 1200 582 ἔχομεν
1215 544 1403 582 ἐλαττώματα·
1417 545 1483 583 μήτε
1499 548 1512 574 ὃ
1526 546 1643 586 ἐλέγχων
1656 548 1691 580 ὡς
1708 549 1819 585 ἐπεγγε-

248 590 282 619 ad
294 590 351 619 lime
361 591 427 619 alter
438 590 513 618 alteri
523 590 690 618 conseramus
706 591 780 621 :haec
794 602 842 620 nos
852 590 991 621 adducunt
1009 597 1026 618 D
1044 591 1109 626 λῶν,
1125 589 1142 625 ἢ
1164 592 1199 623 ὡς
1214 590 1394 628 ε’πεμὸαίνων,
1418 595 1494 621 τοῦτο
1516 593 1626 622 ποιείτω
1644 593 1688 622 καὶ
1713 595 1818 631 ἐκπομ-

248 636 282 665 ad
307 637 454 666 amicitiam
475 636 568 664 utilem
586 648 594 673 3
614 637 672 665 haec
694 637 837 676 prohibent
853 648 885 667 ne
908 638 990 667 duca-

248 694 309 712 mur
326 684 362 712 ad
387 683 543 722 gehennam.
562 684 655 721 Neque
676 694 738 722 ergo
758 684 780 712 is
800 685 846 722 qui
867 685 990 724 arguitur

247 740 317 768 :egre
328 729 393 757 serat
408 741 416 766 ;
432 739 525 757 sumus
537 730 609 758 enirn
625 729 758 767 homines,
772 737 796 758 ct
810 737 873 759 sunt
890 730 917 759 in
937 741 988 760 no-

246 775 288 804 bis
310 775 428 804 defcetus
444 787 449 803 :
467 785 552 813 neque
571 775 618 814 qui
639 776 730 814 arguit
750 776 802 805 hoc
822 777 902 806 faciat
922 785 990 807 tam-

246 832 325 859 quam
341 821 431 849 ridens
445 828 471 850 et
492 821 633 850 traducens
653 828 677 850 et
692 822 848 861 divulgans,
864 823 911 852 sed
930 824 992 864 pri-

1045 635 1142 672 πεύων,
1163 636 1231 665 ἀλλὰ
1244 637 1302 665 κατ’
1326 636 1404 673 ἰδίαν,
1422 638 1490 675 μετὰ
1510 639 1683 678 προσηνείας·
1700 639 1821 672 πλείονος

1044 681 1095 721 γὰρ
1111 682 1193 710 δεῖται
1205 683 1362 721 προσηνείας
1374 686 1388 712 ὁ
1398 684 1524 723 ἐλέγχων,
1536 685 1579 713 ἵνα
1593 685 1661 714 οὕτω
1676 685 1755 724 πείσῃ
1768 685 1819 720 τὴν

1045 728 1128 766 τομὴν
1146 729 1269 767 ἐνεγκεῖν.
1284 730 1346 768 Οὐχ
1359 731 1439 768 ὁρᾶτε
1452 730 1510 764 τοὺς
1522 731 1626 770 ἰατροὺς
1636 754 1643 767 ,
1659 733 1721 760 ὅταν
1735 731 1818 760 καίω-

1045 787 1096 811 σιν,
1114 775 1176 804 ὅταν
1191 776 1321 812 τέμνωσι,
1336 775 1405 813 μετὰ
1416 776 1499 812 πόσης
1515 777 1672 817 προσηνείας
1681 777 1729 813 τὴν
1743 780 1816 817 θερα-

1045 820 1121 849 πείαν
1150 821 1294 859 ἐπάγουσι;
1326 822 1423 861 Πολλῷ
1451 825 1550 861 μᾶλλον
1577 824 1635 857 τοὺς
1658 824 1818 862 ἐλέγιοντας

246 867 329 895 vatim
345 878 406 896 cum
419 867 529 896 lenitate
542 875 567 896 et
582 868 787 897 mansuetudine
803 881 808 896 :
824 870 908 898 multa
919 870 989 899 enim
999 890 1035 909 2²⁸³
1045 871 1121 897 τοῦτο
1136 869 1174 897 δεῖ
1187 872 1270 897 ποιεῖν
1280 879 1286 885 ·
1301 867 1346 896 καὶ
1357 867 1408 907 γὰρ
1423 868 1468 898 καὶ
1482 871 1562 909 πυρὸς
1576 870 1622 899 καὶ
1637 871 1744 910 σιδήρθυ
1757 881 1819 909 6φο-

246 913 354 942 lenitate
373 924 441 953 opus
456 913 536 942 habet
553 915 599 952 qui
615 914 717 953 arguit,
734 921 763 943 ut
781 915 818 943 ita
833 916 992 955 persuadeat
1008 917 1027 939 Α
1046 915 1166 955 δρότερον
1183 915 1309 954 ἔλεγχός,
1326 914 1370 943 καὶ
1394 921 1504 955 σκιρτᾷν
1517 922 1599 946 ποιεῖ·
1617 917 1662 946 καὶ
1677 917 1719 945 διὰ
1742 919 1819 945 τοῦτο

245 960 312 988 serre
330 959 494 989 incisionem.
509 961 568 989 Non
591 960 666 989 vides
688 971 748 989 cum
765 968 863 999 quanta
884 961 992 991 lenitate

245 1005 342 1034 medici
356 1005 485 1034 adhibent
505 1006 668 1035 curationem
685 1007 792 1045 quando
808 1015 891 1037 urunt
906 1016 931 1037 et
950 1020 991 1038 se·

245 1059 305 1080 cant
321 1053 332 1081 3³
348 1052 437 1081 Multo
462 1053 547 1091 magis
572 1053 622 1081 hoc
644 1053 728 1082 facere
752 1061 855 1093 oportet
877 1065 920 1084 eos
942 1056 990 1094 qui

245 1106 383 1137 arguunt:
401 1109 462 1127 nam
484 1105 507 1127 et
527 1099 587 1137 igne
601 1105 626 1127 et
647 1099 717 1128 ferro
739 1100 923 1129 vehementius
945 1112 988 1130 re·

244 1145 385 1184 prehensio
396 1145 460 1173 facit
474 1144 584 1173 exsilire
597 1157 603 1172 :
618 1145 730 1183 ideoque
744 1146 844 1174 medici
859 1157 988 1185 magnum

244 1198 347 1230 ponunt
367 1191 489 1220 studium
505 1198 535 1219 ut
553 1191 650 1220 leniter
672 1192 758 1220 ferant
783 1192 949 1229 incisionem,
963 1201 988 1222 et

244 1251 324 1279 quam
346 1240 527 1280 placidissime
548 1240 605 1268 fieri
627 1247 712 1280 potest
731 1251 790 1269 eam
807 1241 946 1277 adhibent,
962 1249 987 1271 et

244 1302 339 1330 parum
361 1291 482 1320 cedentes
494 1313 501 1327 ,
515 1298 541 1320 et
555 1291 653 1320 deinde
666 1292 839 1321 concedentes
855 1300 884 1322 ut
903 1293 985 1333 respi-

243 1348 310 1370 rent.
325 1342 371 1370 Sic
389 1348 449 1370 sunt
471 1341 551 1370 ctiam
570 1342 696 1370 faciendae
714 1342 940 1382 reprehensiones,
955 1351 984 1372 ut

243 1392 289 1430 qui
310 1399 460 1431 arguuntur
481 1403 532 1420 non
557 1392 684 1421 resiliant.
700 1393 757 1422 Etsi
781 1404 844 1432 ergo
866 1401 985 1433 oporteat

244 1444 405 1473 contumelia
426 1445 516 1481 affici,
536 1445 584 1473 etsi
608 1445 700 1484 plagas
720 1446 853 1485 accipere,
869 1456 921 1474 non
944 1457 985 1475 re⁵

243 1504 376 1523 cusemus.
395 1496 463 1524 Nam
478 1502 504 1524 et
519 1495 560 1523 illi
574 1495 621 1533 qui
636 1503 767 1532 secantur,
780 1495 870 1525 valide
885 1503 909 1525 et
924 1497 985 1536 plu·

243 1544 343 1573 rimum
361 1546 544 1575 vociferantur
571 1546 700 1575 adversus
729 1557 773 1575 eos
801 1547 848 1586 qui
871 1555 983 1585 secant,

243 1594 289 1623 sed
306 1595 346 1624 illi
368 1596 436 1624 nihil
455 1596 553 1625 horum
573 1603 707 1636 spectant,
722 1597 767 1626 sed
789 1608 881 1626 eorum
902 1599 986 1627 solam

244 1646 290 1684 qui
316 1647 437 1676 laborant
468 1648 589 1676 salutem.
618 1648 656 1676 Ita
684 1648 728 1677 liic
756 1660 861 1687 quoque
884 1657 987 1689 oportet

243 1697 331 1725 omnia
355 1698 439 1726 facere
461 1697 561 1726 utiliter
579 1697 611 1726 ad
634 1697 882 1737 reprehensionem,
897 1699 984 1729 omnia

1045 961 1090 990 md
1115 963 1138 989 οἱ
1155 961 1241 1000 ἰατροὶ
1263 963 1347 991 πολλὰ
1375 963 1585 999 ἐπιτηδεύουσιν,
1610 962 1678 991 ὥστε
1702 965 1817 1001 ἐνεγκεῖν

1045 1008 1136 1048 πράως
1147 1008 1196 1043 τὴν
1205 1008 1298 1046 τομὴν,
1315 1009 1360 1038 καὶ
1376 1011 1514 1049 προσηνῶς
1523 1031 1530 1045 ,
1543 1011 1578 1042 ὡς
1592 1005 1644 1038 οἶόν
1659 1021 1688 1038 τε
1697 1032 1705 1046 ,
1719 1009 1816 1043 ταύτην

1044 1054 1190 1092 ἐπάγουσι,
1213 1056 1258 1084 καὶ
1284 1056 1377 1095 μικρὸν
1404 1056 1561 1090 ἐνδιδόντες,
1579 1051 1636 1084 εἶτα
1657 1055 1818 1094 παρέχοντες

1044 1101 1216 1129 ἀναπνεῦσαι,
1234 1101 1313 1130 Οὕτω
1327 1102 1373 1130 καὶ
1394 1101 1452 1134 τοὺς
1466 1101 1588 1140 ἐλέγχρυς
1607 1102 1646 1129 δεῖ
1659 1105 1753 1136 ποιεῖν,
1773 1101 1817 1129 ἵνα

1043 1145 1087 1174 καὶ
1099 1148 1122 1174 οἱ
1137 1146 1307 1185 ἐλεγχόμενοι
1322 1147 1359 1185 μὴ
1376 1149 1567 1186 ἆποτκιρτῶσι.
1584 1146 1640 1176 Κᾶν
1657 1147 1815 1185 &paceium

1042 1191 1127 1219 τοίνυν
1145 1192 1204 1230 δέῃ,
1220 1192 1268 1220 κᾶν
1289 1194 1438 1231 πληγῆναι,
1454 1192 1490 1231 μὴ
1508 1193 1745 1232 παραιτησώμεθα.
1762 1193 1814 1221 Καὶ

1041 1237 1092 1277 γὰρ
1107 1239 1200 1266 ἐκεῖνοι
1213 1240 1236 1267 οἱ
1251 1239 1422 1277 τεμνόμενοι,
1437 1238 1519 1277 μυρία
1533 1238 1685 1267 καταίῖοῶσι
1705 1240 1757 1266 τῶν
1769 1250 1814 1266 τε·

1042 1283 1157 1320 μνόντων
1171 1296 1176 1301 ·
1193 1285 1250 1312 ἀλλ’
1274 1287 1367 1313 ἐκεῖνοι
1394 1285 1459 1323 πρὸς
1484 1284 1556 1313 οὐδὲν
1580 1283 1678 1312 τούτων
1704 1284 1813 1323 ὁρῶσιν,

1040 1329 1122 1363 ἀλλ’ἢ
1133 1330 1197 1368 πρὸς
1209 1329 1254 1365 τὴν
1266 1329 1354 1368 ὑγείαν
1366 1332 1417 1358 τῶν
1429 1329 1582 1367 καμνόντων
1594 1329 1683 1367 μόνον.
1694 1328 1773 1357 Οὕτω
1782 1329 1814 1364 δὴ

1004 1379 1020 1400 Β
1040 1375 1084 1403 καὶ
1102 1377 1212 1403 ἐνταῦθα
1235 1375 1322 1403 πάντα
1346 1376 1383 1403 δεῖ
1404 1379 1488 1404 ποιεῖν
1509 1375 1575 1415 πρὸς
1590 1374 1620 1403 τὸ
1640 1375 1683 1403 τὸν
1706 1374 1815 1414 ἔλεγχον

1040 1421 1180 1460 χρησίμως
1198 1421 1334 1459 γενέσθαι,
1356 1420 1443 1449 πάντα
1460 1420 1546 1460 φέρειν
1568 1420 1633 1460 πρὸς
1655 1420 1698 1449 τὸν
1721 1420 1813 1458 μισθὸν

1041 1469 1192 1507 ἀφορῶντας
1206 1468 1249 1496 τὸν
1262 1467 1444 1505 ἀποκείμενον.
1457 1467 1600 1504 Ἀλλήλων,
1613 1467 1686 1506 φησὶ,
1701 1466 1733 1494 τὰ
1745 1466 1814 1506 βάρη

1043 1514 1199 1552 βαστάζετε,
1216 1514 1261 1542 καὶ
1278 1513 1360 1546 οὕτως
1383 1513 1595 1552 ἀναπληρώσατε
1612 1513 1656 1542 τὸν
1669 1513 1750 1551 νόμον
1769 1514 1815 1541 τοῦ

1042 1561 1167 1599 Χριστοῦ.
1183 1559 1274 1592 Οὕτως
1286 1555 1329 1588 οἶν
1343 1560 1387 1588 καὶ
1409 1559 1560 1598 ἐλέγχοντες
1574 1558 1619 1587 καὶ
1631 1558 1752 1598 φέροντες
1764 1558 1815 1587 ἆλ-

1041 1607 1150 1643 λήλους,
1164 1606 1328 1645 δυνησόμεθα
1343 1607 1535 1645 ἀναπληρῶσαι
1549 1605 1597 1641 τὴν
1615 1605 1756 1643 οἰκοδομὴν
1768 1607 1814 1634 τοῦ

1042 1654 1172 1692 Χριστοῦ·
1186 1653 1231 1681 καὶ
1245 1655 1309 1691 ἡμῖν
1325 1652 1393 1681 οὕτω
1413 1652 1537 1687 ποιήσετε
1558 1654 1653 1690 κοῦφον
1668 1652 1711 1680 τὸν
1726 1651 1814 1686 πόνον,

1042 1701 1067 1728 ἐν
1086 1699 1169 1728 ἅπασι
1185 1699 1432 1736 συλλαμὲανόμενοι
1447 1701 1510 1737 ἡμῖν
1530 1698 1575 1727 καὶ
1590 1702 1667 1737 χεῖρα
1682 1697 1814 1736 ὀρέγοντες

664 1810 838 1840 MUTIANO
861 1811 1117 1841 SCHOLASTICO
1139 1810 1393 1840 INTERPRETE.

241 1911 316 1940 desse
330 1910 457 1939 valebunt
473 1922 478 1938 :
495 1917 520 1939 te
533 1921 639 1949 quoque
652 1910 756 1949 hortor,
773 1918 802 1939 ut
820 1910 954 1949 quidquid
974 1912 1001 1940 in
1017 1922 1059 1940 me
1080 1911 1230 1951 inspexeris
1246 1911 1375 1940 vitiosum
1395 1910 1577 1951 reprehendas
1597 1917 1623 1939 et
1641 1909 1766 1949 corrigas.
1781 1908 1811 1938 Si

243 1968 305 1987 vcro
327 1957 487 1986 iracundum
504 1957 614 1994 videris,
626 1957 647 1985 si
670 1968 793 1993 avarum,
806 1958 860 1996 liga
885 1958 963 1986 illum
979 1965 1023 1987 tua
1047 1958 1249 1987 admonitione:
1264 1958 1313 1987 hoc
1332 1958 1404 1986 enim
1423 1965 1462 1986 est
1484 1957 1614 1986 amicitia.
1631 1957 1677 1987 Sic
1696 1958 1778 1986 frater
1796 1969 1812 1986 a

242 2007 323 2034 fratre
347 2005 467 2044 adjutus,
486 2004 555 2033 sicut
576 2005 672 2033 civitas
692 2005 768 2034 fortis
792 2005 917 2034 efficitur.
937 2007 996 2035 Non
1017 2006 1088 2035 enim
1112 2005 1274 2035 manducare
1297 2013 1322 2034 et
1344 2005 1437 2034 bibere
1461 2005 1525 2034 facit
1546 2005 1693 2033 amicitiam
1705 2016 1714 2043 ;
1732 2005 1812 2033 talem

243 2064 357 2092 namque
373 2059 397 2081 et
418 2052 534 2080 latrones
548 2052 647 2080 habent
662 2060 687 2081 et
710 2052 851 2081 homicidae
867 2066 874 2089 ;
890 2053 938 2082 sed
952 2053 975 2082 si
994 2054 1073 2082 amici
1089 2064 1193 2091 sumus,
1213 2053 1235 2082 si
1258 2064 1317 2082 vere
1332 2053 1447 2081 invicem
1467 2063 1515 2091 pro
1530 2053 1608 2081 nobis
1630 2063 1723 2080 curam
1736 2052 1810 2091 geri-

242 2111 312 2136 mus,
329 2099 356 2128 in
369 2099 411 2127 his
430 2099 507 2127 nobis
527 2099 643 2128 invicem
663 2100 842 2134 conseramus,
857 2100 915 2129 haec
936 2100 971 2129 ad
989 2101 1136 2130 amicitiam
1154 2111 1201 2129 nos
1221 2100 1366 2138 adducant,
1382 2111 1441 2139 quae
1462 2099 1539 2128 nobis
1556 2099 1632 2128 utilia
1652 2099 1706 2127 sint
1721 2110 1728 2126 τ
1747 2109 1810 2138 pro-

243 2148 382 2176 hibeamus
396 2146 442 2175 illa
458 2146 515 2175 fieri
524 2169 532 2183 ,
545 2158 604 2185 quae
621 2147 656 2176 ad
665 2147 815 2186 gehennam
827 2148 940 2177 ducunt.
954 2149 989 2177 Et
1002 2159 1034 2178 ne
1048 2149 1096 2187 qui
1110 2148 1256 2188 corripitur
1274 2147 1445 2187 indignetur3
1460 2147 1581 2176 homines
1595 2146 1696 2185 quippe
1705 2156 1809 2183 sumus,

243 2200 267 2221 et
277 2204 292 2222 a
302 2194 376 2223 vitiis
388 2203 440 2221 non
449 2203 542 2221 sumus
556 2193 636 2222 alieni
648 2206 653 2220 :
664 2204 749 2232 neque
758 2194 805 2232 qui
818 2194 938 2234 corripit,
951 2195 1074 2232 sicutqui
1087 2194 1241 2234 pronuntiat
1253 2201 1299 2223 aut
1312 2193 1452 2234 praedicat,
1463 2193 1514 2223 hoc
1523 2193 1614 2228 faciat,
1629 2200 1654 2221 et
1664 2193 1811 2232 divulgans

244 2241 329 2280 magis
346 2251 428 2279 quam
447 2251 558 2269 monens
568 2263 576 2275 ,
593 2241 639 2269 sed
658 2242 782 2270 remotim
798 2252 859 2270 cum
875 2242 986 2271 lenitate
1000 2243 1096 2272 multa.
1111 2242 1200 2271 Multa
1215 2242 1316 2282 quippe
1328 2242 1437 2270 lenitate
1450 2252 1518 2281 opus
1532 2241 1613 2270 habet
1627 2241 1673 2279 qui
1690 2241 1810 2281 corripit,

246 2295 273 2316 nt
287 2288 334 2326 qui
345 2287 502 2327 corripitur,
514 2288 699 2326 aequanimiter
716 2289 810 2318 toleret
824 2289 976 2318 sectionem.
991 2291 1049 2319 Non
1061 2290 1160 2319 videtis
1177 2289 1295 2318 medicos
1311 2289 1420 2328 quando
1430 2296 1521 2324 urunt,
1536 2289 1581 2318 vel
1594 2295 1683 2318 secant
1696 2288 1811 2326 aliquos,

246 2346 307 2363 rum
327 2342 426 2374 quanta
446 2335 553 2364 lenitate
571 2345 638 2374 opus
653 2336 798 2364 curationis
814 2337 962 2365 exercent?
985 2337 1074 2367 Multo
1091 2337 1208 2377 amplius
1229 2336 1402 2376 corripientes
1417 2342 1522 2375 oportet
1541 2335 1592 2364 hoc
1606 2346 1692 2374 agere.
1706 2335 1814 2364 Etenim

248 2383 380 2422 correptio
397 2390 421 2411 et
435 2383 496 2421 igne
509 2389 535 2410 et
554 2382 624 2410 ferro
637 2381 821 2411 vehementius
836 2391 982 2422 operatur,
995 2391 1020 2413 ct
1040 2384 1142 2413 resilire
1155 2384 1219 2412 facit
1244 2393 1288 2412 eos
1298 2383 1397 2421 quibus
1412 2383 1533 2413 offertur.
1552 2383 1615 2411 Haec
1630 2382 1700 2411 circa
1713 2392 1815 2421 aegrum

248 2429 328 2458 ctiam
339 2430 437 2458 medici
450 2431 571 2470 primum
581 2430 699 2465 student,
707 2436 836 2468 quatenus
851 2438 954 2469 possint
966 2442 1065 2471 aegrum
1075 2432 1160 2460 facere
1167 2431 1310 2460 sectionem
1321 2430 1506 2469 aequanimiter
1515 2430 1643 2467 tolerare;
1653 2436 1678 2458 et
1684 2436 1814 2468 quantum

251 2482 360 2513 possunt
369 2475 561 2515 leniteragunt,
573 2483 598 2504 et
608 2475 805 2514 aliquantulum
821 2477 1013 2514 requiescentes
1025 2487 1127 2515 aegrum
1137 2477 1239 2505 faciunt
1248 2476 1370 2506 recreari.
1382 2476 1427 2505 Sic
1440 2475 1511 2504 enim
1520 2481 1623 2514 oportet
1636 2474 1815 2513 correptiones

251 2522 363 2556 efficere,
373 2530 401 2550 ut
413 2530 438 2551 et
449 2523 494 2561 qui
505 2523 688 2563 corripiuntur
699 2533 749 2552 non
761 2523 894 2552 resiliant:
904 2534 935 2552 ac
944 2525 966 2552 si
974 2535 1017 2552 eos
1026 2524 1149 2563 injuriari
1161 2524 1309 2564 proveniat,
1318 2535 1349 2552 ac
1357 2524 1378 2552 si
1389 2522 1502 2563 percuti,
1510 2532 1564 2551 non
1574 2522 1671 2550 debent
1684 2522 1815 2551 abhorre-

253 2579 287 2595 re.
296 2569 444 2598 Enimvero
456 2571 497 2598 illi
507 2571 553 2609 qui
562 2578 693 2608 secantur,
703 2571 831 2600 adversus
842 2582 884 2600 eos
893 2582 906 2600 a
923 2571 1021 2610 quibus
1033 2579 1163 2609 secantur,
1174 2572 1259 2600 multa
1268 2570 1481 2607 reelamant55cd
1492 2569 1609 2598 illinihil
1620 2569 1814 2609 impediuntur,

254 2615 299 2644 scd
310 2621 414 2645 tantum
426 2619 610 2656 a*g1*otantium
630 2618 771 2647 consulunt
783 2618 916 2657 sospitati:
927 2618 964 2661 sic
975 2618 1053 2648 ctiam
1066 2618 1108 2647 hic
1122 2625 1214 2647 cuncta
1227 2617 1342 2658 gerenda
1354 2624 1424 2647 sunt.
1440 2616 1538 2646 Omnia
1550 2626 1664 2655 namque
1675 2616 1722 2655 qui
1733 2617 1813 2646 corri-
