1886 2846
453 192 484 213 tx
515 192 620 214 El'lS'l'.

60 251 161 291 στήσῄ,
178 253 223 282 καὶ
244 251 356 291 κελεύσῃ
372 252 445 281 κάτω
462 253 618 291 προσέχειν,
635 252 679 280 καὶ
695 252 736 287 ἴδῃ
760 251 830 289 Dii-(2

59 301 122 337 γιῶν
139 299 185 327 καὶ
200 298 388 353 Ορρυὲούμενον
401 311 446 327 και
462 300 566 328 σκοτοδι
569 311 590 326 ν·
587 301 646 334 ῶν,
662 301 675 314 ¹*
684 297 831 336 λαέόμενος

47 346 138 374 αὐτου
152 346 264 383 κατάγει
279 345 387 373 πάλιι
376 345 420 373 επὶ
441 345 470 374 τὸ
491 357 557 373 ταπε
547 357 690 384 .ινοτερον,
707 343 831 384 παρέχων

61 392 240 420 ἀναπνεῦσαι·
265 393 323 418 εἶτα
347 389 374 418 ὅ
362 402 409 419 -αν
435 390 619 426 ἀνακτήσῃ-,αι
646 391 726 426 αὐτὸ,
752 390 832 418 πάλιν

62 435 170 477 ἀνοίγει,
189 436 234 465 καὶ
249 435 304 464 ἀ)
307 449 328 464 ιν
345 436 471 474 κατάγει·
487 436 554 465 οὕτω
570 436 600 471 δὴ
618 448 662 464 και
675 438 689 464 ὁ
705 435 834 475 ἰακάριος

63 483 169 513 Παῦλος
182 481 289 518 ἐποίησε
301 482 346 510 καὶ
361 482 404 511 ἐπὶ
417 484 468 511 τῶν
478 481 612 521 Ἑὸραίων
628 482 672 510 καὶ
687 483 834 520 πανταχοῦ,

63 527 138 567 παρὰ
153 531 200 557 τοῦ
215 527 344 556 gnezni>
345 539 373 556 ου
386 531 462 581 τοῦτο
474 527 575 565 μαθών.
591 527 644 556 Καὶ
659 527 710 590 γὰρ
727 539 770 555 και
789 529 836 554 αὗ-

64 574 108 606 τὸς
123 573 170 602 οὔτ
161 586 206 607 ως
219 573 341 609 ετοίησε,
358 585 408 602 ποτ
410 572 420 602 ὲ
437 573 484 611 μὲν
501 572 631 611 ἀνάγωνε
621 574 657 605 ῖς
672 573 749 612 ὕψος,
771 572 834 601 ποτὲ

65 619 93 648 δὲ
110 619 233 658 κατάγων
253 631 313 652 τους
337 619 485 682 ἀκρρατὰς,
499 630 545 648 και
559 619 605 646 οὐκ
627 619 673 657 ἀφε
665 631 700 651 ις
723 617 835 648 ἐπιπολὺ

65 664 135 694 κατὰ
149 665 179 694 τὸ
194 664 256 694 αυτὸ
269 664 421 703 αεγχρονίζε
411 676 457 692 ιν.
473 663 546 703 Ὅρα
558 667 618 702 γοῦν
634 665 681 692 αὐτ
684 665 710 693 ὀν
731 676 775 692 και
791 675 834 693 ν-·-

66 713 161 746 ταῧθα,
176 711 210 738 δι’
224 710 292 739 ὅσων
315 709 409 741 αὐτοὺς
431 709 572 748 ἀναγαγὼν
596 709 773 747 ἀναῧαῡμῶν,
790 708 836 737 καὶ

65 756 130 795 πρὸς
156 755 238 790 αὐτὴν
265 755 364 790 στήσας
392 755 439 790 τὴν
467 756 584 795 κορυφὴν
612 759 659 791 τῆς
687 755 836 790 εὖσεέἷείας,

64 800 126 840 πρὶν
140 801 287 839 ἰλιγγιᾶσαι
301 800 346 829 καὶ
362 801 512 841 σκοτοδινιᾷ
528 803 641 838 ἁλῶναι,
657 803 712 835 πῶς
727 802 837 839 κατάγει

66 845 144 875 πάλιν
171 845 264 879 αὐτοὺς
288 845 455 887 κατώτερον,
483 848 528 876 καὶ
551 848 635 881 διδοὺς
659 851 837 882 ἀναπνεῦσαι,

66 892 159 931 φησὶν,
187 892 335 928 Ἐλάλησεν
359 895 423 931 ἡμῖν
447 895 474 922 ἐν
498 895 573 933 Υἱῷ·
595 895 640 922 καὶ
665 895 761 930 πάλιν,
786 893 838 923 *ον

66 939 144 974 ἔθηκε
166 938 329 977 κληρονόμον
343 939 459 967 πάντων.
479 940 520 969 Τὸ
542 940 592 979 γὰρ
610 944 655 969 τοῦ
670 941 734 969 riou
754 940 838 977 ὄνομα

67 984 132 1017 τέως
150 984 245 1013 κοινόν.
265 984 350 1013 Ἔνθα
371 984 419 1022 μὲν
435 984 486 1023 γὰρ
502 986 532 1013 ἂν
547 985 654 1023 γνήσιος
678 987 837 1019 ὑπονοῆται,

67 1030 173 1059 πάντων
189 1030 259 1059 ἐστὶν
275 1030 404 1068 ἀνώτερος
417 1042 423 1047 ·
438 1030 504 1062 τέως
527 1030 554 1058 δὲ
573 1030 644 1062 ὅπως
656 1029 686 1058 ἂν
702 1026 734 1068 ᾗ,
756 1041 839 1058 κατα-

68 1076 208 1109 σκευάζει
200 1076 291 1104 Λοιπὸν
304 1076 350 1104 καὶ
360 1076 490 1105 δείκνυσιν
505 1075 546 1104 ὅτι
560 1076 660 1104 ἄνωθέν
675 1077 754 1104 ἐστιν.
766 1075 840 1114 ”Ορα

65 1121 92 1151 δὲ
113 1121 159 1150 καὶ
183 1123 239 1153 πῶς
265 1123 370 1160 πρῶτον
395 1121 442 1150 ἐπι
463 1122 508 1150 τὸν
530 1122 714 1161 ταπεινότερον
738 1121 838 1160 βαθμὸν

63 1168 154 1203 ἵστησι
180 1167 280 1206 λέγων,
295 1166 348 1197 Ὃν
369 1166 446 1203 ἔθηκε
469 1167 634 1207 κληρονόμον
651 1167 780 1196 πάντων·
808 1167 838 1196 τὸ

64 1212 130 1252 γὰρ,
154 1212 325 1252 Κληρονόμον
348 1213 440 1249 ἔθηκε,
468 1213 610 1242 ταπεινόν·
640 1216 698 1242 εἶτα
726 1213 770 1242 ἐπὶ
794 1213 838 1242 τὸν

64 1258 212 1298 ἀνώτερον,
229 1259 388 1298 ἐπαγαγὼν,
402 1262 444 1288 Δι’
460 1262 489 1288 οὑ
505 1271 550 1288 και
564 1259 624 1292 του
640 1260 736 1292 αἰῶνας
751 1259 839 1295 ἐποίη-

66 1317 130 1336 σεν·
145 1309 202 1334 εἶτα
217 1305 261 1335 ε’.-“·.
275 1306 318 1335 τὸν
333 1306 509 1346 ὑρηὶότερον,
524 1306 570 1334 καὶ
585 1308 643 1344 μεθ’
659 1306 686 1335 ὃν
701 1307 749 1335 οὐκ
768 1305 839 1335 ἔστιν

67 1351 172 1391 ἕτερος·
184 1351 265 1384 ὃΟες
250 1364 285 1380 ou
304 1352 469 1390 ἀπαυγασμα
482 1354 529 1387 τῆς
543 1352 628 1388 δόξης,
639 1351 684 1381 καὶ
697 1351 840 1391 χαρακτὴρ

66 1399 113 1433 τῆς
131 1397 300 1431 ὑποστάσεως
322 1400 412 1427 αὐτοῦ.
431 1397 536 1431 Ὄντως
557 1399 593 1431 εἷς
618 1398 762 1439 ἀπρόσιτον
787 1399 842 1436 φῶς

66 1443 179 1482 ἤγαγεν,
194 1445 230 1477 εἰς
246 1444 310 1473 αὐτὸ
330 1445 360 1474 τὸ
386 1444 561 1483 ἀπαύγασμα.
577 1445 630 1473 Καὶ
651 1444 712 1483 πρὶν
734 1444 752 1479 ἢ
779 1455 841 1473 exo-

65 1492 197 1526 τωθῆναι,
210 1489 258 1529 ὅρα
272 1491 330 1523 πῶς
344 1490 423 1519 πάλιν
440 1490 528 1530 ἠρέμα
543 1491 655 1529 κατάγει
667 1490 750 1530 λέγων
761 1513 768 1527 ,
784 1491 840 1520 Φέ-

69 1547 119 1575 ρων
134 1547 163 1565 τε
184 1535 218 1565 τὰ
233 1536 321 1565 πάντα
339 1538 377 1576 τῷ
399 1537 499 1576 ῥήματι
523 1539 570 1572 τῆς
591 1537 727 1575 δυνάμεως
744 1537 839 1572 αὐτοῦ,

102 1633 114 1644 “
132 1633 179 1665 [Α.
193 1634 219 1657 B.
234 1633 356 1659 Commel.
371 1640 396 1658 et
409 1642 488 1667 marg.
502 1634 578 1659 Saxil.
596 1634 788 1667 ).:<p4-'w;',um;.]

651 192 708 213 AD.
737 190 820 213 illinit
830 188 905 211 Eos.

935 188 1012 210 CAP.
1043 189 1065 210 1.
1095 188 1212 210 nomi„
1244 188 1266 209 1.
1589 189 1622 210 tt

885 259 959 277 mum
977 248 1116 277 advertere
1127 271 1135 285 ‚
1150 248 1303 286 videritque
1317 248 1495 287 caligantem,
1516 256 1628 277 contur-

884 295 978 324 batum
1002 301 1028 323 et
1053 294 1248 323 circumfusum
1264 294 1399 332 tenebris,
1415 304 1477 323 eum
1495 295 1628 334 accipiens

884 340 960 370 ducit
986 340 1098 369 inferius
1109 363 1118 379 ,
1141 340 1289 370 concedens
1316 347 1346 369 ut
1375 340 1506 380 respiret;
1529 339 1629 369 deinde

887 393 1026 426 postquam
1048 387 1138 426 ipsum
1163 386 1309 422 recrearit,
1330 396 1424 414 rursus
1444 385 1584 422 sustollit,
1605 393 1629 414 ct

886 443 979 462 rursus
987 432 1114 461 deorsum
1129 432 1204 461 ducit
1218 444 1224 460 :
1240 432 1276 461 ita
1286 431 1367 461 etiam
1380 432 1441 461 fecit
1454 432 1547 461 beatus
1559 432 1629 460 Pau-

887 478 946 516 lus,
963 484 988 506 et
1003 478 1029 506 in
1042 478 1162 507 Hebraeis
1177 485 1202 506 ct
1218 477 1335 516 ubique,
1348 478 1434 516 utqui
1448 477 1499 506 hoc
1513 488 1528 505 a
1543 478 1631 515 Magi-

889 530 942 552 stro
956 523 1091 553 didicerit.
1106 523 1215 552 Etenim
1235 523 1292 563 ipse
1306 534 1412 562 quoquc
1427 523 1466 552 sic
1481 523 1544 552 fecit
1557 535 1563 550 :
1581 523 1631 551 ali-

889 570 995 608 quando
1007 569 1116 608 quidem
1131 570 1158 599 in
1173 570 1259 599 altum
1274 570 1403 605 sustulit,
1419 569 1565 608 aliquando
1579 580 1630 598 au-

889 625 941 647 tem
956 618 1026 647 infra
1039 617 1148 647 demisit
1158 617 1308 653 auditores,
1324 628 1376 646 non
1386 617 1475 646 sinens
1490 625 1520 646 ut
1531 617 1579 646 diu
1589 628 1630 646 co-

890 665 950 693 dem
965 664 993 693 in
1003 670 1073 693 statu
1090 671 1267 693 morarentur.
1283 663 1354 694 Vide
1368 674 1432 703 ergo
1445 663 1490 692 hic
1504 674 1611 702 quoque
1622 686 1630 699 ,

891 717 1032 750 postquam
1052 710 1124 749 ipsos
1139 709 1166 738 in
1181 709 1266 738 altum
1280 708 1418 738 eduxisset
1440 708 1572 748 gradibus
1582 731 1591 746 ‚
1607 716 1632 738 ct

891 757 1023 785 statuisset
1037 756 1064 785 in
1083 756 1141 795 ipso
1163 755 1263 785 vertice
1282 755 1404 795 pietatis,
1416 755 1574 795 priusquam
1589 766 1633 784 ca-

890 803 1003 841 ligarent
1017 808 1043 830 et
1057 801 1185 840 gravibus
1210 801 1365 830 circumfusi
1389 808 1474 830 essent
1497 802 1631 836 tenebris,

891 849 1026 887 quomodo
1040 859 1084 877 eos
1107 858 1200 876 rursus
1216 847 1327 876 deducit
1346 847 1458 876 inferius
1470 870 1478 884 ‚
1499 854 1526 877 et
1543 858 1636 877 conce-

892 896 957 925 dens
970 903 1000 924 ut
1010 894 1171 934 respirarent
1183 916 1189 930 ‚
1201 893 1279 932 dicit,
1292 894 1443 933 Loquutus
1454 900 1496 922 est
1508 895 1591 923 nobis
1603 896 1634 922 ιἰι

892 942 971 970 Filio
979 954 990 975 ,-
1003 947 1029 969 et
1041 951 1143 976 rursus,
1158 941 1247 978 Quem
1260 941 1410 968 constituit
1424 940 1559 968 heredem
1571 942 1635 968 uni-

894 997 1049 1016 versorum.
1064 987 1167 1014 Nomen
1179 985 1251 1014 enim
1266 985 1330 1014 Filii
1344 985 1452 1014 interim
1462 992 1501 1014 est
1513 996 1636 1015 commu-

892 1043 934 1060 ne.
948 1032 1003 1061 Ubi
1017 1031 1089 1060 cnim
1112 1031 1262 1059 intellectus
1282 1031 1364 1060 suerit
1380 1032 1507 1071 proprius
1531 1039 1555 1060 et
1575 1042 1637 1071 ger—

892 1088 1005 1113 manus,
1022 1083 1061 1105 est
1082 1076 1204 1115 superior
1227 1077 1360 1105 universis
1374 1088 1380 1104 z
1398 1077 1507 1106 iuterim
1526 1084 1633 1113 autem,

891 1122 1144 1162 quomodocumque
1160 1122 1214 1157 sit,
1231 1121 1348 1150 adstruit
1358 1122 1432 1160 quod
1448 1123 1482 1151 sit
1493 1134 1507 1152 e
1522 1124 1636 1163 superis.

894 1169 965 1200 Vide
978 1175 1068 1198 autem
1079 1168 1148 1197 utin
1162 1167 1308 1196 humiliore
1319 1167 1406 1206 gradu
1421 1169 1510 1207 primo
1525 1177 1637 1208 statuat,

895 1217 987 1253 Quem
995 1217 1155 1250 constituit,
1163 1214 1264 1249 dicens,
1273 1215 1409 1243 heredem
1417 1217 1470 1242 uni
1473 1225 1636 1250 versorum,-

893 1364 956 1393 gens
969 1366 975 1381 :
989 1354 1049 1382 Per
1060 1363 1146 1392 quem
1159 1353 1232 1390 fecit
1244 1359 1272 1381 et
1288 1352 1400 1381 soecula
1412 1364 1420 1379 :
1438 1351 1536 1381 deinde
1550 1352 1578 1381 in
1592 1353 1639 1382 al—

893 1398 968 1436 tiori,
988 1404 1014 1426 et
1029 1404 1088 1437 post
1103 1407 1184 1435 quem
1206 1407 1259 1425 non
1273 1403 1312 1425 est
1330 1396 1420 1425 alius:
1439 1397 1496 1435 Qui
1517 1407 1582 1426 eum
1597 1399 1635 1426 sit

895 1445 1033 1484 splendor
1045 1444 1147 1483 gloria>
1161 1449 1187 1471 et
1194 1443 1298 1483 figura
1312 1444 1486 1471 substantiae
1501 1445 1573 1482 ejus.
1589 1444 1641 1472 Re-

894 1501 958 1520 vera
982 1489 1063 1518 duxit
1084 1489 1119 1518 ad
1133 1489 1220 1517 lucem
1243 1488 1478 1526 inaccessibilem,
1496 1488 1531 1517 ad
1552 1489 1642 1528 ipsum

896 1535 1074 1576 splendorem.
1087 1534 1124 1563 Et
1134 1534 1292 1574 priusquam
1305 1534 1421 1563 tenebrae
1429 1533 1566 1571 accedant,
1578 1534 1642 1563 vide

917 1642 926 1653 π
946 1635 1002 1658 Huc
1016 1633 1108 1658 desinit
1124 1632 1227 1657 homilia
1238 1633 1320 1665 prima
1335 1632 1360 1656 iu
1379 1631 1473 1657 Codice
1485 1632 1642 1659 ColbertinO.

1680 1215 1761 1235 Paulus

870 1282 876 1289 ,
892 1261 962 1290 illud
988 1261 1068 1298 enim,
1092 1261 1251 1290 Constituit
1277 1261 1435 1298 heredem,
1460 1267 1499 1290 est
1520 1261 1634 1290 humile.
1649 1246 1792 1298 (ifssfflni

894 1307 1015 1336 Deinde
1008 1318 1036 1336 1n
1047 1306 1180 1346 supeiiori
1191 1306 1277 1345 gradu
1286 1316 1348 1335 eum
1361 1306 1513 1343 constituit,
1529 1307 1638 1346 subjun
1650 1310 1759 1338 loquitur.

494 1733 669 1762 uUTIANO
692 1732 946 1762 SCHOLASTICO
969 1732 1224 1762 INTERPRETE.

75 1826 147 1856 tibus
161 1837 191 1855 ac
206 1826 400 1855 defectionibus
413 1827 538 1865 fatigari,
550 1827 648 1856 iterum
659 1839 721 1858 eum
733 1828 768 1858 ad
786 1829 932 1857 humiliora
947 1828 1082 1868 deponat,
1097 1838 1151 1866 quo
1171 1827 1301 1867 respirare
1316 1828 1403 1856 valeat
1426 1834 1508 1865 atque
1521 1827 1643 1855 animum

70 1883 201 1911 recreare3
227 1873 325 1902 deinde
348 1884 410 1902 cum
432 1874 545 1902 resectus
569 1875 650 1903 suerit
664 1897 673 1910 ,
698 1885 761 1904 eum
784 1876 884 1904 iterum
905 1876 942 1904 ad
965 1876 1105 1915 superiora
1125 1875 1263 1910 sustollat,
1288 1881 1313 1903 et
1337 1874 1436 1903 iterum
1460 1873 1495 1902 ad
1519 1873 1644 1902 iuferiora

70 1927 175 1950 revocet
196 1932 202 1948 ε
220 1920 257 1949 ita
281 1927 307 1949 et
331 1920 400 1949 circa
418 1920 546 1950 Hebraeos
568 1921 663 1950 beatus
684 1922 798 1951 faciebat
818 1923 955 1961 apostolus
972 1934 978 1951 :
1000 1930 1026 1952 et
1047 1923 1086 1952 sic
1108 1933 1171 1951 eum
1192 1922 1292 1961 ubique
1316 1921 1431 1961 reperies
1458 1921 1584 1960 Magistri
1603 1921 1644 1949 sui

72 1967 100 1995 in
125 1966 246 1996 docendo
273 1967 384 2006 vestigia
410 1975 623 2006 consequentem.
650 1969 719 1997 Nam
741 1976 766 1998 et
787 1969 846 2008 ipse
867 1969 906 1997 sic
926 1969 1040 1998 faciebat
1063 1982 1069 1998 ι
1089 1969 1236 2007 aliquando
1255 1968 1369 2007 quidem
1389 1968 1416 1996 in
1439 1967 1535 1996 altiora
1561 1967 1644 1996 disci-

72 2013 151 2053 pulos
165 2024 226 2043 suos
240 2014 399 2043 sublevabat
408 2026 416 2052 ;
433 2014 579 2053 aliquando
595 2023 686 2045 autem
701 2026 745 2044 eos
765 2016 799 2044 ad
816 2016 943 2044 inferiora
958 2015 1153 2044 imbecillitatis
1164 2026 1258 2044 eorum
1274 2015 1359 2054 gratia
1368 2015 1521 2048 revocabat,
1541 2024 1643 2051 nequa-

73 2071 154 2098 quam
183 2071 226 2090 eos
254 2061 361 2101 prolixo
383 2068 503 2100 tempore
523 2062 551 2090 in
579 2062 661 2091 altera
689 2073 844 2102 permanere
869 2070 944 2102 parte
961 2062 1128 2101 permittens.
1156 2061 1192 2089 Et
1213 2061 1394 2100 contemplare
1415 2060 1514 2088 iterum
1534 2059 1644 2098 sapien-

71 2105 138 2134 tiam
152 2106 246 2143 Pauli,
260 2117 307 2146 per
328 2107 420 2145 quales
435 2117 478 2136 eos
498 2107 580 2136 etiam
600 2108 724 2137 sublevat
739 2107 856 2147 gradus,
872 2115 897 2136 et
910 2108 1026 2146 qualiter
1049 2117 1092 2136 eos
1110 2107 1145 2135 ad
1160 2107 1249 2146 ipsum
1269 2105 1374 2145 apicem
1390 2105 1497 2145 pietatis
1511 2104 1624 2134 adducit
1638 2117 1644 2132 :

72 2152 120 2181 ubi
134 2153 197 2182 item
206 2176 214 2190 ‚
228 2160 371 2192 antequam
384 2153 529 2183 deficerent
537 2162 562 2184 et
572 2165 616 2184 eos
631 2155 780 2184 obscuritas
799 2162 956 2195 occuparet,
968 2154 1032 2184 vide
1049 2153 1184 2193 quomodo
1194 2164 1238 2183 eos
1248 2153 1284 2182 ad
1295 2152 1422 2182 inferiora
1431 2151 1580 2189 revocavit,
1591 2162 1645 2190 quo

74 2207 178 2238 possent
190 2200 333 2240 paululum
344 2201 464 2230 recreari.
477 2203 629 2241 Loquutus
639 2209 692 2237 est,
705 2202 805 2241 inquit,
823 2204 905 2231 nobis
920 2204 952 2230 in
963 2202 1044 2230 Filio
1059 2211 1111 2230 suo
1123 2213 1130 2228 :
1146 2211 1231 2241 quem
1242 2203 1339 2240 posuit
1352 2199 1486 2228 heredem
1499 2200 1642 2227 omnium.

74 2245 137 2274 Filii
157 2247 258 2286 quippe
277 2258 373 2278 nomen
395 2258 536 2277 commune
549 2255 597 2278 est.
612 2249 668 2278 Ubi
682 2249 755 2278 enim
769 2250 896 2289 proprius
919 2248 1080 2288 intelligitur
1106 2248 1209 2285 Filius,
1228 2246 1350 2287 superior
1365 2252 1404 2275 cst
1423 2252 1449 2275 et
1470 2245 1646 2274 excellentior

75 2291 210 2321 universis
224 2303 231 2329 ς
246 2292 293 2321 sed
303 2293 420 2331 interim,
433 2294 637 2334 quomodolibet
645 2306 673 2324 se
685 2295 782 2323 habeat
790 2317 799 2332 ,
814 2294 933 2323 adstruit
950 2294 1078 2332 quoniam
1097 2293 1240 2322 desursum
1254 2298 1303 2321 est.
1322 2292 1356 2321 Et
1370 2290 1432 2321 vide
1445 2289 1581 2329 quomodo
1595 2289 1646 2318 hoc

75 2337 149 2366 dicat
163 2349 169 2365 :
189 2338 280 2376 Quem
293 2342 390 2378 posuit
405 2341 539 2369 heredem
554 2342 694 2369 omnium.
709 2339 793 2375 Quod
808 2338 881 2368 dixit
895 2361 902 2375 ,
918 2340 1063 2368 Heredem
1078 2341 1194 2378 posuit,
1212 2336 1376 2366 humilitatis
1391 2335 1557 2364 demonstrat
1569 2334 1645 2362 indi-

75 2384 157 2413 cium.
181 2383 286 2413 Deinde
309 2384 343 2414 ad
361 2386 526 2425 superiorem
553 2386 670 2426 gradum
681 2386 858 2424 altioremque
872 2385 1055 2414 transcendit:
1076 2387 1137 2414 Per
1152 2394 1253 2423 quem,
1270 2382 1374 2421 inquit,
1389 2388 1416 2410 ει
1435 2380 1544 2410 soecula
1563 2380 1644 2419 fecit.

76 2431 181 2460 Deinde
196 2431 231 2460 ad
249 2431 424 2462 excelsiorem
435 2434 561 2464 omnibus
575 2434 666 2471 venit,
681 2440 741 2473 post
754 2443 835 2472 quem
846 2433 970 2462 altiorem
983 2433 1099 2462 alterum
1113 2432 1229 2472 gradum
1244 2430 1312 2459 inire
1323 2439 1375 2459 non
1388 2427 1474 2469 possis
1489 2439 1496 2455 ε
1515 2427 1572 2466 Qui
1586 2434 1644 2464 est,

76 2478 180 2517 inquit,
198 2479 337 2518 splendor
348 2480 450 2520 gloriae
458 2503 468 2519 ,
484 2488 513 2511 et
528 2483 685 2511 character
695 2482 868 2511 substantiae
882 2482 955 2520 ejus,
975 2481 1080 2511 Verum
1094 2480 1120 2509 in
1136 2480 1225 2519 ipsum
1239 2488 1284 2507 eos
1298 2475 1482 2506 inaccessibile
1495 2474 1584 2503 lumen
1600 2473 1645 2502 in-

81 2525 176 2564 duxit,
188 2527 249 2557 etin
264 2527 354 2567 ipsum
366 2528 537 2568 splendorem
552 2529 689 2560 immensae
698 2539 863 2568 summaeque
877 2529 1025 2559 claritatis:
1044 2535 1069 2558 et
1084 2535 1226 2566 antequam
1240 2537 1284 2557 eos
1299 2524 1448 2556 obscuritas
1460 2523 1516 2553 ulla
1531 2523 1646 2562 compri-

1459 2581 1486 2608 9.
