1906 2846
94 657 190 683 hunsl„
206 655 227 684 ,3

88 688 110 707 5,

93 761 111 774 ι.
132 754 183 773 Cur.
206 760 217 767 -

90 791 125 812 29,

89 891 173 911 Jliauh.
195 890 229 911 13.

87 928 125 943 20.

87 979 155 998 suun.
193 985 228 1006 tf.

92 1014 124 1028 ιι.

87 1065 172 1091 ,1.ι.4.
187 1063 225 1086 32.

86 1205 136 1225 Ast.
153 1211 186 1226 12.
202 1204 214 1226 5

246 172 310 206 :alio
582 183 610 205 S.
639 183 743 205 somn
751 182 777 204 is
804 181 983 203 cuursosr.

242 245 369 273 animam.
381 244 490 272 Fidelis
501 246 575 270 enim
584 248 624 270 est
633 244 683 279 qui
690 243 831 279 promisit.
843 240 978 275 Quidnam

242 300 305 317 vcro
327 289 481 328 promittens
503 294 543 315 est
565 286 651 314 tidelis
666 287 679 314 ἶ)
704 285 785 320 Quod
806 286 861 314 illic
876 292 979 324 oportet

242 335 378 365 decedere.
399 341 424 361 ct
444 343 553 371 regnum
575 332 681 360 intrare.
704 331 779 360 Nihil
797 341 859 369 ergo
877 331 979 359 curiose

242 387 368 413 scrutare,
391 389 474 415 neque
495 378 609 405 rationes
627 377 723 415 exige:
740 387 781 404 res
793 383 888 405 nostrae
903 383 978 415 egent

243 425 301 452 lide.
316 425 361 452 24.
380 425 418 452 Ee
441 423 673 459 consideremus,
691 421 787 459 inquit,
807 424 930 451 invicem
947 425 978 450 in

238 471 470 507 provocationem
487 469 618 496 caritatis
641 474 667 495 et
687 469 826 495 bonorurn
847 477 977 506 operum,

240 516 287 543 25.
306 525 364 542 non
375 515 536 543 deserentes
551 514 757 542 collectionem
770 519 910 551 nostram,
921 516 978 542 sic-

241 568 271 588 ut
287 561 503 588 consuetudinis
515 566 557 587 est
572 560 755 598 quibusdam,
765 560 816 587 sed
824 559 978 587 consolan-

242 613 292 639 tes,
303 613 329 634 et
342 612 423 633 tanto
436 605 538 642 magis,
553 610 663 642 quanto
678 604 811 632 videritis
824 606 977 642 appropin-

242 658 378 690 quantem
392 651 476 677 diem.
497 649 532 678 Et
546 660 637 677 rursus
651 649 716 677 alibi
732 649 798 677 dicit
814 660 820 676 s
834 650 977 678 Dominus

239 708 326 736 prope
338 704 379 725 est
391 708 399 722 :
417 696 491 723 nihil
505 696 625 724 solliciti
636 697 708 724 sitis.
724 696 812 723 Nunc
824 698 901 724 enim
910 706 978 734 pro-

223 746 375 783 .pinqui0r
388 750 428 771 est
450 750 549 771 nostra
563 743 644 771 salus
654 755 664 776 ;
688 749 712 770 et
732 753 834 778 rursus,
856 743 978 780 Tempus

241 792 324 818 breve
337 796 388 817 cst.
404 788 478 823 Quid
492 795 529 816 est
540 810 547 821 ,
560 789 627 816 Non
641 789 803 817 deserentes
818 798 978 827 congrega-

241 837 347 862 tionem
364 840 492 862 nostram
506 836 518 861 Ρ
532 833 615 862 Novit
626 843 659 861 ex
673 840 803 862 conventu
826 840 850 862 et
864 844 897 862 ex
915 844 979 862 con-

241 878 393 917 gregatione
413 878 525 906 multam
547 888 602 906 esse
626 877 689 906 vim.
720 879 774 906 Ubi
792 879 868 905 enim
892 885 977 913 sunt,

241 923 338 961 inquit,
351 924 407 951 duo
420 930 470 951 aut
487 930 542 951 tres
557 925 725 962 congregati
736 925 767 950 in
778 925 894 951 nornine
904 934 978 960 meo,

241 969 302 997 illic
322 979 384 997 sum
403 971 434 996 in
454 969 548 997 medio
566 979 664 997 eorum
673 981 684 1002 ;
706 975 731 996 et
745 979 848 1005 rursus,
870 970 907 997 Ut
921 971 979 998 sint

241 1025 340 1049 unum,
365 1021 395 1043 ut
424 1021 451 1043 et
475 1025 526 1043 nos
555 1025 644 1043 unum
670 1025 769 1043 suynus
780 1028 791 1048 ;
821 1022 846 1043 et
872 1015 977 1052 iterum,

241 1062 376 1089 Omnium
387 1067 449 1089 erat
459 1062 561 1088 anima
571 1070 640 1095 una,
654 1067 680 1088 et
690 1071 740 1089 cor
750 1071 848 1089 unum.
859 1062 917 1089 Non
928 1061 978 1089 hoc

238 1113 325 1134 autem
340 1106 438 1141 solum,
453 1105 499 1134 sed
510 1105 590 1133 etiam
601 1105 673 1144 quod
686 1113 815 1143 augeatur
825 1106 920 1134 caritas
930 1117 978 1145 per

237 1151 468 1190 congregationem
488 1162 494 1178 z
515 1151 537 1179 si
556 1158 684 1189 augeatur
703 1158 791 1179 autem
806 1151 911 1185 caritas,
932 1162 976 1180 ne-

220 1220 225 1225 .
236 1208 306 1226 cesse
314 1204 352 1226 est
363 1204 391 1225 ut
403 1197 483 1226 etiam
494 1203 706 1235 augeanturquae
718 1204 779 1225 sunt
790 1197 853 1235 Dei,
865 1198 975 1233 Oratio,

236 1243 333 1281 inquit,
341 1244 437 1282 fiebat
452 1245 513 1271 sine
525 1244 737 1271 intermissione
751 1254 768 1271 n
782 1244 899 1281 populo.
919 1244 977 1272 Sic-

236 1296 266 1317 ut
288 1289 503 1317 consuetudinis
526 1295 567 1317 est
589 1289 774 1326 quibusdam.
794 1289 844 1317 Hic
864 1299 916 1317 non
934 1299 975 1317 so-

236 1335 291 1362 lum
307 1341 344 1362 cst
361 1334 492 1368 hortatus,
510 1333 555 1361 sed
566 1334 645 1361 etiam
663 1333 840 1372 reprehendit.
853 1335 893 1362 Et
905 1345 975 1362 con-

235 1381 393 1408 sideremus
408 1381 530 1407 invicem
545 1381 575 1406 in
587 1381 823 1417 provocationem
841 1381 974 1407 caritatis

235 1432 262 1453 ct
286 1427 426 1453 bonorum
443 1435 568 1462 operum.
585 1424 666 1452 Novit
681 1424 731 1452 hoc
744 1435 850 1462 quoque
868 1424 925 1452 ficri
940 1424 974 1452 ab

234 1482 327 1499 eorum
343 1470 553 1507 congregatione.
570 1469 645 1498 Sicut
662 1470 733 1498 enim
752 1470 852 1498 ferrum
873 1471 974 1499 serrum

235 1516 306 1544 acuit
317 1538 324 1552 ‚
338 1516 373 1544 ita
387 1515 467 1543 ctiam
480 1522 627 1544 conventus
641 1522 720 1553 auget
737 1515 885 1545 caritatem.
904 1517 973 1545 Nam

236 1562 256 1589 si
273 1561 340 1600 lapis
355 1560 439 1600 lapidi
455 1560 562 1589 attritus
577 1560 665 1599 ignem
680 1561 787 1595 emittit,
804 1569 903 1599 quanto
917 1573 973 1590 ma-

236 1607 275 1644 gis
293 1607 382 1634 anima
399 1606 494 1634 animae
510 1606 655 1634 admixta?
671 1606 752 1644 Vide,
770 1618 823 1635 non
837 1607 913 1644 dicit,
930 1608 973 1637 Ad

235 1651 439 1687 aemulationem,
451 1650 506 1687 sed,
520 1651 550 1679 Α
553 1652 573 1679 d
583 1654 818 1690 provocationem
829 1655 972 1683 caritatis.

1014 180 1168 202 Attenuat).

1198 179 1260 202 CON
1266 179 1464 204 STAN'rllx'ot’.

1033 241 1211 277 κατανοῶμεν,
1223 239 1310 278 φησὶν,
1325 241 1451 275 ἀλλήλους
1463 242 1498 272 εἷς
1513 242 1678 280 παροξυσμὸν
1690 244 1793 281 ἀγάπης

1033 285 1077 314 καὶ
1101 286 1188 313 καλῶν
1203 285 1294 324 ἔργων,
1309 286 1345 322 μὴ
1368 285 1598 324 ἐγκαταλείποντες
1609 288 1656 323 τὴν
1672 291 1794 318 ἐπισυνα-

1033 330 1120 369 γωγὴν
1136 332 1243 365 ἑαυτῶν,
1258 330 1344 363 καθὼς
1358 330 1413 363 ἔθος
1428 331 1505 366 τισὶν,
1522 332 1589 360 ἀλλὰ
1609 335 1794 371 παρακαλοῦν·

1032 388 1092 409 τες·
1114 376 1159 404 καὶ
1180 375 1294 415 τοσούτῳ
1310 377 1419 413 μᾶλλον,
1441 377 1493 416 ὅσῳ
1518 377 1626 415 βλέπετε
1646 379 1795 416 ἐγγίζουσαν

1032 422 1079 457 τὴν
1097 422 1208 461 ἡμέραν.
1228 422 1281 451 Καὶ
1302 422 1380 450 πάλιν
1404 422 1524 460 ἑτέρωθι,
1540 423 1573 452 ‘O
1588 423 1683 462 Κύριος
1706 424 1795 462 ἐγγὺς,

1033 468 1113 505 μηδὲν
1129 473 1282 507 μεριμνᾶτε.
1305 469 1358 497 Νῦν
1373 467 1424 506 γὰρ
1443 468 1577 508 ἐγγύτερον
1589 471 1665 507 ἡμῶν
1679 472 1695 504 ἡ
1711 481 1795 505 σωτη-

1033 513 1076 552 ρία
1085 524 1091 529 ·
1105 514 1149 542 καὶ
1160 514 1249 549 πάλιν,
1260 513 1293 543 Ὁ
1306 513 1396 552 καιρὸς
1410 513 1615 551 συνεσταλμένος
1629 515 1683 544 ἐστὶ
1694 515 1793 544 λοιπόν.

1031 559 1066 588 Τί
1089 561 1158 595 ἔστι,
1185 559 1230 594 Μὴ
1261 559 1492 598 ἐγκαταλείποντες
1519 559 1567 594 τὴν
1594 561 1794 600 ἐπισυναγωγὴν

1032 607 1129 633 ἑαυτῶν
1140 617 1147 639 ;
1160 600 1237 632 Οἶδεν
1248 604 1299 633 ἀπὸ
1309 606 1356 638 τῆς
1367 604 1501 637 συνουσίας
1513 605 1558 633 καὶ
1571 607 1618 639 τ’ῆς
1633 607 1794 644 ἐπισυναγω-

1030 653 1077 689 γῆς
1097 650 1196 686 πολλὴν
1217 646 1296 679 οὖσαν
1317 649 1364 684 τὴν
1381 650 1464 688 ἰσχύν.
1479 650 1569 679 “Onon
1586 651 1636 689 γάρ
1649 653 1699 679 εἰσι
1719 651 1763 680 δύο
1776 651 1793 686 ἢ

1030 701 1110 735 τρεῖς,
1126 696 1189 734 φησὶ
1200 718 1207 731 ,
1229 694 1386 733 συνηγμένοι
1406 697 1442 727 εἰς
1452 696 1482 724 τὸ
1495 695 1577 733 ὄνομα
1592 707 1652 734 μου,
1665 697 1718 724 ἐκεῖ
1738 698 1793 734 εἶμι

1030 743 1056 769 ἓν
1073 741 1144 780 μέσῳ
1159 742 1244 769 αὐτῶν
1257 752 1263 757 ·
1279 740 1324 768 καὶ
1341 740 1430 776 πάλιν,
1445 740 1502 769 Ἵνα
1521 736 1583 770 ὦσιν
1600 741 1636 776 ἓν,
1651 741 1737 774 καθὼς
1749 742 1795 770 καὶ

1031 789 1107 825 ἡμεῖς
1119 787 1144 815 ἓν
1157 788 1237 824 ἐσμεν
1247 798 1252 803 ·
1270 786 1313 814 καὶ
1328 786 1418 821 πάλιν,
1433 786 1545 815 Πάντων
1562 782 1593 821 ἦν
1608 789 1624 820 ἡ
1640 787 1734 825 καρδία
1749 788 1794 816 καὶ

1032 836 1048 868 ἡ
1063 833 1134 872 ψυχὴ
1151 832 1209 870 μία.
1223 834 1263 861 Οὐ
1279 832 1322 860 διὰ
1341 836 1416 861 τοῦτο
1428 832 1454 861 δὲ
1468 832 1555 869 μόνον,
1573 833 1630 860 ἀλλ’
1647 833 1736 868 ἐπειδὴ
1749 833 1796 862 καὶ

1032 879 1065 907 τὰ
1074 880 1121 912 τῆς
1132 878 1236 916 ἀγάπης
1250 877 1387 909 αὐξάνεται
1403 877 1446 906 διὰ
1456 879 1503 911 τῆς
1516 879 1715 916 ἐπισυναγωγῆς
1727 890 1733 895 ·
1747 880 1795 912 τῆς

1033 924 1059 953 δὲ
1081 923 1185 962 ἀγάπης
1205 922 1396 960 αὐξανομένης,
1420 923 1521 960 ἀνάγκη
1544 923 1588 951 καὶ
1612 923 1645 952 τὰ
1664 925 1709 951 τοῦ
1725 925 1795 953 Θεοῦ

1031 971 1151 999 ἕπεσθαι.
1163 969 1302 1009 Προσευχὴ
1314 968 1340 998 δὲ
1351 964 1393 1004 ἦν,
1403 968 1491 1007 φησὶν,
1503 968 1608 1004 ἓκτενὴς
1618 968 1668 997 ὑπὸ
1677 971 1720 997 τοῦ
1731 969 1797 998 λαοῦ

1030 1015 1163 1052 γινομένη.
1175 1014 1268 1046 Καθὼς
1281 1015 1335 1046 ἔθος
1348 1014 1425 1042 τισίν.
1436 1014 1565 1042 ἘνταῦΟα
1581 1016 1610 1042 οὐ
1622 1014 1698 1052 μόνον
1711 1015 1796 1054 παρῄ-

1029 1072 1111 1096 νεσεν,
1128 1060 1195 1089 ἀλλὰ
1216 1060 1259 1088 καὶ
1275 1060 1424 1098 ἐμέμψατο.
1445 1060 1497 1088 Καὶ
1512 1062 1691 1097 κατανοῶμεν,
1707 1061 1795 1098 φησὶν,

1030 1107 1157 1141 ἀλλήλους
1181 1107 1215 1138 εἷς
1233 1105 1399 1144 παροξυσμὸν
1422 1105 1525 1143 ἀγάπης
1543 1105 1587 1133 καὶ
1601 1106 1688 1133 καλῶν
1701 1105 1793 1144 ἔργων.

1004 1167 1011 1175 ι
1029 1147 1092 1180 Οἵδε
1107 1152 1150 1180 καὶ
1165 1155 1239 1180 τοῦτο
1253 1151 1387 1190 γινόμενον
1403 1151 1454 1179 ἀπὸ
1468 1153 1514 1185 τῆς
1529 1151 1727 1189 ἐπισυναγωγῆς
1745 1152 1792 1179 αὐ-

1029 1199 1089 1226 τῶν.
1105 1198 1231 1236 Καθάπερ
1246 1197 1296 1235 γὰρ
1313 1196 1416 1234 σίδηρος
1432 1196 1535 1234 σίδηρον
1550 1196 1631 1228 ὀξύνει
1643 1217 1649 1229 ,
1663 1196 1730 1225 οὕτω
1748 1198 1793 1225 καὶ

1028 1247 1044 1278 ἡ
1060 1243 1182 1271 συνουσία
1197 1243 1243 1277 τὴν
1262 1242 1366 1281 ἀγάπην
1383 1241 1463 1274 αὔξει.
1477 1242 1510 1269 Εἰ
1525 1241 1574 1279 γὰρ
1593 1241 1663 1273 λίθος
1677 1241 1741 1280 πρὸς
1754 1242 1794 1269 ’Λί-

1029 1293 1071 1317 Οον
1085 1289 1238 1328 τριὸόμενος
1250 1290 1302 1325 πῦρ
1317 1287 1425 1326 ἀφίησι,
1442 1286 1516 1324 πόσῳ
1532 1287 1631 1324 μᾶλλον
1646 1286 1717 1325 ψυχὴ
1731 1287 1795 1326 πρὸς

1027 1334 1114 1373 ψυχὴν
1138 1332 1350 1371 ἀναμιγνυμένη;
1369 1331 1456 1370 “Ὀρα·
1479 1333 1525 1360 οὐκ
1549 1333 1584 1364 εἷς
1607 1333 1683 1367 ζῆλον
1706 1332 1794 1370 φησὶν,

1028 1381 1103 1413 ἀλλ’,
1127 1380 1172 1411 Εἷς
1194 1377 1361 1418 παροξυσμὸν
1387 1377 1500 1416 ἀγάπης.
1521 1378 1557 1406 Τι’
1571 1379 1653 1413 ἔστιν,
1677 1379 1724 1410 Εἷς
1743 1390 1795 1407 πα·

1029 1425 1154 1464 ροξυσμὸν
1171 1424 1293 1463 ἀγάπης;
1313 1425 1358 1455 Εἷς
1377 1423 1407 1451 τὸ
1428 1424 1527 1460 μᾶλλον
1549 1425 1654 1462 ἀγαπᾷν
1667 1424 1712 1452 καὶ
1727 1425 1794 1462 ἀγα-

1027 1474 1136 1499 macoma.
1160 1470 1322 1509 Προστίθησι
1347 1469 1391 1503 δὲ,
1417 1469 1470 1498 Καὶ
1497 1470 1583 1497 καλῶν
1602 1469 1696 1508 ἔργων,
1726 1469 1794 1498 ὥστε

1027 1518 1103 1552 ζῆλον
1133 1516 1222 1545 λαὲἷεὶν
1234 1528 1240 1533 ·
1268 1515 1382 1547 εἰκότως.
1411 1516 1444 1543 Ei
1472 1514 1523 1553 γὰρ
1545 1515 1575 1543 τὸ
1602 1519 1696 1551 ποιεῖν,
1715 1515 1793 1554 φησὶ,

1027 1565 1071 1591 τοῦ
1085 1563 1168 1600 λέγειν
1184 1563 1289 1599 μείζονα
1304 1561 1351 1596 τὴν
1363 1560 1437 1599 ἰσχὺν
1453 1560 1508 1599 ἔχει
1525 1561 1589 1600 πρὸς
1604 1560 1774 1590 διδασκαλίαν
1787 1573 1792 1578 ·

1026 1608 1138 1641 πολλοὺς
1159 1608 1233 1646 ἔχετε
1256 1608 1301 1636 καὶ
1317 1610 1390 1645 ὑμεῖς
1411 1607 1583 1639 διδασκάλους
1606 1608 1632 1635 ἐν
1647 1609 1684 1645 τῷ
1699 1607 1792 1642 πλήθει

1027 1654 1069 1683 διὰ
1082 1656 1132 1682 τῶν
1143 1653 1225 1692 ἔργων
1240 1656 1316 1681 τοῦτο
1329 1655 1476 1685 ποιοῦντας.
1492 1652 1527 1681 Τί
1543 1654 1612 1688 ἐστι,
1628 1651 1792 1691 Προσερχώ-

655 1760 828 1789 MUTIANO
850 1761 1105 1792 SCHOLASTICO
1127 1759 1379 1790 INTERPRETE.

235 1870 264 1888 co
280 1859 345 1887 dicit
358 1859 525 1898 :baptismus
549 1860 620 1888 enim
642 1870 784 1899 corporum
801 1861 941 1890 mundatio
955 1872 1006 1890 non
1021 1869 1076 1897 est,
1090 1861 1135 1890 scd
1151 1861 1256 1889 animae.
1275 1860 1386 1889 Fidelis
1399 1862 1475 1887 enlm
1491 1865 1531 1887 est
1550 1861 1601 1898 qui
1615 1860 1786 1897 repromisit,

235 1906 359 1943 quoniam
374 1912 475 1944 oportet
491 1905 528 1934 ire
543 1905 624 1941 illuc,
642 1906 740 1934 intrare
754 1906 780 1934 in
796 1917 916 1945 regnum.
927 1907 1001 1935 Nihil
1018 1908 1099 1945 igitur
1116 1907 1251 1944 scruteris,
1268 1916 1353 1944 neque
1377 1905 1491 1933 rationes
1514 1912 1621 1944 expetas
1633 1917 1639 1933 :
1651 1905 1706 1933 fide
1724 1916 1792 1944 opus

235 1954 332 1981 habent
346 1960 440 1981 nostrie
454 1963 548 1981 causae.
560 1955 599 1982 Et
611 1954 821 1992 intelligamus,
834 1955 933 1992 inquit,
947 1957 1069 1983 invicem
1082 1956 1123 1983 ad
1131 1955 1367 1993 provocationem
1385 1954 1519 1981 caritatis
1531 1959 1558 1980 et
1574 1954 1712 1981 honorum
1728 1963 1791 1991 ope-

235 2011 307 2035 rum,
325 2011 384 2028 non
398 2000 630 2038 derelinquentes
648 2003 901 2039 congregationem
916 2008 1045 2030 nostram
1056 2024 1063 2038 ,
1074 2003 1149 2030 sicut
1163 2001 1341 2030 consuetudo
1357 2006 1397 2028 est
1413 1999 1604 2038 quibusdam,
1618 2000 1670 2028 sed
1683 2000 1791 2027 exhor—

236 2052 340 2080 tantes,
354 2052 381 2073 et
392 2051 474 2072 tanto
489 2047 592 2083 magis,
604 2051 714 2083 quanto
726 2046 833 2074 videtis
845 2049 1127 2086 appropinquantem
1140 2048 1225 2077 diem.
1238 2046 1273 2074 Et
1285 2046 1382 2074 iterum
1396 2044 1461 2072 alibi
1475 2043 1542 2075 dicit
1555 2055 1562 2071 ι
1576 2045 1793 2083 Dominuspro-

234 2104 269 2129 pe
282 2099 336 2129 est,
347 2093 423 2120 nihil
434 2092 554 2120 solliciti
565 2094 638 2120 sitis.
654 2094 741 2121 Nunc
754 2100 851 2122 autem
862 2097 1052 2134 propinquior
1062 2101 1104 2123 est
1117 2096 1199 2123 nobis
1210 2094 1299 2122 salus.
1313 2094 1433 2131 Tempus
1443 2093 1507 2130 jam
1522 2093 1723 2120 abbreviatum
1737 2098 1789 2120 est.

236 2140 310 2174 Quid
324 2146 376 2175 est,
389 2141 456 2168 Non
471 2139 702 2178 derelinquentes
717 2144 969 2180 congregationem
988 2148 1118 2170 nostram
1128 2145 1140 2169 ἓ
1153 2141 1209 2170 Scit
1223 2151 1256 2169 ex
1268 2147 1337 2169 coetu
1348 2146 1374 2168 et
1388 2138 1592 2177 congregatione
1607 2139 1720 2167 multam
1738 2149 1793 2168 esse

236 2186 430 2215 fortitudinem.
448 2188 504 2215 Ubi
520 2189 596 2215 enim
606 2187 719 2225 fuerint
732 2189 800 2225 duo,
813 2189 864 2217 vel
878 2196 934 2218 tres
943 2211 950 2224 ,
963 2189 1064 2227 inquit,
1073 2191 1240 2228 congregati
1255 2190 1286 2216 in
1300 2189 1415 2216 nominc
1435 2197 1497 2214 meo
1507 2210 1514 2222 ⁷
1527 2188 1567 2214 ibi
1582 2197 1646 2215 sum
1658 2188 1689 2214 in
1701 2188 1794 2216 medio

236 2243 332 2261 eorum
343 2245 353 2266 ,·
364 2240 388 2261 et
400 2233 508 2268 iterum,
528 2234 565 2261 Ut
579 2235 637 2261 sint
653 2243 753 2270 unum,
767 2237 841 2263 sicut
861 2242 888 2264 et
910 2246 980 2269 nos;
995 2243 1019 2264 et
1038 2235 1145 2270 iterum,
1162 2237 1297 2264 Omnium
1312 2240 1375 2261 erat
1396 2243 1446 2261 cor
1460 2243 1548 2261 unum
1565 2239 1591 2261 et
1607 2235 1708 2261 anima
1723 2243 1791 2262 una.

238 2280 294 2307 Non
311 2287 399 2308 autem
411 2280 462 2308 hoc
473 2280 570 2316 solum,
581 2279 627 2308 scd
640 2280 703 2318 quia
715 2280 795 2309 etiam
811 2282 907 2310 caritas
928 2283 1134 2311 incrementatur
1148 2293 1195 2322 per
1211 2280 1442 2320 congregationem
1456 2292 1461 2306 τ
1477 2280 1587 2308 caritem
1601 2287 1690 2308 autem
1707 2280 1794 2309 incre-

237 2332 378 2354 mentatam
390 2336 493 2354 necesse
506 2332 545 2354 est
558 2325 636 2354 etiam
651 2337 710 2364 quoe
727 2327 775 2354 Dei
791 2334 853 2355 sunt
868 2329 1003 2366 consequi.
1023 2330 1126 2357 Oratio
1141 2335 1253 2362 autem,
1267 2326 1375 2364 inquit,
1392 2328 1538 2354 intentata
1561 2327 1668 2365 populo
1686 2326 1790 2364 fiebat.

235 2372 396 2400 Secundum
407 2374 486 2411 quod
498 2373 674 2401 consuetudo
688 2379 729 2402 est
744 2375 928 2412 quibusdam.
943 2375 972 2403 In
989 2375 1038 2403 hoc
1049 2375 1106 2404 loco
1122 2385 1172 2404 non
1189 2374 1274 2403 solum
1287 2373 1443 2410 admonuit,
1453 2372 1501 2401 sed
1510 2373 1589 2401 etiam
1599 2372 1730 2411 culpavit.
1743 2373 1793 2400 In-

238 2419 400 2456 telligamus
410 2443 417 2456 ,
428 2420 515 2458 inquit
524 2442 530 2454 ‚
544 2422 667 2449 invicem
682 2421 722 2448 acl
733 2423 969 2458 provocationem
983 2425 1129 2458 caritatis,
1142 2429 1168 2451 et
1186 2424 1325 2450 bonorum
1338 2431 1464 2459 operum.
1478 2420 1534 2448 Scit
1548 2420 1629 2448 etiam
1646 2419 1696 2447 hoc
1709 2419 1793 2447 solere

238 2464 294 2491 lieri
310 2475 341 2491 ex
350 2466 560 2503 congregatione.
572 2467 648 2494 Sicut
660 2467 729 2495 enim
741 2467 841 2495 serrum
856 2467 930 2496 aliud
942 2468 1043 2497 serrum
1060 2469 1149 2497 reddit
1162 2475 1282 2504 acutum,
1296 2468 1333 2496 sic
1345 2467 1423 2496 etiam
1437 2473 1519 2495 coctus
1534 2465 1651 2494 caritatis
1666 2465 1727 2493 facit
1743 2475 1792 2493 au-

238 2518 382 2545 gmentum.
399 2512 478 2551 Lapis
493 2514 525 2541 ad
543 2514 661 2552 lapidem
684 2515 812 2543 contritus
829 2514 916 2553 ignem
933 2515 1029 2543 emittit
1044 2528 1048 2543 :
1062 2522 1162 2553 quanto
1178 2515 1262 2553 magis
1277 2515 1364 2543 anima
1380 2514 1474 2542 anima:
1489 2513 1633 2541 commixta
1643 2513 1656 2540 ἶ)
1664 2513 1720 2542 Sed
1733 2523 1791 2541 non

238 2559 278 2585 ad
288 2558 496 2587 oenmlativnem
509 2582 515 2591 ,
529 2560 612 2598 inquit
625 2583 631 2596 ,
647 2562 698 2589 sed
710 2562 750 2590 ad
769 2564 1001 2598 prswocationem
1015 2564 1156 2591 caritatis.
1170 2561 1240 2597 Quid
1259 2569 1306 2596 est,
1326 2561 1374 2589 nlrl
1384 2562 1619 2598 provocationem
1634 2561 1766 2588 caritatis
1779 2563 1791 2587 .’“’
