1906 2846
450 180 482 202 {N
508 180 614 202 EPIST-

97 246 163 280 μεῡα
183 242 249 280 μετὰ
264 242 389 276 ἀληθινῆς
403 241 529 279 καρδίπ;;

96 289 220 328 κρίσεως·
233 288 304 317 Οὐαὶ
315 287 366 326 γὰρ
378 286 475 325 καρδίᾳ
489 287 576 325 δειλῇ,
589 287 635 315 καὶ
648 287 725 325 χερσὶ
737 286 866 325 παρειμέ-

96 346 161 366 ναις.
183 333 276 368 Μηδὲν
296 333 379 368 ἔστω,
393 333 473 371 φησὶ,
486 334 579 371 ψεῦδος
601 334 626 361 ἐν
642 334 719 370 ὑμῖν·
731 332 775 371 ,μὴ
791 332 867 371 ἔτερα

99 380 146 418 μὲν
157 379 287 418 λέγωμεν,
300 378 378 418 ἕτερα
393 379 419 407 δὲ
434 381 569 417 φρονῶμεν
579 390 584 396 ·
605 382 681 408 τοῦτο
693 378 744 417 γὰρ
758 379 851 417 ψεῦδος
861 390 866 395 ’

99 425 166 464 μηδὲ
176 427 376 464 ὄλιγοῲυγιῶμεν
387 437 393 442 ·
403 428 478 453 τοῦτο
489 425 540 463 γὰρ
552 427 597 453 οὐκ
609 426 733 459 ἀληθινῆς
743 423 852 463 καρδίας
861 434 867 438 ·

100 471 152 500 ἀπὸ
174 471 225 509 γὰρ
246 473 292 499 τοῦ
311 470 348 508 μὴ

100 518 163 550 Πῶς
182 516 208 545 δὲ
224 528 270 545 εστ
271 528 298 544 αι
318 518 412 551 τοῦτο;
426 516 491 545 Ἐὰν
506 516 751 555 πληροφορῆσωμεν
764 515 870 548 ἑαυτους

373 470 504 499 πιστεύειν
523 470 553 498 τὸ
573 471 740 509 ὀλιγοψυχεῖν
759 470 868 508 γίνεται.

100 562 143 591 διὰ
154 565 202 597 τῆς
214 562 337 594 πίστεως.
350 561 477 600 Ερραντι
479 573 570 599 σμενοι
585 562 631 594 τὰς
645 561 764 600 καρδίας.
778 561 830 589 Διὰ
844 560 870 588 τί

102 607 140 646 μὴ
157 609 232 642 εἰπε,
246 607 398 645 κεκαθαρζυζ
399 619 453 641 νοι,
467 607 567 643 ἀλλὰ,
571 607 797 660 1Ξρριιντισμενοι;
812 606 870 640 Τὴν

100 653 226 692 διαφορὰν
239 655 292 682 τῶν
303 655 462 693 περιρραντη
468 654 528 693 ρί()ν
543 653 624 686 δεῖξαι
637 654 792 691 βουλόμενος
801 675 808 688 ,
824 652 869 680 καὶ

646 180 690 201 ΑΙ)
719 180 803 202 mint(
812 179 873 202 J{¹205
881 193 887 200 .

917 178 994 201 car.
1024 178 1059 200 x.
1086 178 1202 200 noun..
1232 164 1324 200 xurs
1597 166 1657 200 201

541 241 671 269 Τουτέστι
681 263 688 275 ,
704 240 786 280 χωρὶς
802 241 865 268 ὑπο-
884 243 903 265 D
923 239 998 275 Quid
1009 245 1057 275 est,
1069 239 1123 267 Ad
1131 240 1370 278 provocationem
1384 240 1519 267 caritatis
1534 241 1546 266 ‚³
1560 239 1598 268 Ut
1610 250 1665 267 nia-

923 285 964 324 gis
980 285 1096 324 diligant
1116 291 1141 313 et
1160 284 1317 323 diligantur.
1344 283 1437 319 Addit,
1460 285 1501 312 Et
1526 285 1663 313 bonorum

923 342 1051 370 operum,
1062 338 1091 359 ut
1099 330 1204 370 capiant
1215 330 1411 359 emulationem
1422 342 1430 366 ;
1440 330 1545 359 merito.
1555 331 1585 359 Si
1595 331 1665 359 enim

923 377 1008 405 facere
1027 376 1156 415 majorem
1175 375 1233 404 vim
1249 375 1331 404 habet
1352 375 1387 404 ad
1405 375 1566 411 docendum,
1585 387 1666 414 quani

923 423 1013 451 dicere
1034 435 1040 451 ε
1061 422 1160 451 multos
1179 432 1228 450 vos
1247 432 1354 460 quoque
1374 422 1479 450 habetis
1496 422 1618 451 doctores
1639 423 1665 451 in

924 468 1097 497 multitudine
1115 468 1167 497 hoc
1188 468 1313 497 facientes
1330 479 1378 507 per
1398 479 1488 508 opera,
1513 469 1587 503 Quid
1610 475 1663 503 cst,

926 515 1111 543 Accedamus
1125 524 1190 543 cum
1205 525 1276 542 vero
1291 514 1398 542 corde.
1395 517 1406 533 ²
1423 514 1480 543 Hoc
1498 521 1546 549 est,
1564 515 1666 552 absque

924 560 1063 599 hypocrisi
1078 566 1104 588 et
1116 559 1293 588 simulatione.
1312 560 1361 587 Vae
1375 559 1458 595 euim,
1473 559 1570 597 inquit,
1584 561 1666 588 cordi
1678 561 1702 581 Ε
1705 559 1818 589 -·1'i-²-¹i-

925 606 1037 641 tzmido,
1049 612 1077 634 et
1091 606 1227 634 manibus
1241 605 1402 634 dissolutis.
1415 582 1541 641 Ntillum,
1557 605 1664 643 inquit

924 652 958 680 sit
968 652 995 680 in
1010 652 1088 680 nobis
1100 650 1269 680 mendacium
1284 663 1290 678 :
1302 661 1334 680 ne
1345 651 1399 680 alia
1414 650 1522 690 quidem
1535 651 1666 687 dicamus,

99 699 140 728 ὅτι
160 698 191 727 τὸ
213 699 261 737 μὲν
277 702 323 728 τοῦ
349 700 419 728 Θεοῦ
431 721 438 734 ,
454 699 484 727 τὸ
505 699 532 727 δὲ
547 699 684 738 ἡμέτερον.
699 699 740 728 Τὸ
754 698 801 736 μὲν
818 698 869 736 γὰρ
880 724 914 742 ¹33
925 697 977 726 alia
996 708 1060 727 vero
1078 697 1238 733 sentiamns;
1255 697 1307 726 hoc
1322 704 1360 725 cst
1377 697 1447 725 enim
1465 697 1633 726 mendacium
1658 710 1663 724 :

98 746 191 774 λοῦσαι
205 745 251 774 καὶ
263 747 420 784 περιῤῥᾶναι
434 745 482 780 τὴν
501 745 656 781 συνείδησιν,
670 748 715 774 τιῧ
732 746 802 774 Θεοῦ
815 756 821 762 ·
839 744 870 772 τὸ
888 752 908 774 A
925 753 1008 782 neque
1024 743 1108 772 simus
1123 742 1216 782 pusilli
1230 742 1312 771 animi
1325 753 1333 779 ;
1347 742 1398 770 hoc
1409 742 1479 771 enim
1492 752 1545 771 non
1559 749 1597 771 est
1608 744 1664 771 veri

100 790 126 819 δὲ
142 790 210 828 μετὰ
224 791 348 826 ἀληθείας
359 792 511 829 προσελθεῖν
533 791 578 819 καὶ
597 792 623 819 ἐν
639 791 805 831 πληροφορίᾳ
826 790 869 819 πί-

100 848 197 872 στεως,
212 837 351 875 ἡμέτερον.
367 832 435 865 Εἶτα
456 837 501 865 καὶ
518 839 550 875 τῇ
567 837 655 866 πίστει
675 838 779 866 δίδωσιν
796 836 868 875 ἰσχὺν

99 883 152 911 ἀπὸ
167 885 214 917 τῆς
225 882 316 917 <ik-ro&
295 895 348 914 ‘mc
367 887 413 912 τοῦ
427 883 662 921 επαγγειλαμένου.
675 883 737 912 Ti?
726 895 797 918 εστι,
816 882 869 911 Καὶ

98 929 252 966 λελουμένοι
267 928 297 957 τὸ
311 930 391 966 σῶμα
405 928 480 957 ὕδατι
496 931 619 968 καθαρῳς
631 929 712 975 ζΗτοι
728 941 765 956 τω
782 930 868 956 καθα-

100 985 158 1012 ρους
171 977 287 1003 ποιοῦντι
299 974 368 1012 λεγει
369 997 377 1010 ,
387 973 404 1009 ἢ
418 986 455 1013 τι.)
465 974 502 1011 μὴ
514 974 590 1012 ἔχοντ
581 987 601 1002 ι
616 977 692 1011 αἱμα.
707 958 775 1002 litia
787 985 868 1011 προσ-

98 1019 186 1054 τίθησι
200 1031 229 1047 το
248 1019 358 1052 τέλειον,
374 1019 422 1054 τὴν
437 1019 552 1057 ἀγάπην.
570 1019 616 1054 Μὴ
634 1020 868 1058 ἐγκαταλείποντες

98 1064 145 1100 τὴν
160 1064 370 1102 ἐπισυναγωγὴν,
383 1064 471 1103 φησὶν,
484 1066 584 1092 ἑαυτῶν
594 1074 600 1079 ·
613 1065 677 1103 ὅπερ
691 1064 774 1100 τινὲς,
789 1064 866 1104 φησὶ,

97 1112 212 1145 ποιοῦσι,
229 1109 274 1137 καὶ
287 1109 334 1141 τὰς
355 1109 477 1142 συνόδους
492 1109 658 1147 διατέμνουσι
668 1120 674 1126 ·
690 1114 767 1139 τοῦτο
781 1112 867 1143 αὐτοῖς

97 1154 268 1194 ἀπαγορεύει.
284 1154 405 1194 Ἀδελφὸς
418 1154 469 1194 γὰρ
482 1156 532 1184 ὑπὸ
547 1157 659 1195 ἀδελφοῦ
677 1157 866 1195 βοηθούμενος,

97 1203 133 1234 ὡς
144 1201 220 1234 πόλις
235 1201 329 1259 ὀχυροί.
345 1201 424 1230 Αλλὰ
440 1204 612 1240 κατανοῶμεν
627 1203 756 1238 ἀλλήλους
768 1205 804 1236 εἷς
816 1215 868 1232 πα-

99 1247 226 1287 ροξυσμὸν
246 1247 360 1285 ἀγάπης.
381 1248 417 1276 Τί
438 1249 512 1284 ἔστι,
527 1250 707 1287 Κατανοῶμεν
721 1250 849 1285 ἀλλ’ίλους
839 1261 868 1285 ;

925 791 1011 820 cordis
1023 803 1029 818 :
1044 802 1079 820 ex
1092 790 1279 819 incredulitate
1293 790 1410 819 efficitur
1421 789 1504 818 animi
1521 790 1665 830 pusillitas.

925 838 1069 873 Quomodo
1083 844 1172 865 autem
1184 836 1235 864 hoc
1249 836 1317 864 erit?
1334 836 1364 865 Si
1381 836 1458 864 nobis
1470 842 1541 865 certo
1552 847 1666 875 persua—

924 882 1035 911 deamus
1045 893 1093 922 per
1102 882 1193 911 fidem.
1205 883 1329 921 Aspersi
1343 883 1442 911 corda.
1455 883 1510 911 Cur
1521 893 1574 911 non
1585 882 1666 917 dixit,

923 928 1060 963 Mundati‚
1075 928 1135 963 sed,
1154 928 1279 966 Aspersi
1294 931 1307 955 ?
1323 928 1424 957 Yolens
1436 928 1574 957 ostendere
1587 927 1667 957 disse-

923 973 1033 1001 rentiam
1054 984 1146 1001 eorum
1165 984 1225 1011 quze
1239 981 1394 1012 aspergunt,
1415 981 1441 1002 et
1460 974 1533 1012 quod
1552 975 1666 1003 alterum

922 1018 957 1047 sit
971 1019 1033 1055 Dei,
1048 1019 1163 1047 alterum
1174 1026 1307 1049 nostrum.
1324 1019 1440 1048 ,abluere
1451 1020 1520 1048 enim
1534 1020 1667 1049 conscien-

923 1064 987 1093 tiam
999 1070 1024 1092 et
1037 1074 1184 1103 aspergere,
1196 1071 1234 1092 est
1248 1064 1299 1092 Dei
1310 1075 1318 1100 3
1331 1064 1358 1092 in
1371 1065 1482 1093 veritate
1493 1072 1581 1094 autem
1592 1075 1666 1094 acce-

921 1111 985 1140 dere
1004 1118 1030 1140 et
1049 1121 1110 1139 cum
1126 1110 1203 1149 plena
1216 1121 1264 1150 per
1278 1110 1361 1139 fidem
1375 1112 1553 1150 persuasione,
1565 1120 1603 1141 est
1619 1123 1666 1141 no-

921 1165 1017 1188 strum.
1032 1157 1138 1187 Deinde
1149 1158 1229 1186 etiam
1239 1157 1304 1186 fidei
1315 1157 1362 1186 dat
1373 1158 1501 1187 virtutem
1510 1170 1544 1188 ex
1555 1160 1666 1189 veritate

921 1205 979 1244 ejus
986 1204 1032 1243 qui
1041 1204 1174 1244 promisit.
1186 1203 1262 1240 Quid
1268 1211 1316 1240 est,
1325 1205 1365 1232 Et
1373 1205 1469 1233 abluti
1477 1215 1578 1244 corpus
1588 1217 1667 1245 aqua

922 1252 1033 1280 munda
1044 1254 1057 1279 P
1073 1254 1129 1280 Aut
1148 1261 1207 1289 quae
1221 1250 1337 1279 mundos
1351 1251 1447 1287 efficit,
1459 1251 1535 1286 dicit,
1549 1259 1596 1280 aut
1609 1263 1668 1290 quae

98 1289 173 1328 Οἶον,
198 1293 285 1326 εἴτις
297 1293 432 1350 ἐνάρετος,
446 1297 536 1322 τοῦτον
553 1294 713 1333 μιμώμεθα,
729 1296 868 1334 βλέπωμεν
885 1298 905 1323 Β
922 1308 974 1327 non
988 1297 1070 1326 habet
1089 1297 1256 1336 sanguinem.
1278 1296 1383 1325 Deinde
1401 1297 1479 1325 addit
1498 1296 1526 1326 id
1541 1297 1615 1335 quod
1629 1304 1668 1326 est

100 1341 135 1371 Εἷς
146 1338 233 1374 αὐῖῦν,
249 1338 317 1367 (ucri
330 1341 436 1378 ἀγαπᾷν
451 1351 495 1368 και
509 1341 677 1378 ἀγαπᾶσθαι·
693 1342 745 1371 ἀπ’)
756 1354 807 1381 γαῦ
821 1344 869 1376 τῆς

921 1342 1081 1382 perfectum,
1091 1352 1186 1381 nempe
1195 1341 1340 1370 caritatem.
1353 1341 1422 1369 Non
1433 1342 1598 1370 deserentes
1608 1342 1669 1370 col-

923 1387 1076 1415 lectionem
1085 1392 1224 1415 nostram.
1236 1385 1318 1421 Quod
1328 1385 1440 1424 quidam
1449 1386 1561 1421 faciunt,
1571 1385 1667 1424 inquit,

924 1438 948 1460 et
967 1430 1093 1459 scindunt
1115 1437 1263 1459 conventus
1282 1442 1288 1458 :
1310 1430 1362 1459 hoc
1379 1430 1434 1459 illis
1455 1437 1538 1459 vetat.
1558 1432 1668 1459 Frater

923 1476 1001 1504 enirn
1019 1475 1146 1513 asratre
1162 1476 1292 1514 adjutus,
1307 1482 1350 1504 est
1364 1478 1439 1504 sicut
1454 1477 1522 1504 urbs
1538 1478 1663 1504 munita.

923 1520 980 1549 Sed
996 1520 1210 1548 consideremus
1229 1522 1352 1549 invicem
1376 1522 1407 1548 in
1428 1522 1665 1559 provocationem

923 1565 1070 1592 caritatis.
1085 1562 1160 1599 Quid
1175 1571 1231 1600 est,
1243 1565 1464 1593 Consideremus
1476 1566 1601 1592 invicem
1613 1567 1626 1591 ?
1637 1564 1665 1593 Si

924 1608 983 1645 quis
995 1608 1030 1635 sit
1043 1607 1144 1637 virtute
1157 1608 1296 1646 praeditus,
1315 1620 1376 1638 enm
1394 1608 1531 1637 imitemur
1542 1620 1550 1645 ς
1563 1615 1665 1648 specte-

924 1662 983 1680 mus
1001 1651 1028 1679 in
1046 1662 1118 1686 eum,
1133 1659 1163 1679 ut
1181 1651 1328 1690 diligamus
1343 1660 1368 1682 et
1383 1653 1531 1691 diligamur
1548 1665 1555 1679 :
1576 1663 1638 1680 nam
1650 1662 1665 1680 a

923 1695 1033 1725 caritate
1044 1695 1113 1723 fiunt
1125 1695 1196 1724 bona
1207 1706 1295 1735 opera.

100 1385 206 1424 ἀγάπης
218 1384 250 1413 τὰ
266 1385 335 1413 καλὰ
350 1385 415 1423 ἔργα
424 1385 548 1424 γίνονται.

520 1787 693 1816 MUTIANO
714 1786 970 1816 SCHOLASTICO
991 1787 1244 1816 INTERPRETE.

99 1865 135 1895 Et
149 1866 266 1906 amplius
287 1866 400 1905 diligere
415 1872 440 1894 et
460 1866 549 1905 diligi.
571 1868 612 1895 Et
627 1868 767 1895 bonorum
783 1877 899 1905 operum
913 1877 922 1894 .-
943 1873 972 1895 ut
986 1866 1012 1895 in
1030 1865 1080 1895 hoc
1095 1865 1212 1895 habeant
1225 1866 1432 1896 aemulationem.
1445 1868 1475 1896 Si
1490 1868 1561 1897 enim
1578 1869 1664 1898 facere

99 1924 182 1952 quam
197 1913 286 1942 dicere
301 1913 410 1953 majoris
425 1914 533 1943 virtutis
548 1921 595 1949 est,
611 1921 741 1952 quantum
755 1913 790 1942 ad
808 1914 958 1943 doctrinam
974 1914 1099 1954 pertinet,
1114 1914 1213 1942 multos
1226 1913 1332 1942 habetis
1346 1914 1427 1943 etiam
1438 1925 1486 1943 vos
1501 1915 1623 1945 doctores
1636 1917 1664 1945 in

102 1967 191 1990 vestra
208 1961 380 1990 multitudine
392 1971 440 2000 per
456 1971 534 2000 opera
548 1961 605 2000 ipsa
624 1961 675 1989 hoc
694 1960 826 1990 facientes.
843 1961 920 1996 Quid
935 1967 984 1995 est,
995 1961 1282 1989 Animadvertamus
1296 1971 1361 1989 cum
1375 1964 1478 1990 ‘veraci
1491 1963 1598 1991 corde?
1608 1963 1665 1992 Hoc

101 2014 151 2043 est,
163 2007 220 2037 sine
228 2008 406 2037 simulatione.
420 2009 469 2037 1²ae
482 2011 569 2045 enim,
579 2008 677 2047 inquit,
690 2009 792 2037 timido
807 2009 898 2043 cordi,
910 2016 936 2037 et
950 2010 1085 2037 manibus
1093 2008 1252 2037 dissolutis.
1265 2008 1342 2037 Nihil
1356 2008 1402 2045 sit,
1418 2009 1516 2047 inquit,
1527 2009 1624 2039 salsum
1637 2010 1664 2039 in

102 2053 180 2082 nobis
193 2065 199 2080 :
217 2063 270 2082 non
287 2053 340 2082 alia
355 2053 465 2092 quidem
479 2054 612 2091 dicamus,
625 2055 678 2083 alia
695 2065 759 2083 vero
774 2055 920 2093 cogitemus
929 2066 937 2091 3
948 2055 999 2083 hoc
1013 2054 1084 2083 enim
1099 2053 1269 2083 mendacium
1283 2061 1321 2083 est
1333 2065 1434 2093 :neque
1448 2056 1533 2085 simus
1548 2056 1664 2095 pusilla-

101 2100 200 2137 nimes;
213 2100 266 2129 hoc
276 2100 356 2129 etiam
370 2108 408 2130 est
419 2111 471 2130 non
483 2101 635 2130 vericordcs
648 2102 690 2140 [s.
704 2101 760 2130 veri
773 2101 879 2139 cordis]
893 2112 898 2128 :
913 2112 965 2130 non
979 2100 1111 2130 credendo
1123 2101 1194 2130 enim
1209 2101 1419 2140 pusillanimitas
1432 2102 1559 2131 efficitur.
1569 2103 1665 2140 [Quid

101 2154 189 2176 autem
206 2155 274 2186 erat,
281 2147 489 2187 pusillanimitas
503 2148 652 2186 efficitur?]
660 2148 802 2183 Quomodo
815 2155 903 2176 autem
917 2148 968 2176 erit
978 2147 1085 2177 bocPSi
1097 2148 1291 2177 satisfaciamus
1303 2148 1382 2177 vohis
1391 2159 1440 2188 per
1449 2149 1666 2188 {idem-Aspersi

101 2195 199 2224 corda.
215 2196 308 2231 Quare
321 2206 374 2224 non
391 2195 479 2233 dixit,
494 2196 642 2225 Mundati?
658 2196 846 2225 Differentiam
862 2195 1023 2236 aspersionis
1040 2195 1132 2225 volens
1147 2195 1300 2233 ostendere,
1312 2196 1388 2224 aliud
1407 2196 1516 2235 quidem
1528 2208 1583 2226 csse
1593 2198 1663 2235 Dei,

100 2241 176 2271 aliud
189 2249 278 2271 autem
294 2250 423 2272 nostrum.
437 2243 554 2272 Abluere
565 2244 667 2284 quippe
680 2251 705 2272 et
718 2254 859 2283 aspergere
873 2243 1060 2272 conscientiam
1069 2266 1076 2279 ‚
1089 2243 1139 2272 Dei
1159 2250 1197 2272 est
1205 2255 1213 2280 ;
1229 2253 1291 2271 cum
1305 2245 1419 2273 veritate
1431 2251 1522 2273 autem
1541 2245 1664 2275 accedere

100 2296 126 2317 ct
140 2289 167 2318 in
179 2290 357 2319 satisfactione
370 2290 451 2327 fidei,
471 2298 593 2320 nostrum
607 2298 656 2320 est.
679 2291 782 2320 Deinde
799 2292 879 2320 etiam
894 2291 956 2320 fidei
970 2291 1017 2320 dat
1030 2292 1167 2331 propriam
1184 2291 1311 2320 virtutem
1327 2301 1361 2320 cx
1379 2292 1492 2320 veritate
1504 2292 1662 2331 profitentis.

101 2336 176 2373 Quid
197 2344 251 2373 est,
271 2338 381 2367 Abluti
402 2348 507 2377 cor-pus
527 2348 607 2377 aqua
628 2339 758 2367 munda?
776 2338 843 2373 Quae
864 2338 979 2367 mundos
994 2338 1057 2367 facit
1069 2350 1075 2365 :
1086 2349 1120 2366 an
1135 2338 1220 2375 sorte,
1233 2337 1306 2376 quod
1320 2348 1371 2366 non
1387 2338 1483 2367 habeat
1496 2340 1662 2378 sanguinem.

100 2383 205 2413 Deinde
218 2385 358 2424 subjungit
367 2385 426 2424 jam
439 2384 514 2424 quod
528 2386 675 2425 perfectum
689 2393 738 2421 est,
751 2386 801 2415 hoc
815 2393 854 2415 est
868 2386 1016 2415 caritatem.
1032 2387 1100 2415 Non
1115 2386 1347 2425 derelinquentes
1357 2408 1367 2423 ,
1380 2386 1468 2425 inquit
1477 2409 1486 2421 ‚
1499 2397 1663 2427 congrega-

101 2433 207 2461 tionem
226 2439 357 2462 nostram
371 2445 379 2460 :
393 2432 467 2472 quod
479 2433 605 2462 facientes
617 2434 758 2470 nonnulli,
775 2435 992 2474 congregationes
1007 2433 1140 2463 scindunt.
1156 2435 1263 2462 Frater
1276 2435 1380 2472 quippe
1395 2444 1414 2462 a
1422 2435 1519 2473 fratre
1532 2436 1662 2475 adjutus,

101 2480 175 2508 sicut
188 2481 293 2509 civitas
308 2482 423 2508 munita
437 2486 488 2509 est.
499 2480 556 2509 Sed
572 2481 772 2520 intelligamus
792 2483 915 2511 invicem
936 2482 978 2510 ad
991 2483 1227 2520 provocationem
1248 2482 1391 2510 caritatis.
1409 2481 1482 2516 Quid
1497 2489 1555 2518 est,
1573 2484 1663 2512 Intel-

103 2526 227 2563 ligamus
238 2529 384 2557 invicem?
393 2527 423 2557 Si
437 2528 497 2566 quis
512 2528 592 2557 suerit
605 2528 706 2558 virtute
717 2528 857 2568 praeditus,
874 2529 946 2558 hunc
960 2529 1107 2566 imitemur,
1119 2529 1145 2557 in
1160 2539 1221 2557 cum
1237 2528 1417 2565 intendamus,
1429 2536 1458 2558 ut
1473 2529 1624 2570 deligamus
1637 2538 1662 2560 et

100 2571 262 2612 diligamur:
275 2586 309 2605 ex
318 2575 462 2605 dilectione
474 2576 572 2615 quippe
585 2576 654 2605 bona
667 2587 744 2616 opera
761 2577 838 2606 fiunt.

1680 1434 1707 1454 Pr
1714 1443 1749 1455 rw.
1782 1433 1817 1455 tS.

1682 1472 1715 1494 ιι.)4
