1886 2846
263 221 324 242 lltt
585 220 614 242 S.
643 220 780 242 suffixis
807 217 985 241 ctttusos'r.

257 280 478 315 inubulientiniu,
497 291 583 309 annun
601 281 629 309 lit
641 281 764 309 attentior
784 281 805 307 si
820 278 987 312 relit?Q11i‹l

256 337 330 359 xero,
343 328 438 365 inquit,
457 327 561 364 quando
571 326 692 354 videmus
705 336 777 354 senes
789 324 932 363 juvenibus
943 323 988 350 de-

255 374 382 401 teriores?
397 375 535 401 Summam
559 373 625 401 milui
647 373 715 401 «licis
731 372 787 400 vitii
803 369 987 408 exsuperatio-
1006 377 1022 397 ι’.

254 429 312 447 uem
330 431 335 446 ι
355 429 416 447 nain
431 426 454 447 et
472 419 584 447 sun-iosus
600 418 722 446 ridemus
741 416 813 444 nullo
838 414 989 453 imponente

254 476 280 493 se
289 464 353 492 dare
363 465 522 504 prmcipites.
536 464 650 499 Quando
665 474 727 500 ergo
743 462 782 489 vel
795 470 872 487 senex
886 458 988 487 laborat

253 510 353 538 morbis
364 511 493 549 juvenum
504 533 510 541 ,
523 509 549 537 id
565 519 697 537 summum
716 514 751 534 est
768 505 862 533 vitium
880 516 885 531 τ
901 504 986 532 necin

249 556 389 594 juventute
404 555 523 594 quidem.
541 554 586 592 qui
603 560 639 581 est
656 550 823 589 hujusmodi.
839 549 986 577 excusatio-

194 617 198 622 ν
216 625 226 630 -
253 612 310 630 nem
328 601 450 629 linlinerit
469 613 474 627 .-
492 611 541 628 non
559 605 642 638 potest
664 597 733 625 enim
747 596 849 631 dicere,
868 595 986 623 Delicta

217 640 221 645 ⁴
247 649 407 685 juvemmis
426 656 495 673 mem
512 651 537 672 ιί
559 643 740 682 ignorantias
753 650 830 668 meas
844 651 880 668 ne
889 641 986 668 memi-

123 1436 182 1457 viiia
200 1445 229 1458 scr

87 1477 139 1490 num
150 1474 232 1495 tempn-

89 1509 112 1520 η·
136 1500 230 1528 (ΠΗ-νευ-

88 1532 160 1551 nonu.

251 695 335 721 neris.
356 693 421 720 Nam
437 691 483 728 qni
499 696 585 717 manet
606 687 676 715 idem
692 687 717 714 in
738 692 883 718 senectute.
898 692 984 713 osten-

248 738 287 765 ‹lit
305 736 375 774 quod
390 736 467 764 etiam
489 735 668 771 injuventute
682 742 732 760 non
752 737 860 770 propter
875 730 984 769 ignora-

248 784 354 812 tionem.
372 792 455 819 neque
470 786 576 818 prepter
592 778 768 817 imperitiam,
779 787 863 815 neque
877 784 985 816 propter

247 834 347 854 statem
366 827 441 854 fuerit
463 823 608 863 ejusmodi,
630 822 674 851 sed
695 829 803 862 propter
821 822 981 850 socordiam.

247 873 293 900 llle
306 872 375 899 enim
389 878 472 910 potest
486 870 590 904 diu-ere,
606 869 723 897 Delicta
737 870 898 907 juventutis
913 878 982 896 πιθα.»
1000 876 1016 897 1)

244 926 269 945 «Ἰ
281 920 461 956 ignorantias
472 927 550 944 meas
564 926 599 944 ne
609 917 781 949 memineris,
793 915 838 953 qui
850 915 911 943 facit
921 925 981 953 qnae

243 964 298 991 seni
319 963 497 995 conveniunt,
519 962 564 999 qni
587 968 708 989 mutatur
731 961 758 988 in
781 967 916 989 senectute
935 960 980 988 :si

243 1015 330 1036 antem
345 1008 424 1036 etiam
446 1007 472 1036 in
491 1014 622 1036 senectute
639 1006 730 1035 eadem
750 1005 867 1034 admittit
883 1005 980 1044 probra

243 1062 267 1082 rt
282 1054 420 1089 dedecora,
436 1053 569 1091 quomodo
583 1064 631 1092 pm·
643 1059 681 1080 est
696 1059 723 1080 ut
741 1053 763 1080 is
779 1052 929 1080 nominetur
943 1062 981 1079 sc-

244 1111 306 1137 nex,
322 1100 368 1139 qui
385 1110 417 1128 ne
430 1106 531 1128 aetatem
547 1098 656 1137 quidem
675 1098 831 1126 reveretur?
851 1098 919 1126 Nam
936 1097 981 1135 qni

243 1146 324 1182 dicit,
338 1146 456 1175 Delicta
479 1146 641 1182 juventutis
665 1154 734 1171 mete
755 1151 782 1171 e!
801 1145 982 1182 ignorantias

245 1201 322 1220 meas
336 1202 370 1220 ne
382 1192 556 1224 memineris,
573 1190 630 1218 liaee
651 1189 727 1227 dicit,
744 1196 879 1227 tamquam
895 1189 922 1217 in
937 1199 981 1217 se-

243 1244 347 1266 nectute
360 1247 388 1265 se
405 1243 474 1265 recte
491 1246 592 1275 gerens.
609 1237 648 1265 Ne
661 1246 723 1274 ergo
740 1243 847 1275 propter
865 1246 908 1271 ea,
921 1246 980 1273 qnae

244 1282 312 1309 liunt
323 1282 348 1309 in
361 1287 502 1314 senectute,
516 1281 628 1319 teipsum
641 1280 730 1319 prives
741 1280 818 1308 etiam
831 1279 906 1308 venia
919 1290 980 1319 pec-
992 1294 1016 1313 7⁸

243 1333 373 1357 catorum,
396 1336 455 1363 quac
474 1325 604 1354 admisisti
621 1325 646 1353 in
664 1326 814 1364 juventute.
838 1324 980 1359 Quomodo
997 1329 1015 1349 A

244 1372 315 1400 enim
334 1371 361 1400 id
377 1382 426 1399 non
442 1378 480 1399 est
494 1371 641 1399 absurdum
659 1378 683 1399 et
699 1371 773 1409 pejus
788 1381 868 1408 quam
883 1377 912 1398 ut
926 1381 980 1399 me-

245 1426 332 1447 reatur
347 1418 472 1446 veniam?
486 1428 567 1446 senex
581 1417 669 1446 ebrius
686 1424 735 1453 est,
752 1417 824 1446 sedet
838 1417 865 1445 in
880 1427 979 1457 caupo-

244 1465 295 1500 nis,
311 1475 391 1492 senex
405 1470 528 1502 properat
544 1463 578 1491 ad
594 1473 722 1501 equorum
738 1463 919 1499 curriculum,
935 1474 980 1492 se-

244 1521 293 1538 nex
307 1510 425 1538 ascendit
439 1509 464 1537 in
478 1509 622 1542 theatrum,
641 1516 775 1547 tamquam
791 1519 857 1548 puer
871 1519 980 1538 currens

241 1566 301 1584 urum
315 1556 404 1594 vulgo.
414 1556 483 1584 Vere
494 1561 531 1583 est
544 1554 632 1594 pudor
645 1562 670 1583 et
683 1565 724 1582 res
740 1554 863 1590 ridicula,
880 1555 982 1583 extrin-

242 1612 316 1630 secus
344 1600 452 1639 quidem
473 1600 560 1629 ornari
583 1600 692 1635 canitic,
714 1599 871 1628 intrinsecus
891 1607 978 1628 autem

241 1658 346 1675 sensum
356 1647 455 1675 habere
467 1646 554 1685 pueri.
570 1645 605 1673 Et
620 1645 641 1673 si
657 1645 904 1684 quispiamjuvenis
917 1655 976 1675 enm

243 1693 399 1721 contumelia
415 1691 544 1728 affecerit,
562 1691 649 1720 statim
666 1691 757 1730 objicit
776 1701 861 1720 canos.
877 1692 920 1720 Tu
934 1702 977 1720 eos

1015 217 1032 238 A
1040 215 1154 238 ncttltzt'
1161 229 1168 236 .
1197 214 1323 238 CONSTA
1330 216 1381 239 NTl
1388 216 1463 239 NOl’.

1040 276 1106 304 κατὰ
1123 278 1246 314 κρημνῶν
1262 279 1421 315 χωροῦντας.
1433 277 1518 306 ‘'Orow
1542 272 1586 306 οὖν
1601 277 1645 306 καὶ
1667 277 1748 315 γέρων
1770 276 1802 305 τὰ

1040 324 1091 350 τῶν
1114 322 1178 350 νέων
1203 324 1283 360 νοσῇ,
1308 322 1439 361 ὒπερίολὴ
1461 327 1535 352 τοῦτο
1554 323 1646 356 κακίας
1668 322 1741 351 ἐστί·
1758 322 1803 350 καὶ

1040 367 1096 396 οὐδὲ
1113 369 1138 396 ἐν
1155 367 1257 403 νεότητι
1269 370 1282 396 ὁ
1293 371 1405 401 τοιοῦτος
1421 369 1563 407 ἀπολογίαν
1578 369 1608 397 ἂν
1621 369 1693 407 ἔχοι·
1711 369 1739 396 οὗ
1752 367 1803 406 γὰρ

1040 413 1147 442 δύναται
1167 413 1262 452 λέγειν,
1279 412 1419 452 Ἁμαρτίας
1435 414 1555 449 νεότητός
1575 426 1624 452 μου
1640 414 1684 443 καὶ
1699 413 1804 452 ἀγνοίας

1040 471 1088 496 μου
1105 459 1142 497 μὴ
1167 461 1292 498 μνησθῇς.
1309 459 1342 488 ‘O
1357 459 1406 499 γὰρ
1426 462 1452 489 ἐν
1475 461 1543 500 γήρα
1567 460 1650 498 μένων
1675 463 1688 489 ὃ
1709 460 1802 495 αὐτὸς,

1039 505 1165 534 δείκνυσιν
1177 505 1218 534 ὅτι
1233 505 1277 533 καὶ
1292 506 1318 533 ἐν
1330 505 1433 541 νεότητι
1444 506 1580 544 ὑπάρχων,
1591 508 1619 535 οὗ
1635 506 1669 534 δι’
1686 506 1802 545 ἄγνοιαν,

1037 550 1093 580 οῦδὲ
1111 552 1144 580 δι’
1161 551 1293 589 ἀπειρίαν,
1311 550 1367 580 οὐδὲ
1383 550 1425 580 διὰ
1444 551 1492 586 τὴν
1505 551 1610 586 ἡλικίαν
1624 554 1737 584 τοιοῦτος
1759 546 1802 587 ἧν,

1038 597 1104 625 ἀλλὰ
1135 597 1177 625 διὰ
1204 595 1342 635 ρᾳθυμίαν.
1361 596 1477 628 Ἐκεῖνος
1498 596 1550 635 γὰρ
1576 596 1682 625 δύναται
1706 596 1800 634 λέγειν,

1037 642 1178 682 Ἁμαρτίας
1200 641 1320 676 νεότητός
1346 653 1394 679 μου
1412 642 1456 670 καὶ
1485 641 1589 680 ἀγνοίας
1606 653 1656 678 μου
1680 640 1716 679 μὴ
1735 652 1801 679 μνη-

1036 690 1113 726 σθῇς,
1128 690 1142 717 ὁ
1155 688 1188 716 τὰ
1207 690 1244 726 τῷ
1259 687 1360 726 γέροντι
1383 687 1550 726 προσήκοντα
1572 689 1664 723 ποιῶν,
1686 689 1699 716 ὁ
1720 687 1746 714 ἐν
1761 688 1800 725 τῷ

1033 734 1103 773 γήρα
1119 733 1360 771 μεταὸαλλόμενος·
1377 735 1399 761 εἷ
1424 733 1449 762 δὲ
1471 733 1515 761 καὶ
1542 735 1568 761 ἐν
1588 733 1657 772 γήρᾳ
1677 733 1710 761 τὰ
1733 732 1800 761 αὖτὰ

1034 780 1192 818 ἀσχημονεῖ,
1207 781 1263 812 πῶς
1277 779 1358 813 ἄξιον,
1368 779 1477 817 γέροντα
1493 779 1535 807 τὸν
1546 781 1661 807 τοιοῦτον
1675 777 1799 815 ὀνομάζε-

1033 827 1105 859 σθαι,
1125 824 1182 852 οὐδὲ
1206 825 1254 859 τὴν
1271 824 1374 859 ἡλικίαν
1402 824 1568 862 αἰδούμενον;
1583 823 1616 852 Ὁ
1633 823 1683 862 γὰρ
1703 823 1798 862 λέγων,

1031 870 1175 908 Ἁμαρτίας
1188 870 1306 904 νεότητός
1319 881 1367 907 μου
1377 870 1421 898 καὶ
1436 870 1541 907 ἀγνοίας
1553 881 1601 907 μου
1617 869 1653 907 μὴ
1666 871 1797 907 μνησθῇς,

1032 918 1066 948 ὣς
1082 918 1107 944 ἐν
1129 918 1165 954 τῷ
1189 915 1259 955 γήρᾳ
1282 917 1424 954 κατορθῶν,
1441 915 1523 944 ταῦτά
1547 926 1621 954 φησι.
1639 914 1691 949 Μὴ
1713 913 1797 943 τοίνυν

1032 962 1074 990 διὰ
1088 963 1140 990 τῶν
1155 963 1181 990 ἐν
1195 963 1233 1000 τῷ
1247 961 1316 1001 γήρᾳ
1339 961 1482 999 γινομένων
1504 959 1686 999 ἀποστερήσῃς
1704 959 1799 989 σαυτὸν

1032 1007 1075 1035 καὶ
1089 1009 1136 1042 τῆς
1156 1009 1207 1035 τῶν
1225 1007 1267 1036 ἐπὶ
1284 1009 1316 1045 τῇ
1332 1007 1434 1042 νεότητι
1458 1006 1656 1045 ἁμαρτημάτων
1679 1005 1798 1044 συγγνώ-

1033 1064 1092 1090 μης.
1111 1053 1172 1085 Πῶς
1187 1053 1238 1092 γὰρ
1258 1053 1305 1081 οὐκ
1329 1053 1426 1081 ἄτοπον
1441 1052 1484 1080 καὶ
1505 1051 1660 1090 συγγνώμης
1678 1051 1798 1080 ἐπέκεινα

1032 1098 1061 1126 τὸ
1072 1099 1220 1137 γινόμενον;
1234 1098 1316 1136 γέρων
1329 1098 1430 1135 μεθύει,
1443 1099 1469 1126 ἐν
1484 1097 1636 1131 καπηλείοις
1646 1096 1798 1132 καθέζεται,

1032 1144 1114 1183 γέρων
1140 1146 1175 1176 εἷς
1191 1143 1367 1182 ἱπποδρομίας
1390 1143 1506 1177 σπεύδει,
1529 1143 1612 1182 γέρων
1637 1143 1674 1175 εἷς
1701 1142 1798 1181 θέατρα

1032 1189 1180 1224 ἀναῧαίνει,
1197 1189 1315 1228 καθάπερ
1330 1189 1432 1218 παιδίον
1448 1188 1549 1228 τρέχων
1570 1188 1637 1226 μετὰ
1657 1190 1702 1217 τοῦ
1725 1187 1796 1222 πλή-

1031 1238 1096 1268 θους.
1113 1235 1216 1267 Ὄντως
1230 1234 1340 1274 &iesum
1363 1234 1406 1262 καὶ
1421 1234 1518 1273 γέλως,
1537 1235 1570 1272 τῇ
1592 1234 1639 1272 μὲν
1659 1234 1740 1271 πολιᾷ
1753 1244 1797 1262 κο-

1032 1283 1154 1318 σμεῖσθαι
1180 1280 1282 1315 ἔξωθεν,
1304 1280 1404 1309 ἔνδοθεν
1420 1279 1447 1308 δὲ
1469 1279 1561 1312 παιδὸς
1575 1279 1698 1318 φρόνημα
1718 1278 1797 1317 ἔχειν.

1033 1326 1088 1355 Κᾶν
1105 1326 1152 1363 μὲν
1166 1326 1260 1366 ὑδρίσῃ
1283 1338 1322 1358 τις
1343 1325 1411 1360 νέος,
1435 1324 1527 1357 εὐθέως
1553 1324 1730 1363 προὸάλλεται
1750 1324 1797 1358 τὰς

1032 1372 1134 1402 πολιάς.
1148 1372 1186 1400 Σὺ
1210 1371 1289 1403 αὐτὰς
1313 1370 1447 1405 αἷδέσθητι
1461 1371 1580 1408 πρῶτος·
1598 1371 1621 1398 εἰ
1647 1370 1674 1399 δὲ
1695 1369 1726 1399 σὺ
1750 1369 1797 1403 τὰς

1033 1420 1142 1446 σεαυτοῦ
1156 1419 1201 1446 οὐκ
1217 1418 1277 1455 αἰδῇ
1286 1438 1293 1450 ,
1305 1417 1349 1445 καὶ
1363 1419 1446 1445 ταῦτα
1461 1416 1543 1455 γέρων
1554 1416 1600 1452 ὧν,
1615 1418 1671 1449 πῶς
1684 1416 1728 1445 τὸν
1739 1415 1795 1445 νέον

1030 1464 1077 1496 τὰς
1088 1463 1135 1496 σὰς
1145 1464 1272 1491 αἰδεῖσθαι
1285 1461 1364 1495 ἀξιοῖς
1375 1462 1483 1498 πολιάς;
1494 1463 1551 1491 Οὐκ
1562 1462 1622 1501 αἰδῇ
1633 1461 1680 1495 τὰς
1689 1462 1795 1497 πολιὰς,

1033 1509 1090 1537 ἀλλ’
1106 1507 1237 1547 aies-ovete
1252 1508 1340 1541 αὐτάς.
1355 1507 1389 1536 Ὁ
1403 1507 1471 1540 Θεός
1485 1519 1514 1536 σε
1528 1507 1635 1546 ἐτίμησε
1655 1510 1687 1545 τῇ
1707 1507 1796 1536 λευκό-

1031 1566 1091 1589 τητι
1113 1557 1164 1582 τῶν
1178 1556 1285 1594 τριχῶν,
1308 1553 1389 1582 ἔδωκέ
1412 1565 1452 1582 σοι
1473 1553 1611 1592 προεδρίαν
1630 1553 1746 1589 πολλήν·
1769 1553 1795 1581 τί

1031 1600 1160 1639 προδίδως
1172 1599 1219 1635 τὴν
1239 1599 1333 1637 τιμήν,
1348 1600 1410 1631 Πῶς
1433 1610 1461 1627 σε
1483 1598 1666 1633 αἴδεο-θήσεται
1688 1601 1702 1627 ὁ
1726 1598 1794 1634 νέος,

1031 1645 1091 1673 ὅταν
1107 1647 1185 1674 αὐτοῦ
1196 1645 1274 1674 πλέον
1286 1644 1457 1683 ἀσελγαίνῃς,
1473 1644 1507 1673 Ἣ
1523 1644 1573 1682 γὰρ
1584 1644 1665 1674 πολιὰ
1676 1644 1737 1673 τότε
1751 1645 1794 1673 αἷ-

1032 1691 1149 1729 δέσιμος,
1161 1691 1223 1720 ὅταν
1234 1691 1267 1720 τὰ
1281 1692 1327 1725 τῆς
1341 1692 1432 1724 πολιᾶς
1447 1690 1566 1730 πράττῃ·
1581 1689 1643 1719 ὅταν
1663 1690 1689 1719 δὲ
1703 1702 1795 1719 νεωτε-

658 1825 828 1854 ML‘TIANO
850 1823 1105 1855 SCHOLASTICO
1127 1822 1379 1853 INTERPRETE.

242 1947 307 1974 dum
322 1944 443 1973 demollit
456 1957 461 1972 z
475 1954 559 1972 nonne
573 1943 658 1981 magis
669 1944 792 1972 attentior
803 1944 930 1981 eflicitur,
946 1944 968 1972 si
985 1943 1121 1973 voluerit?
1137 1943 1212 1980 Quid
1228 1953 1301 1982 ergo,
1316 1942 1416 1981 inquit,
1428 1952 1488 1971 cum
1501 1942 1648 1972 viderimus
1660 1953 1675 1972 a
1686 1943 1798 1983 juveni·-

242 1993 292 2021 bus
306 1992 419 2021 seniores
431 1991 553 2030 pejores?
568 1990 736 2019 Nimietatem
749 1991 856 2019 malitiae
882 1991 948 2019 mihi
962 1991 1030 2020 dieis
1043 2003 1049 2018 :
1063 2001 1124 2019 nam
1137 1997 1162 2019 et
1175 1990 1201 2019 in
1216 1990 1316 2018 furioso
1333 1988 1457 2018 videmus
1472 1989 1547 2018 nullo
1560 1989 1713 2028 impellente
1725 1989 1796 2019 ultro

241 2041 279 2067 ire
292 2049 339 2078 per
348 2048 472 2077 praeceps.
486 2036 602 2073 Quando
613 2047 676 2075 ergo
688 2047 765 2065 senex
779 2039 941 2066 curationem
951 2037 1051 2066 habet?
1062 2047 1114 2066 non
1126 2037 1197 2066 enim
1209 2043 1293 2076 potest
1303 2035 1406 2071 dicere,
1420 2036 1538 2064 Delicta
1542 2037 1705 2074 juventutis
1717 2047 1797 2073 meoe,

241 2091 268 2113 et
282 2086 455 2123 ignorantia?
477 2094 512 2112 ne
526 2085 701 2112 memineris.
718 2084 771 2118 Qui
783 2084 854 2112 enim
868 2084 894 2112 in
913 2091 1047 2114 senectute
1065 2084 1102 2112 ita
1116 2083 1232 2112 furiosus
1243 2089 1292 2118 est,
1307 2081 1422 2111 ostendit
1439 2081 1502 2119 quia
1514 2088 1538 2110 et
1553 2081 1730 2120 injuventute
1744 2093 1796 2112 non

243 2142 290 2169 per
304 2131 491 2169 ignorantiam,
504 2141 556 2159 non
572 2141 618 2170 per
632 2131 803 2169 imperitiam,
819 2142 868 2159 non
885 2142 931 2170 per
942 2138 1046 2160 :etatem
1058 2130 1119 2159 talis
1128 2130 1194 2165 fuit,
1208 2129 1255 2158 sed
1265 2139 1312 2168 per
1322 2128 1519 2167 negligentiam.
1534 2128 1587 2156 Iste
1596 2128 1696 2168 quippe
1710 2136 1797 2168 potest

242 2178 346 2211 dicere,
360 2178 480 2206 Delicta
487 2179 648 2217 juventutis
663 2187 742 2211 rneoe,
760 2185 786 2206 et
800 2180 973 2215 ignorantioe
987 2189 1024 2207 ne
1038 2179 1212 2212 memineris,
1229 2176 1275 2214 qui
1290 2175 1317 2204 in
1331 2181 1463 2204 senectute
1474 2175 1648 2214 competentia
1661 2175 1738 2214 gerit,
1751 2177 1799 2214 qui

244 2225 401 2263 procedente
419 2231 494 2253 aetate
507 2231 644 2253 mutatur:
656 2224 678 2252 si
693 2230 780 2252 autem
794 2231 818 2252 et
835 2225 861 2253 in
877 2232 1010 2254 senectute
1023 2225 1058 2254 ita
1078 2224 1233 2253 inhonestus
1247 2229 1296 2260 est,
1312 2222 1447 2260 quomodo
1461 2221 1574 2260 dignum
1588 2229 1627 2251 est
1641 2222 1798 2262 hujusmodi

245 2283 332 2300 senem
345 2271 488 2311 appellari,
501 2272 547 2310 qui
564 2282 648 2310 neque
661 2271 731 2300 aetati
746 2272 920 2300 reverentiam
934 2272 1063 2301 exhibet?
1078 2271 1133 2307 Qui
1149 2271 1220 2300 enim
1230 2269 1313 2305 dicit,
1324 2270 1435 2298 Peccata
1451 2269 1603 2308 juventutis
1615 2279 1680 2298 meae
1694 2279 1727 2298 ne
1741 2279 1798 2299 me-

245 2319 363 2353 mineris,
382 2318 465 2347 veluti
482 2319 510 2347 in
524 2325 656 2347 senectute
670 2325 821 2353 cerream,
836 2318 892 2347 haec
903 2319 978 2348 dicit.
992 2320 1052 2348 Non
1064 2319 1148 2357 igitur
1162 2328 1197 2347 ex
1211 2317 1243 2346 iis
1257 2327 1315 2355 quae
1329 2316 1357 2344 in
1368 2322 1501 2345 senectute
1512 2315 1679 2354 contingunt,
1693 2315 1800 2345 fraudes

245 2367 359 2405 teipsum
370 2376 383 2394 a
397 2366 474 2394 venia
488 2365 569 2394 etiam
587 2375 690 2399 eorum,
705 2375 765 2403 quae
780 2365 955 2403 injuventute
967 2366 1060 2395 fecisti.
1076 2364 1220 2402 Quomodo
1233 2364 1304 2393 enim
1318 2373 1370 2392 non
1384 2370 1423 2392 est
1439 2361 1600 2398 absurdum,
1617 2368 1642 2390 et
1656 2372 1737 2401 supra
1750 2372 1799 2391 ve-

246 2414 317 2441 niam
329 2411 398 2451 qnod
421 2413 467 2449 sit,
479 2420 509 2441 ut
527 2423 607 2441 senex
620 2413 646 2441 in
658 2412 827 2442 tabernacula
843 2412 946 2448 sedeat,
959 2423 1040 2442 senex
1050 2412 1084 2441 ad
1097 2413 1199 2442 circum
1217 2411 1331 2447 festinet,
1348 2420 1428 2438 senex
1447 2409 1482 2438 ad
1505 2409 1638 2438 theatrum
1657 2407 1781 2438 ascendat
1791 2431 1799 2442 ,

245 2459 319 2488 velut
330 2460 402 2499 pueri
416 2467 549 2488 currentes
564 2470 625 2488 cum
637 2459 724 2499 plebe.
740 2460 808 2488 Vere
821 2459 942 2488 confusio
952 2467 992 2488 est
1003 2467 1028 2489 et
1040 2460 1140 2496 irrisio,
1154 2466 1183 2488 ut
1197 2458 1294 2488 canitie
1309 2457 1417 2495 quidem
1433 2463 1559 2485 ornentur
1569 2455 1743 2493 extrinsecus,
1757 2456 1799 2485 in-

246 2505 373 2533 trinsecus
389 2512 476 2534 autem
495 2505 657 2533 intellectum
671 2505 785 2534 habeant
798 2506 936 2545 puerilem.
951 2506 985 2534 Et
1002 2506 1135 2544 siqnidem
1154 2505 1261 2545 injuriet
1274 2504 1351 2533 illum
1363 2503 1481 2542 juvenis,
1500 2501 1589 2530 statim
1604 2511 1683 2530 canos
1695 2501 1722 2530 in
1736 2513 1795 2531 me-

246 2552 321 2580 dium
336 2552 458 2591 proferet,
473 2551 563 2580 dicens
577 2564 581 2579 ε
596 2553 646 2581 Vel
666 2553 738 2581 canis
754 2553 811 2581 istis
825 2553 922 2582 exhibe
937 2554 1119 2582 reverentiam.
1137 2553 1165 2582 Si
1181 2563 1244 2581 vero
1260 2558 1287 2580 tu
1305 2552 1342 2580 eis
1363 2561 1414 2579 non
1429 2549 1538 2578 exhibes
1554 2549 1727 2577 reverentiam
1738 2550 1796 2588 jam

246 2610 333 2638 senex,
349 2598 480 2638 quomodo
491 2600 616 2638 juvenem
626 2607 683 2628 tuos
693 2610 771 2629 canos
782 2601 895 2631 revereri
907 2600 1039 2629 desideras
1048 2601 1060 2628 '.¹
1072 2601 1129 2630 Non
1142 2600 1280 2638 revereris,
1297 2598 1395 2637 inquis,
1408 2597 1455 2626 hos
1466 2596 1562 2626 canos?
1572 2595 1626 2626 Sed
1639 2602 1667 2625 tu
1679 2606 1721 2626 eos
1732 2606 1794 2626 cou-
