1886 2846
475 191 506 214 [N
537 191 642 214 EPIST.
673 191 717 213 An
745 190 912 214 ttEBnAEos.

100 268 144 295 ραν
160 256 204 285 καὶ
225 256 273 291 τὴν
287 254 378 295 τρίτην
389 266 395 272 ·
411 253 505 293 χρόνου
525 253 552 283 δὲ
569 253 720 292 προϊόντος,
736 252 807 291 μένει
820 252 866 291 μὲν

97 303 124 330 ἐν
139 302 237 340 ἡδονῇ,
252 303 281 330 οὔ
298 300 412 337 τοσαύτῃ
436 299 476 329 δέ·
494 299 571 338 λήγει
589 299 640 338 γὰρ
654 300 706 328 ὑπὸ
723 301 770 334 τῆς
784 311 867 334 συνη-

97 348 167 380 θείας
177 348 232 382 ἀεὶ,
243 347 285 376 οἵα
297 347 326 375 ἂν
336 342 353 385 ἦ
364 358 370 364 ·
383 348 436 376 ἐκεῖ
447 346 474 375 δὲ
486 348 514 375 οὗ
527 346 604 383 μόνον
615 347 644 374 οὐ
658 349 787 383 μειοῦται,
799 344 868 374 ἀλλὰ

96 394 141 422 καὶ
152 393 314 422 ἐπιδίδωσιν.
325 392 466 426 Ἐννόησον
475 392 527 431 γὰρ
535 392 594 421 ὅσον
607 391 672 427 ἐστὶ,
685 391 772 430 ψυχὴν
786 392 868 420 ἀπελ-

98 441 194 468 θοῦσαν
217 442 287 474 ἐκεῖ,
313 437 408 476 μηκέτι
433 438 505 470 τέλος
526 438 674 476 προσδοκᾷν
690 440 742 466 τῶν
763 438 867 476 ἀγαθῶν

96 485 211 521 ἐκείνων,
227 485 293 523 μηῗὲ
311 484 459 522 μεταὸολὴν
471 507 479 519 ,
499 483 568 513 ἀλλὰ
583 484 714 518 ἐπίδοσιν,
732 483 777 512 καὶ
799 483 867 518 ζωὴν

95 531 168 563 τέλος
191 533 237 559 οὐκ
261 530 386 569 ἔχουσαν,
413 530 510 562 παντὸς
526 529 572 567 μὲν
588 529 721 565 κινδύνου,
737 529 824 563 πάσης
840 529 868 558 δὲ

96 577 209 614 ἀθυμίας
223 576 268 605 καὶ
284 576 416 615 φροντίδος
438 575 662 613 ἀπηλλαγμένην,
678 575 776 612 μεστὴν
791 577 866 604 εὐθυ-

98 622 159 659 μίας
173 622 218 651 md
234 622 333 662 μυρίων
347 623 462 660 ἀγαθῶν.
488 622 521 649 lii
535 621 586 660 γὰρ
601 622 637 653 εἰς
649 621 736 649 πεδίον
749 621 868 656 ἐξιόντες,

96 668 157 696 ἔνθα
180 668 278 703 σκηνὰς
299 669 400 706 ὁρῶμεν
421 669 589 706 στρατιωτῶν
605 667 635 694 ἐκ
651 667 866 706 παραπετασμά-

97 724 148 740 των
167 713 353 751 πηγνυμένοις,
374 713 419 741 καὶ
437 712 536 751 δόρατα
557 712 601 740 καὶ
618 712 702 752 κροίνη
724 713 768 740 καὶ
783 714 869 751 ὀμφα-

96 758 155 790 λοὺς
167 759 283 787 ἀσπίδων
295 759 465 796 λάμποντας,
481 758 610 797 μετέωροι
622 759 746 796 γινόμεθα
759 760 796 797 τῷ
809 758 868 787 θαύ-

97 815 177 842 ματι·
189 806 210 833 εἷ
226 804 252 834 δὲ
267 805 313 833 καὶ
325 805 369 833 τὸν
385 804 497 842 βασιλέα
508 804 626 842 συμὸαίη
640 804 718 842 μέσον
733 805 795 833 ἰδεῖν
810 804 869 843 τρέ-

96 861 193 889 χοντα,
214 850 231 886 ἢ
247 850 292 879 καὶ
311 849 391 879 ἵππον
412 849 554 878 ἐλαύνοντα
569 850 636 887 μετὰ
650 850 738 879 ὅπλων
754 853 869 889 χρυσῶν,

96 897 126 925 τὸ
138 901 191 925 πᾶν
203 896 274 936 ἔχειν
288 896 429 934 νομίζομεν
441 908 447 913 ·
463 896 488 924 τί
500 896 562 931 οἴει,
579 896 640 924 ὅταν
653 898 704 925 τῶν
718 896 798 934 ἁγίων
812 896 869 934 ἴδῃς

96 942 144 974 τὰς
163 943 261 978 σκηνὰς
280 942 328 975 τὰς
349 942 468 974 αἰωνίους
487 944 512 970 ἐν
527 944 564 981 τῷ
579 944 680 982 οὐρανῷ
700 942 867 979 πεπηγυίαω

97 987 223 1021 Δέξονται
237 988 287 1027 γὰρ
302 991 387 1025 ὑμᾶς,
409 987 502 1026 φησὶν,
524 989 560 1020 εἱς
582 988 629 1020 τὰς
648 988 767 1020 αἰωνίους
782 989 867 1016 αὐτῶν

97 1034 210 1069 σκηνάς·
231 1034 293 1063 ὅταν
316 1034 402 1061 αὐτῶν
424 1033 535 1062 ἕκαστον
551 1033 617 1072 ὑπὲρ
638 1033 684 1065 τὰς
702 1036 808 1065 ἀκτῖνας
822 1033 868 1066 τὰς

96 1079 208 1114 ἡλιακὰς
222 1080 279 1118 ἴδῃς
294 1079 502 1116 ἀπολάμποντα,
516 1080 562 1107 οὐκ
577 1079 629 1107 ἀπὸ
647 1080 749 1117 χαλκοῦ’
763 1079 809 1107 καὶ
824 1091 867 1108 σι-

96 1125 190 1165 δήρου,
209 1126 268 1154 ἀλλ’
290 1125 342 1154 ἀπὸ
356 1127 402 1159 τῆς
423 1124 497 1159 δόξης
513 1124 628 1160 ἐκείνης,
643 1121 673 1159 ἧς
688 1124 734 1157 τᾶς
754 1137 867 1164 μαρμα-

98 1171 176 1210 ρυγὰς
199 1171 360 1210 ἀνθρώπινος
377 1171 510 1209 ὀφθαλμὸς
533 1172 562 1199 οὐ
585 1171 694 1199 δύναται
716 1172 792 1207 {fletu
814 1171 867 1199 Καὶ

96 1221 179 1247 ταῦτα
195 1217 242 1254 μὲν
257 1217 300 1246 ἐπὶ
314 1219 366 1245 τῶν
382 1216 526 1255 ἀνθρώπιον
539 1228 544 1233 ·
560 1216 586 1245 τί
602 1217 624 1245 δ’
640 1217 671 1245 ἄν
684 1228 723 1249 τις
738 1216 807 1245 εἴποι
820 1216 867 1248 τὰς

96 1263 218 1303 χιλιάδας
229 1265 281 1291 τῶν
297 1263 424 1301 ἀγγέλων,
436 1265 487 1291 τῶν
502 1263 684 1302 ἀρχαγγελιω,
696 1264 748 1290 τῶν
763 1263 866 1302 Χερου-

98 1310 156 1347 Ciu,
168 1311 220 1338 τῶν
233 1309 368 1347 Σεραςὶμ,
381 1311 432 1337 τῶν
445 1308 554 1347 θρόνων,
566 1311 617 1337 τῶν
629 1309 802 1347 κυριοτήτων,
817 1311 868 1337 τῶν

97 1357 201 1394 ἀρχῶν,
216 1357 268 1383 τῶν
286 1354 407 1387 ἐξουσιῶν
417 1377 424 1390 ,
442 1349 477 1382 ὧν
499 1354 528 1382 τὸ
543 1355 638 1388 κάλλος
653 1355 790 1394 ἀμήχανον
799 1379 806 1392 ,
823 1356 868 1384 καὶ

97 1401 185 1429 πάντα
206 1403 264 1429 νοῦν
289 1399 460 1439 ὗπερὸαῖνονς
484 1399 563 1428 Ἀλλὰ
585 1400 636 1438 γὰρ
661 1400 741 1440 μέχρι
755 1400 823 1432 τίνος
840 1402 868 1429 οὐ

98 1446 230 1485 στήσομαι
250 1446 350 1474 διώκων
366 1446 483 1484 ἀκίχητα
494 1457 501 1481 ;
516 1445 586 1474 Οὔτε
597 1445 648 1485 γὰρ
659 1446 792 1485 ὀφθαλμὸς
805 1442 866 1483 εἶδε,

97 1493 186 1531 φησιν,
201 1491 261 1522 οὔτε
275 1487 317 1523 οἷς
329 1491 438 1526 ἤκουσεν
451 1515 458 1527 ,
473 1491 532 1520 οὔτε
547 1491 590 1520 ἐπὶ
604 1492 714 1530 καρδίαν
731 1492 867 1531 ἀνθρώπου

98 1539 196 1574 ἀνέθη,
209 1539 225 1567 ἃ
240 1538 384 1575 ἡτοίμασεν
412 1540 425 1566 ὁ
443 1537 511 1570 Θεὸς
536 1542 590 1570 τοῖς
616 1539 753 1576 ἀγαπῶσιν
777 1539 866 1567 αὐτόν.

97 1587 201 1613 Οὐκοῦν
214 1584 285 1613 οὐδὲν
296 1583 467 1623 ἐλεεινότερον
481 1585 533 1612 τῶν
546 1583 796 1623 ἀποτυγχανόντων,
809 1585 867 1613 οὔτε

99 1630 298 1669 μακαριώτερον
319 1632 370 1658 τῶν
391 1630 634 1668 ἐπιτυῑγανόντων·
654 1630 754 1667 γένοιτο
776 1630 802 1659 δὲ
823 1631 868 1659 καὶ

98 1679 170 1714 ἡμᾶς
190 1677 241 1704 τῶν
258 1675 396 1715 μακαρίων
416 1675 550 1714 γενέσθαι,
566 1675 607 1703 ἵνα
624 1675 669 1704 καὶ
684 1678 736 1704 τῶν
756 1676 866 1705 αἰωνίων

941 190 1018 215 cin».
1042 192 1088 215 iv.
1117 191 1235 215 nomn..
1264 192 1311 215 w.
1617 194 1663 227 09

921 253 991 282 Nam
1001 253 1046 282 hic
1057 253 1168 292 quidem
1179 253 1312 282 bonorum
1325 263 1384 292 quse
1398 252 1478 281 suerit
1489 260 1647 291 assequutus
1656 277 1662 287 ‚

922 299 1025 328 etiamsi
1040 299 1130 339 ipsum
1146 299 1249 328 dixeris
1264 309 1375 338 reguum
1385 321 1392 334 ,
1407 299 1496 338 primo
1516 299 1561 327 die
1575 305 1599 327 et
1619 309 1664 327 se·

923 344 1009 374 cundo
1022 352 1047 374 et
1060 345 1138 374 tertio
1153 345 1248 384 vigens
1268 345 1348 373 habet
1369 344 1551 378 desiderium;
1568 355 1664 384 proce-

923 390 1000 420 dente
1013 398 1101 420 autem
1111 397 1238 430 tempore,
1251 397 1338 418 manet
1350 389 1461 428 quidem
1473 390 1499 418 in
1516 390 1663 428 voluptate,

922 437 968 466 sed
985 448 1037 466 non
1052 444 1124 466 tanta
1142 449 1148 464 :
1168 436 1266 466 desinit
1282 447 1345 465 vero
1359 447 1463 475 semper
1474 436 1508 464 ob
1523 442 1663 464 consuetu-

921 482 1011 512 dinem
1025 483 1229 522 qualiscumque
1243 482 1294 511 sit:
1310 482 1367 510 illic
1388 489 1478 510 autem
1498 492 1548 510 non
1574 482 1661 510 solum

923 540 974 558 non
1003 529 1150 566 minuitur,
1173 529 1219 558 sed
1244 529 1324 558 etiam
1342 528 1444 557 crescit.
1471 528 1566 566 Cogita
1591 528 1661 556 enim

923 582 1052 613 quantum
1077 576 1110 605 sit
1134 576 1251 604 animam
1263 598 1271 612 ,
1299 585 1360 603 cum
1384 575 1449 603 illuc
1476 574 1571 603 abierit
1584 597 1591 610 ‚
1610 585 1660 602 non

923 622 1038 660 amplius
1054 628 1208 662 exspectare
1220 621 1301 650 finem
1316 621 1424 650 illorum
1438 621 1571 649 bonorum
1585 643 1593 657 ,
1615 631 1662 649 nec

924 669 1122 705 mutationem,
1147 667 1194 697 sed
1218 668 1429 705 incrementum,
1451 674 1476 696 et
1501 667 1586 696 vitam
1605 678 1663 706 quse

924 724 976 743 non
992 714 1072 744 habet
1087 714 1168 743 finem
1180 737 1187 750 ,
1198 714 1232 742 ab
1248 714 1321 742 omni
1342 713 1451 752 quidem
1466 713 1587 753 periculo
1598 713 1664 741 lihe-

924 770 998 795 ram,
1014 767 1039 789 et
1050 760 1084 789 ab
1099 760 1172 788 omni
1184 759 1266 788 animi
1290 759 1450 798 :egritudine
1464 766 1489 787 et
1503 758 1664 789 sollicitudi-

924 817 973 842 ne,
989 807 1094 846 plenam
1109 807 1191 835 animi
1205 805 1303 845 gaudio
1319 813 1344 834 et
1367 806 1444 834 honis
1461 805 1617 836 innumeris,
1635 806 1663 834 Si

924 854 994 882 enim
1018 854 1044 882 in
1061 864 1186 893 campum
1211 860 1355 887 exeuntes,
1373 852 1419 881 ubi
1440 851 1564 880 videmus
1590 851 1665 880 mili-

925 907 982 928 tum
996 899 1166 928 tabernacula
1182 900 1315 939 tapetibus
1338 899 1443 928 confixa
1455 921 1462 934 ‚
1480 905 1505 927 et
1521 898 1625 927 lanceas
1641 905 1666 926 et

923 946 1011 983 galeas
1021 953 1046 974 et
1061 946 1218 985 clypeorum
1234 945 1362 974 umbones
1383 944 1594 984 resplendentes,
1609 951 1665 973 stu—

923 998 1013 1030 pentes
1026 998 1051 1019 et
1065 1002 1206 1030 suspensos
1223 1002 1269 1019 nos
1282 998 1353 1020 tenet
1364 990 1524 1025 admo-atim
1540 991 1562 1019 si
1576 998 1665 1019 autem

923 1037 1067 1075 contigerit
1079 1037 1172 1065 videre
1187 1047 1275 1075 regem
1291 1037 1317 1065 in
1331 1037 1418 1066 media
1434 1044 1584 1066 currentem
1597 1060 1604 1073 ,
1619 1045 1665 1066 aut

923 1083 1003 1111 ctiam
1023 1093 1084 1111 cum
1108 1082 1191 1110 armis
1211 1083 1300 1111 aureis
1319 1093 1416 1121 equum
1438 1090 1560 1121 agentem
1573 1106 1580 1120 ,
1597 1083 1664 1112 nihil

923 1128 1001 1156 nobis
1021 1127 1111 1156 deesse
1136 1127 1341 1156 existimamus:
1359 1128 1426 1165 quid
1441 1136 1519 1167 putas
1531 1152 1537 1163 ,
1556 1129 1665 1166 quando

923 1173 1072 1202 viderimus
1083 1180 1181 1202 aeterna
1199 1179 1353 1201 sanctorum
1374 1173 1544 1202 tabernacula
1558 1174 1613 1202 fixa
1638 1175 1663 1202 iu

922 1220 1016 1248 crelis?
1031 1220 1193 1258 Sltscipient
1207 1220 1277 1247 enim
1289 1241 1297 1255 ,
1317 1218 1424 1256 inquit,
1442 1229 1496 1247 mos
1510 1222 1540 1247 in
1555 1227 1664 1249 (eterna

923 1264 1118 1292 tabernacula
1142 1275 1149 1290 :
1176 1263 1285 1301 qnando
1316 1262 1417 1291 videris
1447 1273 1665 1302 unumquemque

921 1307 1135 1347 resplendentem
1148 1307 1209 1346 plus
1225 1318 1307 1346 quam
1319 1307 1388 1336 radii
1409 1307 1484 1341 soliS,
1497 1317 1547 1335 non
1566 1318 1599 1335 ex
1611 1319 1662 1336 aere

921 1362 946 1383 et
961 1355 1030 1383 ferro
1044 1377 1050 1390 ‚
1073 1353 1119 1382 sed
1139 1364 1174 1383 ex
1194 1353 1241 1382 illa
1265 1353 1350 1392 gloria
1362 1376 1369 1389 ‚
1385 1353 1461 1392 cujus
1475 1353 1593 1391 fulgores
1613 1364 1664 1382 nou

921 1407 1006 1441 potest
1024 1400 1118 1428 videre
1141 1400 1276 1428 humanus
1299 1399 1414 1428 oculus?
1430 1399 1466 1427 Et
1480 1399 1537 1427 haee
1555 1399 1665 1437 quidem

920 1448 947 1477 in
963 1447 1119 1476 hominibus
1133 1459 1139 1475 ε
1163 1446 1229 1485 quid
1254 1457 1318 1475 vero
1342 1446 1443 1474 dixeris
1458 1446 1543 1474 multa
1558 1447 1664 1485 angelo-

920 1505 981 1522 rum
994 1493 1081 1522 millia
1093 1516 1101 1530 ,
1121 1492 1345 1531 archangelorum
1362 1515 1368 1525 ,
1390 1491 1537 1520 Cherubim
1549 1515 1556 1528 ,
1581 1493 1663 1521 Sera-

920 1540 996 1579 phim
1009 1562 1017 1576 ,
1043 1539 1216 1568 Thronorum
1229 1561 1235 1573 ‚
1257 1538 1479 1567 Dominationum
1490 1560 1497 1574 ,
1524 1538 1663 1577 Principa-

921 1593 997 1614 tuum
1010 1609 1016 1621 ‚
1034 1586 1213 1619 potestatum,
1228 1595 1344 1622 quorum
1360 1583 1534 1622 pulchritudo
1557 1594 1663 1612 omnem

921 1638 1027 1671 superat
1042 1630 1273 1669 intelligentiam?
1293 1629 1346 1659 Sed
1360 1629 1431 1658 enim
1455 1640 1594 1668 quousque
1610 1640 1661 1658 nou

920 1676 1047 1705 desistam
1060 1687 1089 1705 ea
1111 1675 1235 1716 persequi
1251 1686 1310 1714 quae
1333 1685 1385 1703 non
1400 1682 1510 1714 possunt
1535 1685 1660 1714 compre*

458 1800 631 1829 MUTIANO
653 1800 904 1830 SCHOLASTICO
926 1802 1177 1832 INTERPRETE.

100 1905 316 1935 similitudinem.
332 1904 382 1933 tlic
395 1904 495 1944 quippe
507 1915 682 1943 quencumque
693 1904 753 1943 quis
765 1906 912 1944 perceperit
925 1905 1010 1941 bona,
1025 1905 1051 1933 in
1068 1904 1154 1944 prima
1167 1904 1280 1943 quidem
1292 1904 1351 1942 die,
1366 1915 1402 1934 ac
1411 1905 1434 1934 si
1448 1906 1536 1944 ipsum
1549 1916 1662 1945 regnum

100 1951 218 1988 dixeris,
230 1951 303 1990 viget
315 1951 341 1979 in
355 1961 384 1979 eo
395 1961 470 1979 amor
480 1957 505 1979 ct
523 1949 653 1989 gaudium
663 1973 672 1988 ,
690 1957 715 1979 et
730 1950 756 1978 in
769 1949 885 1979 secunda
898 1950 942 1980 die
955 1958 980 1979 et
992 1951 1018 1979 in
1035 1951 1111 1979 tertia
1123 1963 1130 1986 ;
1145 1957 1263 1990 tempore
1277 1962 1341 1980 vero
1356 1951 1514 1991 procedente
1525 1959 1662 1991 permanet

99 1997 208 2035 quidem
224 1997 250 2025 in
263 1997 413 2036 voluptate,
429 2007 480 2025 non
494 2003 581 2025 tamen
594 2003 665 2025 tanta
680 2008 686 2026 z
700 1996 837 2025 minuetur
852 1996 953 2036 quippe
967 2006 1070 2036 semper
1085 2006 1120 2024 ex
1139 1995 1330 2024 consuetudine
1351 1997 1548 2034 qualecumque
1560 1997 1662 2026 bonum

99 2043 172 2073 istud
186 2044 232 2073 sit.
246 2044 306 2073 Illic
321 2050 410 2072 autem
420 2054 471 2072 non
483 2043 570 2072 solum
582 2054 634 2072 non
647 2042 787 2079 decrescit,
799 2043 846 2072 sed
861 2043 941 2072 etiam
951 2049 1125 2082 augmentum
1137 2042 1245 2082 accipit.
1261 2042 1385 2081 Intellige
1401 2053 1517 2080 namque
1532 2050 1661 2080 quantum

99 2091 134 2120 sit
141 2091 259 2120 animam
268 2091 332 2119 illuc
339 2098 503 2130 pergentem,
514 2101 681 2129 nequaquam
691 2090 772 2119 finem
780 2090 913 2119 bonorum
925 2090 1034 2119 illorum
1045 2096 1198 2129 exspectare
1207 2092 1292 2128 neque
1302 2089 1477 2118 mutationem
1485 2090 1562 2128 ;quin
1573 2090 1662 2129 potius

100 2138 299 2173 incrementum,
308 2145 333 2166 et
344 2138 428 2166 vitam
438 2138 517 2166 finem
529 2148 581 2167 non
590 2138 743 2174 habentem,
755 2145 780 2166 et
789 2138 873 2167 vitam
883 2138 954 2166 omni
965 2137 1084 2178 periculo
1095 2137 1218 2173 liberam,
1227 2137 1298 2165 omni
1309 2147 1422 2166 mcerore
1430 2144 1455 2166 et
1464 2148 1527 2165 cura
1536 2137 1659 2174 alienam,

99 2185 204 2223 plenam
216 2185 322 2224 gaudiis
331 2192 356 2214 et
369 2185 443 2214 mille
453 2185 540 2215 bonis.
550 2186 580 2215 Si
592 2187 663 2215 enim
676 2186 719 2214 hic
734 2186 762 2214 in
776 2196 901 2226 campum
913 2192 1050 2222 exeuntes,
1062 2192 1087 2214 et
1100 2185 1271 2213 tabernacula
1282 2184 1401 2213 militurn
1414 2191 1560 2224 spectantes
1570 2195 1603 2213 ex
1618 2195 1661 2213 re-

101 2231 246 2259 laminihus
257 2231 386 2267 confecta,
397 2239 422 2261 et
433 2232 484 2261 tela
498 2239 523 2261 et
535 2232 633 2271 galeas,
645 2232 687 2261 vel
699 2232 863 2261 umbonibus
874 2239 898 2261 et
910 2231 1047 2260 umbilicis
1061 2238 1198 2260 scutorum
1214 2230 1424 2270 resplendentes,
1438 2237 1462 2258 et
1472 2231 1592 2270 rapimur
1603 2241 1661 2270 spe-

100 2275 198 2305 ctaculi
209 2276 355 2314 miracu103
371 2277 393 2305 si
405 2288 470 2306 vero
484 2278 630 2317 etiamjam
642 2279 833 2317 Imperatorem
848 2278 925 2306 nobis
940 2277 1075 2316 contingat
1089 2276 1226 2305 modicum
1240 2277 1342 2314 videre,
1356 2276 1413 2305 sive
1426 2283 1575 2305 currentem
1585 2298 1592 2312 ,
1606 2277 1663 2307 sive

99 2321 264 2361 equitantem
274 2321 301 2350 in
310 2323 392 2351 armis
399 2323 503 2361 aureis,
514 2324 716 2353 universitatem
728 2324 805 2353 nobis
816 2324 914 2353 habere
926 2331 1062 2363 putamus.
1072 2323 1145 2359 Quid
1157 2334 1219 2361 ergo
1230 2329 1316 2362 putas,
1327 2333 1389 2351 cum
1401 2322 1502 2351 videris
1509 2330 1662 2352 sanctornm

100 2369 270 2399 tabernacula
282 2376 379 2398 aeterna
391 2370 417 2399 in
433 2371 496 2399 caeto
507 2371 616 2401 'confixa
626 2372 639 2400 .⁰
651 2372 833 2410 Suscipiunt,
847 2372 949 2410 inquit,
960 2382 1016 2400 vos
1026 2373 1057 2400 in
1071 2371 1265 2400 tabernacula
1274 2377 1384 2399 oeeerna
1397 2382 1404 2398 :
1417 2381 1478 2399 cum
1487 2381 1663 2409 unumquem-

100 2427 152 2456 que
164 2427 256 2445 eorum
268 2427 348 2456 super
361 2415 451 2446 radios
466 2418 530 2447 solis
542 2418 644 2448 videris
658 2419 849 2458 refulgentem,
866 2429 916 2448 non
930 2429 963 2448 ex
978 2429 1030 2448 aere
1040 2426 1065 2447 et
1078 2419 1148 2447 ferro
1159 2441 1167 2455 ,
1187 2417 1232 2446 sed
1248 2428 1281 2446 ex
1296 2417 1342 2446 illa
1353 2418 1454 2456 gloria,
1469 2418 1546 2457 cujus
1563 2417 1662 2446 cando-

100 2475 155 2493 rem
167 2471 192 2493 et
202 2464 399 2493 coruscationes
413 2465 507 2494 oculus
518 2465 652 2495 humanus
667 2477 719 2495 uon
736 2473 822 2506 potest
834 2467 972 2506 inspicere.
990 2466 1025 2495 Et
1041 2466 1091 2494 hoc
1104 2465 1213 2504 quidem
1225 2472 1355 2504 quantum
1365 2464 1400 2493 ad
1411 2465 1532 2493 homines
1545 2465 1640 2493 attinet
1653 2477 1658 2492 ι

99 2509 167 2548 quid
183 2516 272 2538 autem
292 2510 349 2549 jam
363 2509 451 2539 dicam
467 2511 581 2540 multam
594 2512 720 2541 mititiam
741 2513 896 2551 angelorum
908 2536 917 2548 ,
933 2513 1171 2551 archangelorum,
1187 2511 1349 2548 Cherubim,
1362 2511 1517 2550 Seraphim,
1533 2511 1643 2540 Sediuin
1654 2533 1661 2545 ‚

101 2557 330 2595 Dominationum,
346 2557 558 2598 Principatuum,
570 2560 743 2599 Potestatum,
759 2571 874 2599 quorum
890 2560 1065 2600 pulchritudo
1080 2559 1278 2600 inexplicabilis
1290 2569 1394 2587 omnem
1408 2566 1522 2587 mentem
1535 2558 1638 2588 excedit
1650 2559 1662 2585 'J

1673 531 1776 551 felicita<

1673 563 1750 583 unium*
1763 571 1784 582 ιιι

1673 594 1723 614 caelo
1735 600 1816 621 punt-r.

1678 1229 1731 1251 Luc.
1746 1229 1778 1249 16.
1793 1235 1816 1257 9.
