<?xml version="1.0" encoding="UTF-8"?>
<!DOCTYPE html PUBLIC "-//W3C//DTD XHTML 1.0 Transitional//EN"
    "http://www.w3.org/TR/xhtml1/DTD/xhtml1-transitional.dtd">
<html xmlns="http://www.w3.org/1999/xhtml" xml:lang="en" lang="en">
 <head>
  <title>
</title>
<meta http-equiv="Content-Type" content="text/html;charset=utf-8" />
  <meta name='ocr-system' content='tesseract 3.04.00' />
  <meta name='ocr-capabilities' content='ocr_page ocr_carea ocr_par ocr_line ocrx_word'/>
</head>
<body>
  <div class='ocr_page' id='page_1' title='image "./operaomniaquaeex12johnuoft/operaomniaquaeex12johnuoft_0298.png"; bbox 0 0 1906 2846; ppageno 0'>
   <div class='ocr_carea' id='block_1_1' title="bbox 268 188 1005 228">
    <p class='ocr_par' dir='ltr' id='par_1_1' title="bbox 268 188 1005 228">
     <span class='ocr_line' id='line_1_1' title="bbox 268 188 1005 228; baseline -0.004 -8"><span class='ocrx_word' id='word_1_1' title='bbox 268 188 333 228; x_wconf 48' lang='lat'><strong>284</strong></span> <span class='ocrx_word' id='word_1_2' title='bbox 604 201 631 218; x_wconf 69' lang='lat' dir='ltr'><strong>s.</strong></span> <span class='ocrx_word' id='word_1_3' title='bbox 661 196 798 218; x_wconf 63' lang='lat' dir='ltr'><strong>suffixis</strong></span> <span class='ocrx_word' id='word_1_4' title='bbox 826 195 1005 217; x_wconf 69' lang='lat' dir='ltr'><strong>ttiinrsosr.</strong></span> 
     </span>
    </p>
   </div>
   <div class='ocr_carea' id='block_1_2' title="bbox 263 255 998 390">
    <p class='ocr_par' dir='ltr' id='par_1_2' title="bbox 263 255 998 390">
     <span class='ocr_line' id='line_1_2' title="bbox 265 255 996 292; baseline -0.005 -5"><span class='ocrx_word' id='word_1_5' title='bbox 265 270 323 287; x_wconf 78' lang='lat' dir='ltr'><strong>inus</strong></span> <span class='ocrx_word' id='word_1_6' title='bbox 334 282 340 292; x_wconf 80' lang='grc'><em>,</em></span> <span class='ocrx_word' id='word_1_7' title='bbox 358 270 373 287; x_wconf 91' lang='lat' dir='ltr'><strong>o</strong></span> <span class='ocrx_word' id='word_1_8' title='bbox 390 259 489 287; x_wconf 72' lang='lat' dir='ltr'><strong>dilecti.</strong></span> <span class='ocrx_word' id='word_1_9' title='bbox 503 258 575 292; x_wconf 86' lang='lat' dir='ltr'><strong>Quid</strong></span> <span class='ocrx_word' id='word_1_10' title='bbox 590 267 651 285; x_wconf 76' lang='lat' dir='ltr'><strong>vcro</strong></span> <span class='ocrx_word' id='word_1_11' title='bbox 667 279 674 291; x_wconf 90' lang='lat'>‚</span> <span class='ocrx_word' id='word_1_12' title='bbox 689 256 732 283; x_wconf 85' lang='lat' dir='ltr'><strong>dic</strong></span> <span class='ocrx_word' id='word_1_13' title='bbox 748 256 813 284; x_wconf 81' lang='lat' dir='ltr'><strong>mihi</strong></span> <span class='ocrx_word' id='word_1_14' title='bbox 827 256 839 284; x_wconf 66' lang='grc' dir='ltr'><strong>Ξ)</strong></span> <span class='ocrx_word' id='word_1_15' title='bbox 854 255 888 283; x_wconf 90' lang='lat' dir='ltr'><strong>dc</strong></span> <span class='ocrx_word' id='word_1_16' title='bbox 901 255 955 284; x_wconf 85' lang='lat' dir='ltr'><strong>fine</strong></span> <span class='ocrx_word' id='word_1_17' title='bbox 968 262 996 283; x_wconf 87' lang='lat' dir='ltr'><strong>tu</strong></span> 
     </span>
     <span class='ocr_line' id='line_1_3' title="bbox 263 300 998 342; baseline -0.007 -9"><span class='ocrx_word' id='word_1_18' title='bbox 263 316 290 333; x_wconf 79' lang='lat' dir='ltr'><strong>cs</strong></span> <span class='ocrx_word' id='word_1_19' title='bbox 300 305 428 333; x_wconf 78' lang='lat' dir='ltr'><strong>sollicitus</strong></span> <span class='ocrx_word' id='word_1_20' title='bbox 436 305 449 331; x_wconf 75' lang='grc' dir='ltr'><strong>Ξ)</strong></span> <span class='ocrx_word' id='word_1_21' title='bbox 461 304 517 342; x_wconf 72' lang='lat' dir='ltr'><strong>lpse</strong></span> <span class='ocrx_word' id='word_1_22' title='bbox 525 302 633 340; x_wconf 77' lang='lat' dir='ltr'><strong>quidem</strong></span> <span class='ocrx_word' id='word_1_23' title='bbox 642 302 697 340; x_wconf 72' lang='lat' dir='ltr'><strong>jain</strong></span> <span class='ocrx_word' id='word_1_24' title='bbox 710 311 792 340; x_wconf 87' lang='lat' dir='ltr'><strong>prope</strong></span> <span class='ocrx_word' id='word_1_25' title='bbox 803 300 892 337; x_wconf 83' lang='lat' dir='ltr'><strong>adest;</strong></span> <span class='ocrx_word' id='word_1_26' title='bbox 908 302 998 329; x_wconf 88' lang='lat' dir='ltr'><strong>unius-</strong></span> 
     </span>
     <span class='ocr_line' id='line_1_4' title="bbox 263 347 997 390; baseline -0.005 -11"><span class='ocrx_word' id='word_1_27' title='bbox 263 352 388 390; x_wconf 71' lang='lat' dir='ltr'><strong>cujusque</strong></span> <span class='ocrx_word' id='word_1_28' title='bbox 401 357 487 378; x_wconf 75' lang='lat' dir='ltr'><strong>autem</strong></span> <span class='ocrx_word' id='word_1_29' title='bbox 499 349 552 376; x_wconf 67' lang='lat' dir='ltr'><strong>vita</strong></span> <span class='ocrx_word' id='word_1_30' title='bbox 560 356 583 376; x_wconf 85' lang='lat' dir='ltr'><strong>et</strong></span> <span class='ocrx_word' id='word_1_31' title='bbox 596 358 666 376; x_wconf 85' lang='lat' dir='ltr'><strong>mors</strong></span> <span class='ocrx_word' id='word_1_32' title='bbox 677 354 715 375; x_wconf 89' lang='lat' dir='ltr'><strong>cst</strong></span> <span class='ocrx_word' id='word_1_33' title='bbox 729 347 915 386; x_wconf 80' lang='lat' dir='ltr'><strong>propinquior:</strong></span> <span class='ocrx_word' id='word_1_34' title='bbox 926 348 997 376; x_wconf 78' lang='lat' dir='ltr'><strong>Dies</strong></span> 
     </span>
    </p>
   </div>
   <div class='ocr_carea' id='block_1_3' title="bbox 245 394 996 432">
    <p class='ocr_par' dir='ltr' id='par_1_3' title="bbox 245 394 996 432">
     <span class='ocr_line' id='line_1_5' title="bbox 245 394 996 432; baseline -0.005 -8"><span class='ocrx_word' id='word_1_35' title='bbox 245 411 248 415; x_wconf 41' lang='lat' dir='ltr'><em>v</em></span> <span class='ocrx_word' id='word_1_36' title='bbox 263 397 350 429; x_wconf 84' lang='lat' dir='ltr'><strong>enim,</strong></span> <span class='ocrx_word' id='word_1_37' title='bbox 369 395 453 432; x_wconf 80' lang='lat' dir='ltr'><strong>inquit</strong></span> <span class='ocrx_word' id='word_1_38' title='bbox 466 417 473 430; x_wconf 73' lang='lat'><strong>,</strong></span> <span class='ocrx_word' id='word_1_39' title='bbox 490 400 653 422; x_wconf 79' lang='lat' dir='ltr'><strong>nostrorum</strong></span> <span class='ocrx_word' id='word_1_40' title='bbox 668 403 812 421; x_wconf 81' lang='lat' dir='ltr'><strong>annorum</strong></span> <span class='ocrx_word' id='word_1_41' title='bbox 828 395 858 420; x_wconf 86' lang='lat' dir='ltr'><strong>in</strong></span> <span class='ocrx_word' id='word_1_42' title='bbox 872 394 941 430; x_wconf 77' lang='lat' dir='ltr'><strong>ipsis</strong></span> <span class='ocrx_word' id='word_1_43' title='bbox 953 403 996 421; x_wconf 82' lang='lat' dir='ltr'><strong>se-</strong></span> 
     </span>
    </p>
   </div>
   <div class='ocr_carea' id='block_1_4' title="bbox 247 439 995 1614">
    <p class='ocr_par' dir='ltr' id='par_1_4' title="bbox 247 439 995 1614">
     <span class='ocr_line' id='line_1_6' title="bbox 260 439 995 478; baseline -0.003 -10"><span class='ocrx_word' id='word_1_44' title='bbox 260 442 413 478; x_wconf 72' lang='lat' dir='ltr'><strong>ptuaginta</strong></span> <span class='ocrx_word' id='word_1_45' title='bbox 429 441 501 467; x_wconf 80' lang='lat' dir='ltr'><strong>anni</strong></span> <span class='ocrx_word' id='word_1_46' title='bbox 508 453 518 472; x_wconf 92' lang='lat'><em>;</em></span> <span class='ocrx_word' id='word_1_47' title='bbox 534 441 559 467; x_wconf 84' lang='lat' dir='ltr'><strong>si</strong></span> <span class='ocrx_word' id='word_1_48' title='bbox 577 448 646 466; x_wconf 77' lang='lat' dir='ltr'><strong>vero</strong></span> <span class='ocrx_word' id='word_1_49' title='bbox 661 440 692 466; x_wconf 83' lang='lat' dir='ltr'><strong>in</strong></span> <span class='ocrx_word' id='word_1_50' title='bbox 705 439 913 476; x_wconf 78' lang='lat' dir='ltr'><strong>potentatibus,</strong></span> <span class='ocrx_word' id='word_1_51' title='bbox 922 444 995 466; x_wconf 82' lang='lat' dir='ltr'><strong>octo-</strong></span> 
     </span>
     <span class='ocr_line' id='line_1_7' title="bbox 258 481 994 522; baseline -0.004 -10"><span class='ocrx_word' id='word_1_52' title='bbox 258 486 341 522; x_wconf 69' lang='lat' dir='ltr'><strong>ginta</strong></span> <span class='ocrx_word' id='word_1_53' title='bbox 354 485 435 511; x_wconf 80' lang='lat' dir='ltr'><strong>anui.</strong></span> <span class='ocrx_word' id='word_1_54' title='bbox 449 483 535 522; x_wconf 84' lang='lat' dir='ltr'><strong>Prope</strong></span> <span class='ocrx_word' id='word_1_55' title='bbox 549 482 605 511; x_wconf 87' lang='lat' dir='ltr'><strong>dies</strong></span> <span class='ocrx_word' id='word_1_56' title='bbox 617 488 654 510; x_wconf 83' lang='lat' dir='ltr'><strong>cst</strong></span> <span class='ocrx_word' id='word_1_57' title='bbox 663 482 771 521; x_wconf 86' lang='lat' dir='ltr'><strong>judicii,</strong></span> <span class='ocrx_word' id='word_1_58' title='bbox 784 481 925 509; x_wconf 83' lang='lat' dir='ltr'><strong>timeamus</strong></span> <span class='ocrx_word' id='word_1_59' title='bbox 936 487 994 510; x_wconf 84' lang='lat' dir='ltr'><strong>tan-</strong></span> 
     </span>
     <span class='ocr_line' id='line_1_8' title="bbox 258 527 994 564; baseline -0.005 -6"><span class='ocrx_word' id='word_1_60' title='bbox 258 530 329 558; x_wconf 89' lang='lat' dir='ltr'><strong>dem.</strong></span> <span class='ocrx_word' id='word_1_61' title='bbox 343 531 449 558; x_wconf 83' lang='lat' dir='ltr'><strong>Frater</strong></span> <span class='ocrx_word' id='word_1_62' title='bbox 459 540 516 557; x_wconf 84' lang='lat' dir='ltr'><strong>non</strong></span> <span class='ocrx_word' id='word_1_63' title='bbox 530 530 654 564; x_wconf 79' lang='lat' dir='ltr'><em>redimit,</em></span> <span class='ocrx_word' id='word_1_64' title='bbox 665 529 786 556; x_wconf 81' lang='lat' dir='ltr'><em>redimet</em></span> <span class='ocrx_word' id='word_1_65' title='bbox 796 529 902 555; x_wconf 82' lang='lat' dir='ltr'><strong>homo?</strong></span> <span class='ocrx_word' id='word_1_66' title='bbox 916 527 994 555; x_wconf 83' lang='lat' dir='ltr'><strong>Mul-</strong></span> 
     </span>
     <span class='ocr_line' id='line_1_9' title="bbox 258 572 994 613; baseline -0.003 -10"><span class='ocrx_word' id='word_1_67' title='bbox 258 582 315 604; x_wconf 86' lang='lat' dir='ltr'><strong>tum</strong></span> <span class='ocrx_word' id='word_1_68' title='bbox 331 575 469 613; x_wconf 80' lang='lat' dir='ltr'><strong>pmnitcbit</strong></span> <span class='ocrx_word' id='word_1_69' title='bbox 480 585 526 603; x_wconf 85' lang='lat' dir='ltr'><strong>nos</strong></span> <span class='ocrx_word' id='word_1_70' title='bbox 543 574 616 607; x_wconf 85' lang='lat' dir='ltr'><strong>illic;</strong></span> <span class='ocrx_word' id='word_1_71' title='bbox 633 573 678 602; x_wconf 76' lang='lat' dir='ltr'><strong>sed</strong></span> <span class='ocrx_word' id='word_1_72' title='bbox 692 573 718 601; x_wconf 92' lang='lat' dir='ltr'><strong>in</strong></span> <span class='ocrx_word' id='word_1_73' title='bbox 731 579 815 601; x_wconf 86' lang='lat' dir='ltr'><strong>morte</strong></span> <span class='ocrx_word' id='word_1_74' title='bbox 828 572 920 601; x_wconf 91' lang='lat' dir='ltr'><strong>nullus</strong></span> <span class='ocrx_word' id='word_1_75' title='bbox 932 582 994 601; x_wconf 91' lang='lat' dir='ltr'><strong>con-</strong></span> 
     </span>
     <span class='ocr_line' id='line_1_10' title="bbox 259 619 993 659; baseline -0.004 -11"><span class='ocrx_word' id='word_1_76' title='bbox 259 621 378 650; x_wconf 81' lang='lat' dir='ltr'><strong>litcbitur</strong></span> <span class='ocrx_word' id='word_1_77' title='bbox 392 620 453 659; x_wconf 87' lang='lat' dir='ltr'><strong>ipsi.</strong></span> <span class='ocrx_word' id='word_1_78' title='bbox 470 621 610 659; x_wconf 75' lang='lat' dir='ltr'>Propterea</span> <span class='ocrx_word' id='word_1_79' title='bbox 621 619 698 655; x_wconf 84' lang='lat' dir='ltr'><strong>dicit,</strong></span> <span class='ocrx_word' id='word_1_80' title='bbox 712 619 993 658; x_wconf 81' lang='lat' dir='ltr'><strong>Praeveniamussa-</strong></span> 
     </span>
     <span class='ocr_line' id='line_1_11' title="bbox 257 665 992 706; baseline -0.005 -9"><span class='ocrx_word' id='word_1_81' title='bbox 257 670 328 697; x_wconf 81' lang='lat' dir='ltr'><strong>ciem</strong></span> <span class='ocrx_word' id='word_1_82' title='bbox 345 670 406 706; x_wconf 77' lang='lat' dir='ltr'><strong>ejus</strong></span> <span class='ocrx_word' id='word_1_83' title='bbox 416 670 446 695; x_wconf 86' lang='lat' dir='ltr'><strong>in</strong></span> <span class='ocrx_word' id='word_1_84' title='bbox 461 668 642 702; x_wconf 75' lang='lat' dir='ltr'><strong>confessione</strong></span> <span class='ocrx_word' id='word_1_85' title='bbox 654 679 664 699; x_wconf 88' lang='lat'><strong>,·</strong></span> <span class='ocrx_word' id='word_1_86' title='bbox 685 665 734 694; x_wconf 89' lang='lat' dir='ltr'><strong>hoc</strong></span> <span class='ocrx_word' id='word_1_87' title='bbox 747 672 803 699; x_wconf 82' lang='lat' dir='ltr'><strong>est,</strong></span> <span class='ocrx_word' id='word_1_88' title='bbox 819 666 876 704; x_wconf 84' lang='lat' dir='ltr'><strong>ejus</strong></span> <span class='ocrx_word' id='word_1_89' title='bbox 888 665 992 694; x_wconf 84' lang='lat' dir='ltr'><strong>adven-</strong></span> 
     </span>
     <span class='ocr_line' id='line_1_12' title="bbox 257 711 992 750; baseline -0.004 -8"><span class='ocrx_word' id='word_1_90' title='bbox 257 721 323 742; x_wconf 89' lang='lat' dir='ltr'><strong>tum.</strong></span> <span class='ocrx_word' id='word_1_91' title='bbox 345 715 412 742; x_wconf 81' lang='lat' dir='ltr'><strong>Nam</strong></span> <span class='ocrx_word' id='word_1_92' title='bbox 435 712 478 741; x_wconf 79' lang='lat' dir='ltr'><strong>liic</strong></span> <span class='ocrx_word' id='word_1_93' title='bbox 495 712 603 750; x_wconf 87' lang='lat' dir='ltr'><strong>quidem</strong></span> <span class='ocrx_word' id='word_1_94' title='bbox 618 711 645 740; x_wconf 92' lang='lat' dir='ltr'><strong>id</strong></span> <span class='ocrx_word' id='word_1_95' title='bbox 665 711 738 749; x_wconf 88' lang='lat' dir='ltr'><strong>quod</strong></span> <span class='ocrx_word' id='word_1_96' title='bbox 760 711 919 747; x_wconf 79' lang='lat' dir='ltr'><strong>fecerimus,</strong></span> <span class='ocrx_word' id='word_1_97' title='bbox 939 711 992 740; x_wconf 77' lang='lat' dir='ltr'><strong>vim</strong></span> 
     </span>
     <span class='ocr_line' id='line_1_13' title="bbox 258 759 991 796; baseline -0.001 -9"><span class='ocrx_word' id='word_1_98' title='bbox 258 760 351 796; x_wconf 81' lang='lat' dir='ltr'><strong>habet,</strong></span> <span class='ocrx_word' id='word_1_99' title='bbox 376 760 431 787; x_wconf 78' lang='lat' dir='ltr'><strong>illic</strong></span> <span class='ocrx_word' id='word_1_100' title='bbox 448 766 537 787; x_wconf 82' lang='lat' dir='ltr'><strong>autem</strong></span> <span class='ocrx_word' id='word_1_101' title='bbox 558 769 736 796; x_wconf 82' lang='lat' dir='ltr'><strong>nequaquam.</strong></span> <span class='ocrx_word' id='word_1_102' title='bbox 760 759 812 787; x_wconf 88' lang='lat' dir='ltr'><strong>Dic</strong></span> <span class='ocrx_word' id='word_1_103' title='bbox 837 769 927 796; x_wconf 63' lang='lat' dir='ltr'><strong>quaeso</strong></span> <span class='ocrx_word' id='word_1_104' title='bbox 938 781 946 795; x_wconf 91' lang='lat'><strong>,</strong></span> <span class='ocrx_word' id='word_1_105' title='bbox 970 759 991 787; x_wconf 87' lang='lat' dir='ltr'><strong>si</strong></span> 
     </span>
     <span class='ocr_line' id='line_1_14' title="bbox 255 805 992 844; baseline 0.001 -11"><span class='ocrx_word' id='word_1_106' title='bbox 255 806 316 844; x_wconf 89' lang='lat' dir='ltr'><strong>quis</strong></span> <span class='ocrx_word' id='word_1_107' title='bbox 339 816 385 834; x_wconf 90' lang='lat' dir='ltr'><strong>nos</strong></span> <span class='ocrx_word' id='word_1_108' title='bbox 401 806 427 833; x_wconf 91' lang='lat' dir='ltr'><strong>in</strong></span> <span class='ocrx_word' id='word_1_109' title='bbox 449 805 551 834; x_wconf 87' lang='lat' dir='ltr'><strong>ardenti</strong></span> <span class='ocrx_word' id='word_1_110' title='bbox 567 805 636 843; x_wconf 81' lang='lat' dir='ltr'><strong>ignis</strong></span> <span class='ocrx_word' id='word_1_111' title='bbox 656 805 762 834; x_wconf 82' lang='lat' dir='ltr'><strong>fornace</strong></span> <span class='ocrx_word' id='word_1_112' title='bbox 776 816 860 844; x_wconf 78' lang='lat' dir='ltr'><strong>parvo</strong></span> <span class='ocrx_word' id='word_1_113' title='bbox 874 811 992 844; x_wconf 88' lang='lat' dir='ltr'><strong>tempore</strong></span> 
     </span>
     <span class='ocr_line' id='line_1_15' title="bbox 254 853 991 892; baseline 0.001 -12"><span class='ocrx_word' id='word_1_114' title='bbox 254 853 374 881; x_wconf 78' lang='lat' dir='ltr'><strong>statuerit</strong></span> <span class='ocrx_word' id='word_1_115' title='bbox 388 876 394 886; x_wconf 83' lang='lat'>‚</span> <span class='ocrx_word' id='word_1_116' title='bbox 412 863 463 881; x_wconf 89' lang='lat' dir='ltr'><strong>non</strong></span> <span class='ocrx_word' id='word_1_117' title='bbox 477 853 565 889; x_wconf 72' lang='lat' dir='ltr'><strong>omnia</strong></span> <span class='ocrx_word' id='word_1_118' title='bbox 581 853 770 882; x_wconf 86' lang='lat' dir='ltr'><strong>sustinebimus</strong></span> <span class='ocrx_word' id='word_1_119' title='bbox 784 864 832 892; x_wconf 86' lang='lat' dir='ltr'><strong>pro</strong></span> <span class='ocrx_word' id='word_1_120' title='bbox 855 853 991 882; x_wconf 87' lang='lat' dir='ltr'><strong>liberatio-</strong></span> 
     </span>
     <span class='ocr_line' id='line_1_16' title="bbox 255 898 990 938; baseline 0.001 -12"><span class='ocrx_word' id='word_1_121' title='bbox 255 908 300 933; x_wconf 87' lang='lat' dir='ltr'><strong>ne,</strong></span> <span class='ocrx_word' id='word_1_122' title='bbox 312 898 413 927; x_wconf 73' lang='lat' dir='ltr'><strong>etiamsi</strong></span> <span class='ocrx_word' id='word_1_123' title='bbox 426 899 550 938; x_wconf 78' lang='lat' dir='ltr'><strong>pecunias</strong></span> <span class='ocrx_word' id='word_1_124' title='bbox 561 906 681 938; x_wconf 79' lang='lat' dir='ltr'><strong>oporteat</strong></span> <span class='ocrx_word' id='word_1_125' title='bbox 693 899 853 938; x_wconf 83' lang='lat' dir='ltr'><strong>profundere</strong></span> <span class='ocrx_word' id='word_1_126' title='bbox 863 921 870 935; x_wconf 89' lang='lat'>‚</span> <span class='ocrx_word' id='word_1_127' title='bbox 887 898 990 927; x_wconf 86' lang='lat' dir='ltr'><strong>etiamsi</strong></span> 
     </span>
     <span class='ocr_line' id='line_1_17' title="bbox 253 944 990 983; baseline 0.003 -12"><span class='ocrx_word' id='word_1_128' title='bbox 253 944 407 972; x_wconf 78' lang='lat' dir='ltr'><strong>servitutem</strong></span> <span class='ocrx_word' id='word_1_129' title='bbox 428 944 518 973; x_wconf 88' lang='lat' dir='ltr'><strong>subire</strong></span> <span class='ocrx_word' id='word_1_130' title='bbox 528 944 542 972; x_wconf 73' lang='grc' dir='ltr'><strong>ἶ)</strong></span> <span class='ocrx_word' id='word_1_131' title='bbox 568 945 646 972; x_wconf 53' lang='lat' dir='ltr'><strong>luam</strong></span> <span class='ocrx_word' id='word_1_132' title='bbox 661 944 740 973; x_wconf 90' lang='lat' dir='ltr'><strong>multi</strong></span> <span class='ocrx_word' id='word_1_133' title='bbox 762 944 790 972; x_wconf 91' lang='lat' dir='ltr'><strong>in</strong></span> <span class='ocrx_word' id='word_1_134' title='bbox 805 954 898 983; x_wconf 85' lang='lat' dir='ltr'><strong>graves</strong></span> <span class='ocrx_word' id='word_1_135' title='bbox 914 955 990 973; x_wconf 91' lang='lat' dir='ltr'><strong>mor-</strong></span> 
     </span>
     <span class='ocr_line' id='line_1_18' title="bbox 252 989 990 1028; baseline -0.001 -10"><span class='ocrx_word' id='word_1_136' title='bbox 252 989 300 1018; x_wconf 87' lang='lat' dir='ltr'><strong>bos</strong></span> <span class='ocrx_word' id='word_1_137' title='bbox 326 990 494 1025; x_wconf 77' lang='lat' dir='ltr'><strong>inciderunt,</strong></span> <span class='ocrx_word' id='word_1_138' title='bbox 519 996 544 1018; x_wconf 90' lang='lat' dir='ltr'><strong>et</strong></span> <span class='ocrx_word' id='word_1_139' title='bbox 567 989 654 1028; x_wconf 84' lang='lat' dir='ltr'><strong>parati</strong></span> <span class='ocrx_word' id='word_1_140' title='bbox 678 995 752 1017; x_wconf 87' lang='lat' dir='ltr'><strong>erant</strong></span> <span class='ocrx_word' id='word_1_141' title='bbox 775 989 839 1018; x_wconf 82' lang='lat' dir='ltr'><strong>dare</strong></span> <span class='ocrx_word' id='word_1_142' title='bbox 853 989 941 1018; x_wconf 88' lang='lat' dir='ltr'><strong>omnia</strong></span> <span class='ocrx_word' id='word_1_143' title='bbox 956 989 990 1018; x_wconf 85' lang='lat' dir='ltr'><strong>ad</strong></span> 
     </span>
     <span class='ocr_line' id='line_1_19' title="bbox 252 1035 989 1074; baseline 0 -10"><span class='ocrx_word' id='word_1_144' title='bbox 252 1036 448 1072; x_wconf 78' lang='lat' dir='ltr'><strong>valetudinem,</strong></span> <span class='ocrx_word' id='word_1_145' title='bbox 469 1036 489 1064; x_wconf 91' lang='lat' dir='ltr'><strong>si</strong></span> <span class='ocrx_word' id='word_1_146' title='bbox 506 1042 698 1074; x_wconf 84' lang='lat' dir='ltr'><strong>proponeretur</strong></span> <span class='ocrx_word' id='word_1_147' title='bbox 717 1035 755 1063; x_wconf 87' lang='lat' dir='ltr'><strong>eis</strong></span> <span class='ocrx_word' id='word_1_148' title='bbox 775 1035 871 1074; x_wconf 71' lang='lat' dir='ltr'><strong>optio?</strong></span> <span class='ocrx_word' id='word_1_149' title='bbox 884 1035 912 1064; x_wconf 92' lang='lat' dir='ltr'><strong>Si</strong></span> <span class='ocrx_word' id='word_1_150' title='bbox 927 1045 989 1074; x_wconf 82' lang='lat' dir='ltr'><strong>ergo</strong></span> 
     </span>
     <span class='ocr_line' id='line_1_20' title="bbox 251 1081 990 1120; baseline -0.001 -9"><span class='ocrx_word' id='word_1_151' title='bbox 251 1083 362 1111; x_wconf 84' lang='lat' dir='ltr'><strong>morbus</strong></span> <span class='ocrx_word' id='word_1_152' title='bbox 376 1082 452 1111; x_wconf 78' lang='lat' dir='ltr'><strong>brevi</strong></span> <span class='ocrx_word' id='word_1_153' title='bbox 474 1081 574 1110; x_wconf 80' lang='lat' dir='ltr'><strong>durans</strong></span> <span class='ocrx_word' id='word_1_154' title='bbox 598 1088 715 1120; x_wconf 86' lang='lat' dir='ltr'><strong>tempore</strong></span> <span class='ocrx_word' id='word_1_155' title='bbox 731 1081 767 1109; x_wconf 85' lang='lat' dir='ltr'><strong>ita</strong></span> <span class='ocrx_word' id='word_1_156' title='bbox 790 1091 838 1110; x_wconf 91' lang='lat' dir='ltr'><strong>nos</strong></span> <span class='ocrx_word' id='word_1_157' title='bbox 862 1088 941 1110; x_wconf 76' lang='lat' dir='ltr'><strong>vexat</strong></span> <span class='ocrx_word' id='word_1_158' title='bbox 964 1088 990 1110; x_wconf 88' lang='lat' dir='ltr'><strong>et</strong></span> 
     </span>
     <span class='ocr_line' id='line_1_21' title="bbox 251 1126 986 1166; baseline -0.001 -10"><span class='ocrx_word' id='word_1_159' title='bbox 251 1128 372 1156; x_wconf 81' lang='lat' dir='ltr'><strong>molestia</strong></span> <span class='ocrx_word' id='word_1_160' title='bbox 387 1128 471 1156; x_wconf 79' lang='lat' dir='ltr'><strong>afficit</strong></span> <span class='ocrx_word' id='word_1_161' title='bbox 481 1150 488 1162; x_wconf 93' lang='lat'>‚</span> <span class='ocrx_word' id='word_1_162' title='bbox 500 1126 566 1166; x_wconf 91' lang='lat' dir='ltr'><strong>quid</strong></span> <span class='ocrx_word' id='word_1_163' title='bbox 578 1127 633 1156; x_wconf 91' lang='lat' dir='ltr'><strong>illic</strong></span> <span class='ocrx_word' id='word_1_164' title='bbox 646 1127 772 1155; x_wconf 78' lang='lat' dir='ltr'><strong>faciemus</strong></span> <span class='ocrx_word' id='word_1_165' title='bbox 781 1149 789 1164; x_wconf 89' lang='lat'><strong>,</strong></span> <span class='ocrx_word' id='word_1_166' title='bbox 805 1127 912 1165; x_wconf 88' lang='lat' dir='ltr'><strong>quando</strong></span> <span class='ocrx_word' id='word_1_167' title='bbox 924 1128 986 1156; x_wconf 79' lang='lat' dir='ltr'><strong>nul-</strong></span> 
     </span>
     <span class='ocr_line' id='line_1_22' title="bbox 251 1173 987 1214; baseline 0.001 -12"><span class='ocrx_word' id='word_1_168' title='bbox 251 1174 294 1202; x_wconf 92' lang='lat' dir='ltr'><strong>lus</strong></span> <span class='ocrx_word' id='word_1_169' title='bbox 308 1174 357 1203; x_wconf 87' lang='lat' dir='ltr'><strong>erit</strong></span> <span class='ocrx_word' id='word_1_170' title='bbox 372 1185 436 1203; x_wconf 88' lang='lat' dir='ltr'><strong>usus</strong></span> <span class='ocrx_word' id='word_1_171' title='bbox 448 1173 631 1213; x_wconf 63' lang='lat' dir='ltr'><strong>poenitentiae?</strong></span> <span class='ocrx_word' id='word_1_172' title='bbox 646 1174 735 1208; x_wconf 87' lang='lat' dir='ltr'><strong>Quam</strong></span> <span class='ocrx_word' id='word_1_173' title='bbox 749 1173 840 1202; x_wconf 88' lang='lat' dir='ltr'><strong>multis</strong></span> <span class='ocrx_word' id='word_1_174' title='bbox 849 1184 918 1202; x_wconf 88' lang='lat' dir='ltr'><strong>nunc</strong></span> <span class='ocrx_word' id='word_1_175' title='bbox 929 1174 987 1214; x_wconf 84' lang='lat' dir='ltr'><strong>ple-</strong></span> 
     </span>
     <span class='ocr_line' id='line_1_23' title="bbox 251 1219 987 1254; baseline 0 -5"><span class='ocrx_word' id='word_1_176' title='bbox 251 1221 278 1248; x_wconf 90' lang='lat' dir='ltr'><strong>ni</strong></span> <span class='ocrx_word' id='word_1_177' title='bbox 293 1231 386 1249; x_wconf 88' lang='lat' dir='ltr'><strong>sumus</strong></span> <span class='ocrx_word' id='word_1_178' title='bbox 408 1220 486 1248; x_wconf 73' lang='lat' dir='ltr'><strong>malis</strong></span> <span class='ocrx_word' id='word_1_179' title='bbox 497 1242 506 1254; x_wconf 88' lang='lat'><strong>,</strong></span> <span class='ocrx_word' id='word_1_180' title='bbox 523 1226 548 1248; x_wconf 88' lang='lat' dir='ltr'><strong>ct</strong></span> <span class='ocrx_word' id='word_1_181' title='bbox 562 1229 615 1248; x_wconf 88' lang='lat' dir='ltr'><strong>non</strong></span> <span class='ocrx_word' id='word_1_182' title='bbox 628 1219 755 1248; x_wconf 86' lang='lat' dir='ltr'><strong>sentimus</strong></span> <span class='ocrx_word' id='word_1_183' title='bbox 767 1219 781 1247; x_wconf 71' lang='lat'>?</span> <span class='ocrx_word' id='word_1_184' title='bbox 795 1219 860 1247; x_wconf 82' lang='lat' dir='ltr'><strong>alter</strong></span> <span class='ocrx_word' id='word_1_185' title='bbox 873 1219 987 1249; x_wconf 83' lang='lat' dir='ltr'><strong>alterum</strong></span> 
     </span>
     <span class='ocr_line' id='line_1_24' title="bbox 250 1265 986 1304; baseline 0 -9"><span class='ocrx_word' id='word_1_186' title='bbox 250 1266 420 1301; x_wconf 84' lang='lat' dir='ltr'><strong>mordemus,</strong></span> <span class='ocrx_word' id='word_1_187' title='bbox 437 1265 504 1293; x_wconf 81' lang='lat' dir='ltr'><strong>alter</strong></span> <span class='ocrx_word' id='word_1_188' title='bbox 522 1265 634 1293; x_wconf 86' lang='lat' dir='ltr'><strong>alterum</strong></span> <span class='ocrx_word' id='word_1_189' title='bbox 660 1265 840 1293; x_wconf 81' lang='lat' dir='ltr'><strong>consumimus</strong></span> <span class='ocrx_word' id='word_1_190' title='bbox 860 1265 986 1304; x_wconf 85' lang='lat' dir='ltr'><strong>injuriam</strong></span> 
     </span>
     <span class='ocr_line' id='line_1_25' title="bbox 250 1310 987 1349; baseline 0 -10"><span class='ocrx_word' id='word_1_191' title='bbox 250 1311 392 1348; x_wconf 75' lang='lat' dir='ltr'><strong>facientes,</strong></span> <span class='ocrx_word' id='word_1_192' title='bbox 415 1317 567 1340; x_wconf 78' lang='lat' dir='ltr'><strong>accusantes</strong></span> <span class='ocrx_word' id='word_1_193' title='bbox 582 1333 589 1346; x_wconf 93' lang='lat'><strong>,</strong></span> <span class='ocrx_word' id='word_1_194' title='bbox 614 1310 803 1339; x_wconf 79' lang='lat' dir='ltr'><strong>calumniantes</strong></span> <span class='ocrx_word' id='word_1_195' title='bbox 814 1332 822 1347; x_wconf 89' lang='lat'><strong>,</strong></span> <span class='ocrx_word' id='word_1_196' title='bbox 848 1310 987 1349; x_wconf 81' lang='lat' dir='ltr'><strong>proximo-</strong></span> 
     </span>
     <span class='ocr_line' id='line_1_26' title="bbox 250 1356 982 1396; baseline -0.001 -11"><span class='ocrx_word' id='word_1_197' title='bbox 250 1367 309 1385; x_wconf 85' lang='lat' dir='ltr'><strong>rum</strong></span> <span class='ocrx_word' id='word_1_198' title='bbox 320 1357 433 1396; x_wconf 83' lang='lat' dir='ltr'><strong>gloriam</strong></span> <span class='ocrx_word' id='word_1_199' title='bbox 450 1367 519 1395; x_wconf 81' lang='lat' dir='ltr'><strong>aegre</strong></span> <span class='ocrx_word' id='word_1_200' title='bbox 530 1357 650 1385; x_wconf 86' lang='lat' dir='ltr'><strong>ferentes.</strong></span> <span class='ocrx_word' id='word_1_201' title='bbox 663 1356 697 1384; x_wconf 85' lang='lat' dir='ltr'><strong>Et</strong></span> <span class='ocrx_word' id='word_1_202' title='bbox 709 1356 771 1385; x_wconf 75' lang='lat' dir='ltr'><strong>vide</strong></span> <span class='ocrx_word' id='word_1_203' title='bbox 782 1367 837 1384; x_wconf 88' lang='lat' dir='ltr'><strong>rem</strong></span> <span class='ocrx_word' id='word_1_204' title='bbox 852 1367 961 1395; x_wconf 79' lang='lat' dir='ltr'><strong>gravem</strong></span> <span class='ocrx_word' id='word_1_205' title='bbox 976 1369 982 1384; x_wconf 87' lang='lat'>:</span> 
     </span>
     <span class='ocr_line' id='line_1_27' title="bbox 250 1401 983 1441; baseline 0 -11"><span class='ocrx_word' id='word_1_206' title='bbox 250 1412 310 1430; x_wconf 88' lang='lat' dir='ltr'><strong>cum</strong></span> <span class='ocrx_word' id='word_1_207' title='bbox 322 1402 435 1430; x_wconf 78' lang='lat' dir='ltr'><strong>voluerit</strong></span> <span class='ocrx_word' id='word_1_208' title='bbox 448 1402 581 1441; x_wconf 79' lang='lat' dir='ltr'><strong>quispiam</strong></span> <span class='ocrx_word' id='word_1_209' title='bbox 596 1401 690 1430; x_wconf 71' lang='lat' dir='ltr'><strong>laedere</strong></span> <span class='ocrx_word' id='word_1_210' title='bbox 707 1401 823 1440; x_wconf 77' lang='lat' dir='ltr'><strong>proximi</strong></span> <span class='ocrx_word' id='word_1_211' title='bbox 845 1401 983 1430; x_wconf 82' lang='lat' dir='ltr'><strong>existima-</strong></span> 
     </span>
     <span class='ocr_line' id='line_1_28' title="bbox 249 1446 985 1483; baseline 0.001 -8"><span class='ocrx_word' id='word_1_212' title='bbox 249 1447 347 1475; x_wconf 87' lang='lat' dir='ltr'><strong>tionem</strong></span> <span class='ocrx_word' id='word_1_213' title='bbox 359 1469 367 1483; x_wconf 90' lang='lat'><strong>,</strong></span> <span class='ocrx_word' id='word_1_214' title='bbox 380 1446 463 1475; x_wconf 86' lang='lat' dir='ltr'><strong>dicit:</strong></span> <span class='ocrx_word' id='word_1_215' title='bbox 481 1447 532 1475; x_wconf 89' lang='lat' dir='ltr'><strong>Hic</strong></span> <span class='ocrx_word' id='word_1_216' title='bbox 547 1447 590 1475; x_wconf 75' lang='lat' dir='ltr'><strong>vel</strong></span> <span class='ocrx_word' id='word_1_217' title='bbox 602 1447 646 1475; x_wconf 89' lang='lat' dir='ltr'><strong>ille</strong></span> <span class='ocrx_word' id='word_1_218' title='bbox 659 1447 710 1475; x_wconf 88' lang='lat' dir='ltr'><strong>hoc</strong></span> <span class='ocrx_word' id='word_1_219' title='bbox 721 1446 791 1475; x_wconf 80' lang='lat' dir='ltr'><strong>dixit</strong></span> <span class='ocrx_word' id='word_1_220' title='bbox 806 1458 812 1477; x_wconf 76' lang='grc' dir='ltr'>ε</span> <span class='ocrx_word' id='word_1_221' title='bbox 829 1447 919 1483; x_wconf 86' lang='lat' dir='ltr'><strong>Deus,</strong></span> <span class='ocrx_word' id='word_1_222' title='bbox 936 1447 985 1476; x_wconf 83' lang='lat' dir='ltr'><strong>hoc</strong></span> 
     </span>
     <span class='ocr_line' id='line_1_29' title="bbox 249 1492 984 1529; baseline 0 -9"><span class='ocrx_word' id='word_1_223' title='bbox 249 1493 315 1520; x_wconf 79' lang='lat' dir='ltr'><strong>mihi</strong></span> <span class='ocrx_word' id='word_1_224' title='bbox 331 1492 459 1527; x_wconf 87' lang='lat' dir='ltr'><strong>condona,</strong></span> <span class='ocrx_word' id='word_1_225' title='bbox 472 1503 505 1521; x_wconf 86' lang='lat' dir='ltr'><strong>ne</strong></span> <span class='ocrx_word' id='word_1_226' title='bbox 522 1503 564 1521; x_wconf 89' lang='lat' dir='ltr'><strong>me</strong></span> <span class='ocrx_word' id='word_1_227' title='bbox 579 1493 724 1529; x_wconf 79' lang='lat' dir='ltr'><strong>examines,</strong></span> <span class='ocrx_word' id='word_1_228' title='bbox 744 1503 804 1521; x_wconf 90' lang='lat' dir='ltr'><strong>reus</strong></span> <span class='ocrx_word' id='word_1_229' title='bbox 818 1503 878 1521; x_wconf 88' lang='lat' dir='ltr'><strong>sum</strong></span> <span class='ocrx_word' id='word_1_230' title='bbox 894 1503 984 1521; x_wconf 88' lang='lat' dir='ltr'><strong>rumo-</strong></span> 
     </span>
     <span class='ocr_line' id='line_1_30' title="bbox 248 1538 984 1577; baseline 0.003 -11"><span class='ocrx_word' id='word_1_231' title='bbox 248 1538 295 1566; x_wconf 86' lang='lat' dir='ltr'><strong>ris.</strong></span> <span class='ocrx_word' id='word_1_232' title='bbox 311 1539 366 1567; x_wconf 93' lang='lat' dir='ltr'><strong>Cur</strong></span> <span class='ocrx_word' id='word_1_233' title='bbox 380 1549 442 1577; x_wconf 84' lang='lat' dir='ltr'><strong>ergo</strong></span> <span class='ocrx_word' id='word_1_234' title='bbox 466 1539 574 1567; x_wconf 90' lang='lat' dir='ltr'><strong>omnino</strong></span> <span class='ocrx_word' id='word_1_235' title='bbox 596 1539 665 1568; x_wconf 87' lang='lat' dir='ltr'><strong>dicis</strong></span> <span class='ocrx_word' id='word_1_236' title='bbox 677 1561 686 1576; x_wconf 85' lang='lat'><em>‚</em></span> <span class='ocrx_word' id='word_1_237' title='bbox 705 1539 727 1567; x_wconf 87' lang='lat' dir='ltr'><strong>si</strong></span> <span class='ocrx_word' id='word_1_238' title='bbox 742 1549 794 1567; x_wconf 91' lang='lat' dir='ltr'><strong>non</strong></span> <span class='ocrx_word' id='word_1_239' title='bbox 811 1539 922 1568; x_wconf 72' lang='lat' dir='ltr'><strong>credis?</strong></span> <span class='ocrx_word' id='word_1_240' title='bbox 936 1550 984 1568; x_wconf 89' lang='lat' dir='ltr'><strong>cur</strong></span> 
     </span>
     <span class='ocr_line' id='line_1_31' title="bbox 247 1584 984 1614; baseline 0.004 -3"><span class='ocrx_word' id='word_1_241' title='bbox 247 1584 315 1612; x_wconf 84' lang='lat' dir='ltr'><strong>dicis</strong></span> <span class='ocrx_word' id='word_1_242' title='bbox 327 1585 340 1611; x_wconf 70' lang='lat'><strong>.³</strong></span> <span class='ocrx_word' id='word_1_243' title='bbox 353 1595 401 1612; x_wconf 89' lang='lat' dir='ltr'><strong>cur</strong></span> <span class='ocrx_word' id='word_1_244' title='bbox 416 1585 500 1613; x_wconf 90' lang='lat' dir='ltr'><strong>multo</strong></span> <span class='ocrx_word' id='word_1_245' title='bbox 521 1596 628 1614; x_wconf 87' lang='lat' dir='ltr'><strong>rumore</strong></span> <span class='ocrx_word' id='word_1_246' title='bbox 641 1584 705 1613; x_wconf 87' lang='lat' dir='ltr'><strong>sacis</strong></span> <span class='ocrx_word' id='word_1_247' title='bbox 723 1591 751 1612; x_wconf 89' lang='lat' dir='ltr'><strong>ut</strong></span> <span class='ocrx_word' id='word_1_248' title='bbox 774 1585 808 1613; x_wconf 86' lang='lat' dir='ltr'><strong>sit</strong></span> <span class='ocrx_word' id='word_1_249' title='bbox 830 1585 959 1614; x_wconf 84' lang='lat' dir='ltr'><strong>credibile</strong></span> <span class='ocrx_word' id='word_1_250' title='bbox 970 1586 984 1614; x_wconf 69' lang='grc' dir='ltr'><strong>ἰ’</strong></span> 
     </span>
    </p>
   </div>
   <div class='ocr_carea' id='block_1_5' title="bbox 1037 195 1489 218">
    <p class='ocr_par' dir='ltr' id='par_1_5' title="bbox 1037 195 1489 218">
     <span class='ocr_line' id='line_1_32' title="bbox 1037 195 1489 218; baseline 0.004 -2"><span class='ocrx_word' id='word_1_251' title='bbox 1037 196 1053 216; x_wconf 71' lang='lat' dir='ltr'>A</span> <span class='ocrx_word' id='word_1_252' title='bbox 1061 195 1177 217; x_wconf 72' lang='lat' dir='ltr'><strong>nenti-:1¹</strong></span> <span class='ocrx_word' id='word_1_253' title='bbox 1184 209 1191 216; x_wconf 83' lang='lat'>-</span> <span class='ocrx_word' id='word_1_254' title='bbox 1221 195 1282 217; x_wconf 77' lang='lat' dir='ltr'><strong>CON</strong></span> <span class='ocrx_word' id='word_1_255' title='bbox 1288 195 1346 217; x_wconf 70' lang='lat' dir='ltr'><strong>§TA</strong></span> <span class='ocrx_word' id='word_1_256' title='bbox 1353 196 1475 218; x_wconf 70' lang='lat' dir='ltr'>NT1N01·</span> <span class='ocrx_word' id='word_1_257' title='bbox 1482 211 1489 218; x_wconf 86' lang='lat'>.</span> 
     </span>
    </p>
   </div>
   <div class='ocr_carea' id='block_1_6' title="bbox 1053 255 1812 399">
    <p class='ocr_par' dir='ltr' id='par_1_6' title="bbox 1053 255 1812 399">
     <span class='ocr_line' id='line_1_33' title="bbox 1053 255 1811 295; baseline 0.001 -12"><span class='ocrx_word' id='word_1_258' title='bbox 1053 267 1132 284; x_wconf 79' lang='grc' dir='ltr'>κοντα</span> <span class='ocrx_word' id='word_1_259' title='bbox 1153 256 1214 291; x_wconf 81' lang='grc' dir='ltr'>ἔτη·</span> <span class='ocrx_word' id='word_1_260' title='bbox 1235 255 1279 284; x_wconf 79' lang='grc' dir='ltr'>ἐὰν</span> <span class='ocrx_word' id='word_1_261' title='bbox 1299 256 1325 284; x_wconf 80' lang='grc' dir='ltr'><strong>δὲ</strong></span> <span class='ocrx_word' id='word_1_262' title='bbox 1346 258 1372 285; x_wconf 78' lang='grc' dir='ltr'><strong>ἐν</strong></span> <span class='ocrx_word' id='word_1_263' title='bbox 1393 257 1570 292; x_wconf 72' lang='grc' dir='ltr'><strong>δυναστείαις,</strong></span> <span class='ocrx_word' id='word_1_264' title='bbox 1586 258 1743 295; x_wconf 76' lang='grc' dir='ltr'>ὀγδοήκοντα</span> <span class='ocrx_word' id='word_1_265' title='bbox 1757 258 1811 292; x_wconf 68' lang='grc' dir='ltr'>ἔτη.</span> 
     </span>
     <span class='ocr_line' id='line_1_34' title="bbox 1053 307 1811 347; baseline 0.001 -12"><span class='ocrx_word' id='word_1_266' title='bbox 1053 307 1148 344; x_wconf 72' lang='grc' dir='ltr'>Ἐγγὺς</span> <span class='ocrx_word' id='word_1_267' title='bbox 1162 310 1178 343; x_wconf 84' lang='grc' dir='ltr'>ἡ</span> <span class='ocrx_word' id='word_1_268' title='bbox 1191 307 1279 347; x_wconf 71' lang='grc' dir='ltr'>ἡμέρα</span> <span class='ocrx_word' id='word_1_269' title='bbox 1299 309 1347 342; x_wconf 75' lang='grc' dir='ltr'>τῆς</span> <span class='ocrx_word' id='word_1_270' title='bbox 1365 308 1486 347; x_wconf 80' lang='grc' dir='ltr'>κρίσεως·</span> <span class='ocrx_word' id='word_1_271' title='bbox 1502 308 1550 336; x_wconf 79' lang='grc' dir='ltr'><strong>κᾶν</strong></span> <span class='ocrx_word' id='word_1_272' title='bbox 1565 308 1632 336; x_wconf 73' lang='grc' dir='ltr'>οὕτω</span> <span class='ocrx_word' id='word_1_273' title='bbox 1646 310 1811 347; x_wconf 45' lang='lat' dir='ltr'><strong>:poematia-1.</strong></span> 
     </span>
     <span class='ocr_line' id='line_1_35' title="bbox 1053 357 1812 399; baseline 0.004 -13"><span class='ocrx_word' id='word_1_274' title='bbox 1053 357 1172 397; x_wconf 67' lang='grc' dir='ltr'>Ἀδελφὸς</span> <span class='ocrx_word' id='word_1_275' title='bbox 1183 360 1211 387; x_wconf 77' lang='grc' dir='ltr'>οὗ</span> <span class='ocrx_word' id='word_1_276' title='bbox 1219 360 1358 398; x_wconf 79' lang='grc' dir='ltr'>λυτροῧται</span> <span class='ocrx_word' id='word_1_277' title='bbox 1368 382 1375 395; x_wconf 89' lang='grc'>,</span> <span class='ocrx_word' id='word_1_278' title='bbox 1389 359 1551 399; x_wconf 76' lang='grc' dir='ltr'>λυτρώσεται</span> <span class='ocrx_word' id='word_1_279' title='bbox 1563 360 1708 398; x_wconf 60' lang='grc' dir='ltr'>ἄνθρωπος</span> <span class='ocrx_word' id='word_1_280' title='bbox 1722 360 1812 389; x_wconf 75' lang='grc' dir='ltr'>Πολλὰ</span> 
     </span>
    </p>
   </div>
   <div class='ocr_carea' id='block_1_7' title="bbox 1014 410 1813 451">
    <p class='ocr_par' dir='ltr' id='par_1_7' title="bbox 1014 410 1813 451">
     <span class='ocr_line' id='line_1_36' title="bbox 1014 410 1813 451; baseline 0.005 -15"><span class='ocrx_word' id='word_1_281' title='bbox 1014 416 1033 436; x_wconf 81' lang='grc' dir='ltr'>Α</span> <span class='ocrx_word' id='word_1_282' title='bbox 1052 410 1246 448; x_wconf 75' lang='grc' dir='ltr'>μετανοήσομεν</span> <span class='ocrx_word' id='word_1_283' title='bbox 1263 413 1331 440; x_wconf 80' lang='grc' dir='ltr'>ἐκεῖ·</span> <span class='ocrx_word' id='word_1_284' title='bbox 1347 412 1405 440; x_wconf 85' lang='grc' dir='ltr'>ἀλλ’</span> <span class='ocrx_word' id='word_1_285' title='bbox 1417 412 1443 439; x_wconf 83' lang='grc' dir='ltr'><strong>ἐν</strong></span> <span class='ocrx_word' id='word_1_286' title='bbox 1456 413 1492 451; x_wconf 79' lang='grc' dir='ltr'><strong>τῷ</strong></span> <span class='ocrx_word' id='word_1_287' title='bbox 1508 411 1610 450; x_wconf 78' lang='grc' dir='ltr'>θανάτῳ</span> <span class='ocrx_word' id='word_1_288' title='bbox 1622 412 1704 444; x_wconf 75' lang='grc' dir='ltr'>οὗδεὶς</span> <span class='ocrx_word' id='word_1_289' title='bbox 1724 412 1813 450; x_wconf 78' lang='grc' dir='ltr'>ἐξομο-</span> 
     </span>
    </p>
   </div>
   <div class='ocr_carea' id='block_1_8' title="bbox 1037 460 1814 1568">
    <p class='ocr_par' dir='ltr' id='par_1_8' title="bbox 1037 460 1814 1568">
     <span class='ocr_line' id='line_1_37' title="bbox 1049 460 1814 501; baseline 0.004 -13"><span class='ocrx_word' id='word_1_290' title='bbox 1049 460 1187 498; x_wconf 75' lang='grc' dir='ltr'>λογήσεται</span> <span class='ocrx_word' id='word_1_291' title='bbox 1210 462 1288 500; x_wconf 76' lang='grc' dir='ltr'>αὐτῷ.</span> <span class='ocrx_word' id='word_1_292' title='bbox 1304 461 1355 490; x_wconf 81' lang='grc' dir='ltr'><strong>Διὰ</strong></span> <span class='ocrx_word' id='word_1_293' title='bbox 1376 465 1451 490; x_wconf 76' lang='grc' dir='ltr'>τοῦτο</span> <span class='ocrx_word' id='word_1_294' title='bbox 1470 461 1554 500; x_wconf 81' lang='grc' dir='ltr'>λέγει,</span> <span class='ocrx_word' id='word_1_295' title='bbox 1576 462 1774 501; x_wconf 57' lang='grc' dir='ltr'>Προφῡάσωμεν</span> <span class='ocrx_word' id='word_1_296' title='bbox 1784 462 1814 491; x_wconf 84' lang='grc' dir='ltr'><strong>τὸ</strong></span> 
     </span>
     <span class='ocr_line' id='line_1_38' title="bbox 1049 512 1813 551; baseline 0.005 -12"><span class='ocrx_word' id='word_1_297' title='bbox 1049 512 1188 550; x_wconf 82' lang='grc' dir='ltr'>πρόσωπον</span> <span class='ocrx_word' id='word_1_298' title='bbox 1204 513 1282 542; x_wconf 68' lang='grc' dir='ltr'>αὐτοῦ</span> <span class='ocrx_word' id='word_1_299' title='bbox 1296 514 1322 541; x_wconf 79' lang='grc' dir='ltr'><strong>ἓν</strong></span> <span class='ocrx_word' id='word_1_300' title='bbox 1339 512 1537 551; x_wconf 71' lang='grc' dir='ltr'>ἐξομολογήσει·</span> <span class='ocrx_word' id='word_1_301' title='bbox 1561 513 1689 550; x_wconf 77' lang='grc' dir='ltr'>τουτέστι,</span> <span class='ocrx_word' id='word_1_302' title='bbox 1706 513 1754 549; x_wconf 71' lang='grc' dir='ltr'><strong>τὴν</strong></span> <span class='ocrx_word' id='word_1_303' title='bbox 1766 527 1813 543; x_wconf 72' lang='grc' dir='ltr'><strong>πα-</strong></span> 
     </span>
     <span class='ocr_line' id='line_1_39' title="bbox 1051 564 1812 604; baseline 0.003 -12"><span class='ocrx_word' id='word_1_304' title='bbox 1051 564 1154 603; x_wconf 80' lang='grc' dir='ltr'>ρουσίαν</span> <span class='ocrx_word' id='word_1_305' title='bbox 1171 566 1260 595; x_wconf 69' lang='grc' dir='ltr'>αὐτοῦ.</span> <span class='ocrx_word' id='word_1_306' title='bbox 1277 565 1407 594; x_wconf 71' lang='grc' dir='ltr'>Ἐνταῦθα</span> <span class='ocrx_word' id='word_1_307' title='bbox 1419 565 1465 603; x_wconf 82' lang='grc' dir='ltr'><strong>μὲν</strong></span> <span class='ocrx_word' id='word_1_308' title='bbox 1479 565 1531 604; x_wconf 84' lang='grc' dir='ltr'><strong>γὰρ</strong></span> <span class='ocrx_word' id='word_1_309' title='bbox 1550 565 1615 604; x_wconf 78' lang='grc' dir='ltr'>ὅπερ</span> <span class='ocrx_word' id='word_1_310' title='bbox 1631 566 1675 595; x_wconf 69' lang='grc' dir='ltr'>ἐὰν</span> <span class='ocrx_word' id='word_1_311' title='bbox 1693 567 1812 601; x_wconf 80' lang='grc' dir='ltr'>ποιήσω-</span> 
     </span>
     <span class='ocr_line' id='line_1_40' title="bbox 1049 616 1813 656; baseline 0.003 -11"><span class='ocrx_word' id='word_1_312' title='bbox 1049 629 1111 654; x_wconf 80' lang='grc' dir='ltr'>μεν,</span> <span class='ocrx_word' id='word_1_313' title='bbox 1126 616 1180 656; x_wconf 76' lang='grc' dir='ltr'>ἔχει</span> <span class='ocrx_word' id='word_1_314' title='bbox 1199 616 1284 656; x_wconf 55' lang='grc' dir='ltr'>ἰσχὺν,</span> <span class='ocrx_word' id='word_1_315' title='bbox 1307 618 1360 646; x_wconf 82' lang='grc' dir='ltr'>ἐκεῖ</span> <span class='ocrx_word' id='word_1_316' title='bbox 1382 617 1409 646; x_wconf 75' lang='grc' dir='ltr'><strong>δὲ</strong></span> <span class='ocrx_word' id='word_1_317' title='bbox 1427 617 1524 646; x_wconf 70' lang='grc' dir='ltr'>οὐκέτι.</span> <span class='ocrx_word' id='word_1_318' title='bbox 1544 616 1580 646; x_wconf 82' lang='grc' dir='ltr'><strong>Εἴ</strong></span> <span class='ocrx_word' id='word_1_319' title='bbox 1594 629 1632 650; x_wconf 85' lang='grc' dir='ltr'><strong>τις</strong></span> <span class='ocrx_word' id='word_1_320' title='bbox 1652 620 1741 655; x_wconf 77' lang='grc' dir='ltr'>ἡμᾶς,</span> <span class='ocrx_word' id='word_1_321' title='bbox 1756 619 1813 647; x_wconf 85' lang='grc' dir='ltr'>εἶπέ</span> 
     </span>
     <span class='ocr_line' id='line_1_41' title="bbox 1049 669 1812 709; baseline 0.003 -13"><span class='ocrx_word' id='word_1_322' title='bbox 1049 680 1093 706; x_wconf 85' lang='grc' dir='ltr'>μοι</span> <span class='ocrx_word' id='word_1_323' title='bbox 1100 692 1108 704; x_wconf 82' lang='lat'><strong>,</strong></span> <span class='ocrx_word' id='word_1_324' title='bbox 1137 671 1162 698; x_wconf 84' lang='grc' dir='ltr'><strong>ἐν</strong></span> <span class='ocrx_word' id='word_1_325' title='bbox 1184 669 1287 708; x_wconf 78' lang='grc' dir='ltr'>καμίνῳ</span> <span class='ocrx_word' id='word_1_326' title='bbox 1311 669 1457 708; x_wconf 77' lang='grc' dir='ltr'>φλεγομένῃ</span> <span class='ocrx_word' id='word_1_327' title='bbox 1481 672 1492 684; x_wconf 69' lang='lat'><strong>¹¹</strong></span> <span class='ocrx_word' id='word_1_328' title='bbox 1504 669 1595 707; x_wconf 77' lang='grc' dir='ltr'>μικρὸν</span> <span class='ocrx_word' id='word_1_329' title='bbox 1626 669 1730 703; x_wconf 76' lang='grc' dir='ltr'>στήσειε</span> <span class='ocrx_word' id='word_1_330' title='bbox 1753 670 1812 709; x_wconf 82' lang='grc' dir='ltr'>χρό-</span> 
     </span>
     <span class='ocr_line' id='line_1_42' title="bbox 1047 720 1811 760; baseline 0.003 -12"><span class='ocrx_word' id='word_1_331' title='bbox 1047 732 1102 757; x_wconf 81' lang='grc' dir='ltr'>νον,</span> <span class='ocrx_word' id='word_1_332' title='bbox 1113 721 1171 760; x_wconf 68' lang='grc' dir='ltr'>οὐχὶ</span> <span class='ocrx_word' id='word_1_333' title='bbox 1183 721 1269 750; x_wconf 71' lang='grc' dir='ltr'>πάντα</span> <span class='ocrx_word' id='word_1_334' title='bbox 1281 721 1482 758; x_wconf 77' lang='grc' dir='ltr'>ὑποστησόμεθα</span> <span class='ocrx_word' id='word_1_335' title='bbox 1497 720 1563 760; x_wconf 79' lang='grc' dir='ltr'>ὓπὲρ</span> <span class='ocrx_word' id='word_1_336' title='bbox 1577 723 1623 756; x_wconf 63' lang='grc' dir='ltr'>τῆς</span> <span class='ocrx_word' id='word_1_337' title='bbox 1638 723 1793 760; x_wconf 71' lang='grc' dir='ltr'>ἀπαλλαγῆς</span> <span class='ocrx_word' id='word_1_338' title='bbox 1802 744 1811 757; x_wconf 93' lang='grc'>,</span> 
     </span>
     <span class='ocr_line' id='line_1_43' title="bbox 1046 772 1809 812; baseline 0.004 -13"><span class='ocrx_word' id='word_1_339' title='bbox 1046 772 1094 799; x_wconf 80' lang='grc' dir='ltr'><strong>κᾶν</strong></span> <span class='ocrx_word' id='word_1_340' title='bbox 1105 772 1231 811; x_wconf 79' lang='grc' dir='ltr'>χρήματα</span> <span class='ocrx_word' id='word_1_341' title='bbox 1244 772 1288 811; x_wconf 78' lang='grc' dir='ltr'><strong>δέῃ</strong></span> <span class='ocrx_word' id='word_1_342' title='bbox 1304 773 1444 812; x_wconf 66' lang='grc' dir='ltr'>προέσθαι,</span> <span class='ocrx_word' id='word_1_343' title='bbox 1458 773 1506 801; x_wconf 75' lang='grc' dir='ltr'><strong>κᾶν</strong></span> <span class='ocrx_word' id='word_1_344' title='bbox 1522 773 1638 802; x_wconf 77' lang='grc' dir='ltr'>δουλείαν</span> <span class='ocrx_word' id='word_1_345' title='bbox 1651 775 1809 809; x_wconf 76' lang='grc' dir='ltr'>ὓποστῆναι;</span> 
     </span>
     <span class='ocr_line' id='line_1_44' title="bbox 1049 822 1813 863; baseline 0.004 -12"><span class='ocrx_word' id='word_1_346' title='bbox 1049 822 1130 852; x_wconf 77' lang='grc' dir='ltr'>Πόσοι</span> <span class='ocrx_word' id='word_1_347' title='bbox 1144 823 1227 855; x_wconf 80' lang='grc' dir='ltr'>νόσοις</span> <span class='ocrx_word' id='word_1_348' title='bbox 1240 824 1392 862; x_wconf 76' lang='grc' dir='ltr'>περιέπεσον</span> <span class='ocrx_word' id='word_1_349' title='bbox 1406 825 1535 863; x_wconf 78' lang='grc' dir='ltr'>χαλεπαῖς</span> <span class='ocrx_word' id='word_1_350' title='bbox 1544 847 1551 859; x_wconf 83' lang='grc'><strong>,</strong></span> <span class='ocrx_word' id='word_1_351' title='bbox 1574 825 1618 853; x_wconf 80' lang='grc' dir='ltr'><strong>καὶ</strong></span> <span class='ocrx_word' id='word_1_352' title='bbox 1637 825 1724 853; x_wconf 82' lang='grc' dir='ltr'>πάντα</span> <span class='ocrx_word' id='word_1_353' title='bbox 1745 825 1813 854; x_wconf 75' lang='grc' dir='ltr'>ἑτοί-</span> 
     </span>
     <span class='ocr_line' id='line_1_45' title="bbox 1047 875 1812 914; baseline 0.003 -11"><span class='ocrx_word' id='word_1_354' title='bbox 1047 887 1101 913; x_wconf 85' lang='grc' dir='ltr'><strong>μως</strong></span> <span class='ocrx_word' id='word_1_355' title='bbox 1114 875 1214 904; x_wconf 76' lang='grc' dir='ltr'>εἵλοντο</span> <span class='ocrx_word' id='word_1_356' title='bbox 1236 876 1322 905; x_wconf 76' lang='grc' dir='ltr'>δοῦναι</span> <span class='ocrx_word' id='word_1_357' title='bbox 1341 876 1382 911; x_wconf 79' lang='grc' dir='ltr'><strong>ἂν,</strong></span> <span class='ocrx_word' id='word_1_358' title='bbox 1393 876 1460 905; x_wconf 79' lang='grc' dir='ltr'>ὥστε</span> <span class='ocrx_word' id='word_1_359' title='bbox 1472 878 1672 914; x_wconf 70' lang='grc' dir='ltr'>ἀπαλλαγῆναι,</span> <span class='ocrx_word' id='word_1_360' title='bbox 1685 876 1710 904; x_wconf 85' lang='grc' dir='ltr'><strong>εἴ</strong></span> <span class='ocrx_word' id='word_1_361' title='bbox 1722 888 1751 914; x_wconf 80' lang='grc' dir='ltr'><strong>γε</strong></span> <span class='ocrx_word' id='word_1_362' title='bbox 1766 877 1812 905; x_wconf 79' lang='grc' dir='ltr'><strong>αἵ-</strong></span> 
     </span>
     <span class='ocr_line' id='line_1_46' title="bbox 1047 927 1811 968; baseline 0.001 -12"><span class='ocrx_word' id='word_1_363' title='bbox 1047 939 1116 966; x_wconf 78' lang='grc' dir='ltr'>ρεσις</span> <span class='ocrx_word' id='word_1_364' title='bbox 1136 928 1286 967; x_wconf 80' lang='grc' dir='ltr'>προύκειτο;</span> <span class='ocrx_word' id='word_1_365' title='bbox 1300 929 1334 957; x_wconf 79' lang='grc' dir='ltr'><strong>Εἰ</strong></span> <span class='ocrx_word' id='word_1_366' title='bbox 1348 927 1432 957; x_wconf 82' lang='grc' dir='ltr'>τοίνυν</span> <span class='ocrx_word' id='word_1_367' title='bbox 1448 930 1557 957; x_wconf 75' lang='grc' dir='ltr'>ἐνταῦθα</span> <span class='ocrx_word' id='word_1_368' title='bbox 1576 928 1650 961; x_wconf 82' lang='grc' dir='ltr'>νόσος</span> <span class='ocrx_word' id='word_1_369' title='bbox 1671 929 1811 968; x_wconf 74' lang='grc' dir='ltr'>ὀλιγοχρό-</span> 
     </span>
     <span class='ocr_line' id='line_1_47' title="bbox 1046 981 1810 1020; baseline 0 -11"><span class='ocrx_word' id='word_1_370' title='bbox 1046 993 1097 1014; x_wconf 89' lang='grc' dir='ltr'>νιος</span> <span class='ocrx_word' id='word_1_371' title='bbox 1110 981 1190 1014; x_wconf 74' lang='grc' dir='ltr'>οὕτως</span> <span class='ocrx_word' id='word_1_372' title='bbox 1203 984 1274 1019; x_wconf 77' lang='grc' dir='ltr'>ἡμᾶς</span> <span class='ocrx_word' id='word_1_373' title='bbox 1289 982 1363 1020; x_wconf 70' lang='grc' dir='ltr'>ἀνιᾷ,</span> <span class='ocrx_word' id='word_1_374' title='bbox 1378 981 1403 1009; x_wconf 83' lang='grc' dir='ltr'><strong>τί</strong></span> <span class='ocrx_word' id='word_1_375' title='bbox 1414 981 1556 1019; x_wconf 75' lang='grc' dir='ltr'>ποιήσομεν</span> <span class='ocrx_word' id='word_1_376' title='bbox 1572 983 1642 1016; x_wconf 79' lang='grc' dir='ltr'>ἐκεῖ,</span> <span class='ocrx_word' id='word_1_377' title='bbox 1655 981 1716 1009; x_wconf 77' lang='grc' dir='ltr'>ὅταν</span> <span class='ocrx_word' id='word_1_378' title='bbox 1729 981 1810 1019; x_wconf 80' lang='grc' dir='ltr'>μηδὲν</span> 
     </span>
     <span class='ocr_line' id='line_1_48' title="bbox 1043 1028 1808 1072; baseline 0.001 -11"><span class='ocrx_word' id='word_1_379' title='bbox 1043 1033 1135 1072; x_wconf 64' lang='grc' dir='ltr'>ὄφελος</span> <span class='ocrx_word' id='word_1_380' title='bbox 1152 1028 1170 1071; x_wconf 67' lang='grc' dir='ltr'>ᾖ</span> <span class='ocrx_word' id='word_1_381' title='bbox 1184 1034 1231 1066; x_wconf 66' lang='grc' dir='ltr'>τῆς</span> <span class='ocrx_word' id='word_1_382' title='bbox 1252 1032 1402 1070; x_wconf 78' lang='grc' dir='ltr'>μετανοίας;</span> <span class='ocrx_word' id='word_1_383' title='bbox 1412 1033 1507 1062; x_wconf 84' lang='grc' dir='ltr'>Πόσων</span> <span class='ocrx_word' id='word_1_384' title='bbox 1522 1036 1567 1061; x_wconf 83' lang='grc' dir='ltr'><strong>νῧν</strong></span> <span class='ocrx_word' id='word_1_385' title='bbox 1581 1032 1696 1071; x_wconf 81' lang='grc' dir='ltr'>γέμομεν</span> <span class='ocrx_word' id='word_1_386' title='bbox 1711 1035 1808 1068; x_wconf 77' lang='grc' dir='ltr'>κακῶν,</span> 
     </span>
     <span class='ocr_line' id='line_1_49' title="bbox 1043 1084 1809 1123; baseline 0.001 -10"><span class='ocrx_word' id='word_1_387' title='bbox 1043 1084 1087 1113; x_wconf 71' lang='grc' dir='ltr'><strong>καὶ</strong></span> <span class='ocrx_word' id='word_1_388' title='bbox 1109 1086 1156 1113; x_wconf 78' lang='grc' dir='ltr'>οὐκ</span> <span class='ocrx_word' id='word_1_389' title='bbox 1176 1084 1366 1122; x_wconf 78' lang='grc' dir='ltr'>αἷσθανόμεοα;</span> <span class='ocrx_word' id='word_1_390' title='bbox 1389 1085 1519 1119; x_wconf 74' lang='grc' dir='ltr'>ἀλλήλους</span> <span class='ocrx_word' id='word_1_391' title='bbox 1531 1085 1667 1123; x_wconf 73' lang='grc' dir='ltr'>δᾶκνομεν,</span> <span class='ocrx_word' id='word_1_392' title='bbox 1681 1085 1809 1120; x_wconf 76' lang='grc' dir='ltr'>ἀλλήλους</span> 
     </span>
     <span class='ocr_line' id='line_1_50' title="bbox 1043 1136 1806 1176; baseline 0 -12"><span class='ocrx_word' id='word_1_393' title='bbox 1043 1136 1213 1174; x_wconf 76' lang='grc' dir='ltr'>κατεσθίομεν</span> <span class='ocrx_word' id='word_1_394' title='bbox 1228 1137 1389 1170; x_wconf 71' lang='grc' dir='ltr'>ἀδικοῦντες,</span> <span class='ocrx_word' id='word_1_395' title='bbox 1415 1139 1633 1176; x_wconf 72' lang='grc' dir='ltr'>κατηγοροῦντες,</span> <span class='ocrx_word' id='word_1_396' title='bbox 1648 1136 1806 1164; x_wconf 66' lang='grc' dir='ltr'>διαὸάλλον-</span> 
     </span>
     <span class='ocr_line' id='line_1_51' title="bbox 1042 1191 1807 1231; baseline 0 -11"><span class='ocrx_word' id='word_1_397' title='bbox 1042 1203 1083 1224; x_wconf 86' lang='grc' dir='ltr'><strong>τες</strong></span> <span class='ocrx_word' id='word_1_398' title='bbox 1096 1196 1152 1224; x_wconf 79' lang='grc' dir='ltr'>ταῖς</span> <span class='ocrx_word' id='word_1_399' title='bbox 1165 1193 1215 1220; x_wconf 83' lang='grc' dir='ltr'>τῶν</span> <span class='ocrx_word' id='word_1_400' title='bbox 1231 1192 1341 1226; x_wconf 78' lang='grc' dir='ltr'>πλησίον</span> <span class='ocrx_word' id='word_1_401' title='bbox 1358 1191 1442 1224; x_wconf 76' lang='grc' dir='ltr'>δόξαις</span> <span class='ocrx_word' id='word_1_402' title='bbox 1462 1192 1627 1229; x_wconf 79' lang='grc' dir='ltr'>δακνόμενοι.</span> <span class='ocrx_word' id='word_1_403' title='bbox 1641 1192 1694 1220; x_wconf 85' lang='grc' dir='ltr'><strong>Καὶ</strong></span> <span class='ocrx_word' id='word_1_404' title='bbox 1715 1191 1763 1231; x_wconf 76' lang='grc' dir='ltr'><strong>ὅρα</strong></span> <span class='ocrx_word' id='word_1_405' title='bbox 1777 1192 1807 1220; x_wconf 76' lang='grc' dir='ltr'><strong>τὸ</strong></span> 
     </span>
     <span class='ocr_line' id='line_1_52' title="bbox 1041 1247 1805 1287; baseline 0 -11"><span class='ocrx_word' id='word_1_406' title='bbox 1041 1249 1156 1287; x_wconf 76' lang='grc' dir='ltr'>χαλεπόν</span> <span class='ocrx_word' id='word_1_407' title='bbox 1166 1260 1172 1265; x_wconf 92' lang='grc'><em>·</em></span> <span class='ocrx_word' id='word_1_408' title='bbox 1187 1248 1246 1276; x_wconf 80' lang='grc' dir='ltr'>ὅταν</span> <span class='ocrx_word' id='word_1_409' title='bbox 1270 1249 1384 1286; x_wconf 70' lang='grc' dir='ltr'>βουληθῇ</span> <span class='ocrx_word' id='word_1_410' title='bbox 1397 1259 1435 1279; x_wconf 86' lang='grc' dir='ltr'><strong>τις</strong></span> <span class='ocrx_word' id='word_1_411' title='bbox 1450 1247 1562 1285; x_wconf 74' lang='grc' dir='ltr'>διορύξαι</span> <span class='ocrx_word' id='word_1_412' title='bbox 1577 1251 1622 1276; x_wconf 76' lang='grc' dir='ltr'>τοῦ</span> <span class='ocrx_word' id='word_1_413' title='bbox 1636 1247 1746 1281; x_wconf 84' lang='grc' dir='ltr'>πλησίον</span> <span class='ocrx_word' id='word_1_414' title='bbox 1758 1247 1805 1283; x_wconf 78' lang='grc' dir='ltr'><strong>τὴν</strong></span> 
     </span>
     <span class='ocr_line' id='line_1_53' title="bbox 1041 1298 1806 1343; baseline 0 -10"><span class='ocrx_word' id='word_1_415' title='bbox 1041 1305 1170 1343; x_wconf 71' lang='grc' dir='ltr'>ὑπόληψιν</span> <span class='ocrx_word' id='word_1_416' title='bbox 1180 1325 1187 1338; x_wconf 88' lang='grc'><strong>,</strong></span> <span class='ocrx_word' id='word_1_417' title='bbox 1209 1304 1289 1342; x_wconf 63' lang='grc' dir='ltr'>φησὶ,</span> <span class='ocrx_word' id='word_1_418' title='bbox 1302 1304 1360 1331; x_wconf 58' lang='grc' dir='ltr'><strong>τόῗε</strong></span> <span class='ocrx_word' id='word_1_419' title='bbox 1386 1298 1457 1331; x_wconf 71' lang='grc' dir='ltr'>εἶπεν</span> <span class='ocrx_word' id='word_1_420' title='bbox 1474 1304 1487 1330; x_wconf 81' lang='grc' dir='ltr'>ὁ</span> <span class='ocrx_word' id='word_1_421' title='bbox 1509 1303 1580 1330; x_wconf 79' lang='grc' dir='ltr'>δεῖνα</span> <span class='ocrx_word' id='word_1_422' title='bbox 1592 1303 1653 1342; x_wconf 77' lang='grc' dir='ltr'>περὶ</span> <span class='ocrx_word' id='word_1_423' title='bbox 1668 1305 1747 1332; x_wconf 80' lang='grc' dir='ltr'>αὐτοῦ</span> <span class='ocrx_word' id='word_1_424' title='bbox 1757 1327 1765 1340; x_wconf 85' lang='grc'>,</span> <span class='ocrx_word' id='word_1_425' title='bbox 1791 1307 1806 1333; x_wconf 80' lang='grc' dir='ltr'><strong>ὃ</strong></span> 
     </span>
     <span class='ocr_line' id='line_1_54' title="bbox 1040 1359 1805 1399; baseline -0.001 -9"><span class='ocrx_word' id='word_1_426' title='bbox 1040 1361 1107 1392; x_wconf 77' lang='grc' dir='ltr'>Θεὸς</span> <span class='ocrx_word' id='word_1_427' title='bbox 1121 1359 1293 1399; x_wconf 71' lang='grc' dir='ltr'>συγχώρησον</span> <span class='ocrx_word' id='word_1_428' title='bbox 1309 1371 1370 1396; x_wconf 80' lang='grc' dir='ltr'>μοι,</span> <span class='ocrx_word' id='word_1_429' title='bbox 1394 1359 1431 1396; x_wconf 83' lang='grc' dir='ltr'><strong>μή</strong></span> <span class='ocrx_word' id='word_1_430' title='bbox 1447 1371 1479 1396; x_wconf 74' lang='grc' dir='ltr'><strong>με</strong></span> <span class='ocrx_word' id='word_1_431' title='bbox 1500 1359 1640 1399; x_wconf 79' lang='grc' dir='ltr'>ἐξετάσῃς,</span> <span class='ocrx_word' id='word_1_432' title='bbox 1664 1360 1744 1394; x_wconf 77' lang='grc' dir='ltr'>ἀκοῆς</span> <span class='ocrx_word' id='word_1_433' title='bbox 1758 1360 1805 1389; x_wconf 86' lang='grc' dir='ltr'><strong>λό-</strong></span> 
     </span>
     <span class='ocr_line' id='line_1_55' title="bbox 1039 1411 1805 1456; baseline -0.003 -10"><span class='ocrx_word' id='word_1_434' title='bbox 1039 1429 1082 1456; x_wconf 85' lang='grc' dir='ltr'><strong>γον</strong></span> <span class='ocrx_word' id='word_1_435' title='bbox 1101 1417 1206 1456; x_wconf 62' lang='grc' dir='ltr'>ὀφείλω.</span> <span class='ocrx_word' id='word_1_436' title='bbox 1225 1415 1260 1445; x_wconf 83' lang='grc' dir='ltr'><strong>Τί</strong></span> <span class='ocrx_word' id='word_1_437' title='bbox 1272 1411 1314 1445; x_wconf 64' lang='grc' dir='ltr'><strong>οὖν</strong></span> <span class='ocrx_word' id='word_1_438' title='bbox 1328 1416 1413 1454; x_wconf 81' lang='grc' dir='ltr'>λέγεις</span> <span class='ocrx_word' id='word_1_439' title='bbox 1433 1415 1514 1452; x_wconf 79' lang='grc' dir='ltr'>ὅλως,</span> <span class='ocrx_word' id='word_1_440' title='bbox 1526 1417 1549 1444; x_wconf 81' lang='grc' dir='ltr'><strong>εἰ</strong></span> <span class='ocrx_word' id='word_1_441' title='bbox 1568 1417 1597 1445; x_wconf 85' lang='grc' dir='ltr'>οὗ</span> <span class='ocrx_word' id='word_1_442' title='bbox 1611 1415 1760 1452; x_wconf 70' lang='grc' dir='ltr'>πιοτεύειςς</span> <span class='ocrx_word' id='word_1_443' title='bbox 1779 1416 1805 1444; x_wconf 89' lang='grc' dir='ltr'><strong>τί</strong></span> 
     </span>
     <span class='ocr_line' id='line_1_56' title="bbox 1037 1472 1806 1512; baseline -0.003 -10"><span class='ocrx_word' id='word_1_444' title='bbox 1037 1473 1134 1512; x_wconf 77' lang='grc' dir='ltr'>λέγεις;</span> <span class='ocrx_word' id='word_1_445' title='bbox 1150 1473 1176 1501; x_wconf 86' lang='grc' dir='ltr'><strong>τί</strong></span> <span class='ocrx_word' id='word_1_446' title='bbox 1190 1472 1282 1501; x_wconf 69' lang='grc' dir='ltr'>πιστὸν</span> <span class='ocrx_word' id='word_1_447' title='bbox 1306 1473 1369 1501; x_wconf 68' lang='grc' dir='ltr'>αὐτὸ</span> <span class='ocrx_word' id='word_1_448' title='bbox 1390 1472 1485 1512; x_wconf 77' lang='grc' dir='ltr'>ἐργάζῃ</span> <span class='ocrx_word' id='word_1_449' title='bbox 1500 1474 1532 1511; x_wconf 76' lang='grc' dir='ltr'><strong>τῇ</strong></span> <span class='ocrx_word' id='word_1_450' title='bbox 1557 1473 1642 1511; x_wconf 78' lang='grc' dir='ltr'>πολλῇ</span> <span class='ocrx_word' id='word_1_451' title='bbox 1666 1472 1761 1510; x_wconf 59' lang='lat' dir='ltr'><strong>wip-*513</strong></span> <span class='ocrx_word' id='word_1_452' title='bbox 1780 1472 1806 1501; x_wconf 80' lang='grc' dir='ltr'><strong>τί</strong></span> 
     </span>
     <span class='ocr_line' id='line_1_57' title="bbox 1039 1527 1805 1568; baseline -0.003 -10"><span class='ocrx_word' id='word_1_453' title='bbox 1039 1529 1238 1568; x_wconf 76' lang='grc' dir='ltr'>διαπορθμεύεις</span> <span class='ocrx_word' id='word_1_454' title='bbox 1259 1530 1303 1558; x_wconf 81' lang='grc' dir='ltr'><strong>τὸν</strong></span> <span class='ocrx_word' id='word_1_455' title='bbox 1324 1529 1399 1567; x_wconf 85' lang='grc' dir='ltr'>λόγον</span> <span class='ocrx_word' id='word_1_456' title='bbox 1424 1529 1472 1557; x_wconf 84' lang='grc' dir='ltr'>οὐκ</span> <span class='ocrx_word' id='word_1_457' title='bbox 1491 1529 1576 1563; x_wconf 79' lang='grc' dir='ltr'>ἀληθῆ</span> <span class='ocrx_word' id='word_1_458' title='bbox 1600 1528 1675 1564; x_wconf 84' lang='grc' dir='ltr'>ὄντα;</span> <span class='ocrx_word' id='word_1_459' title='bbox 1690 1527 1721 1556; x_wconf 82' lang='grc' dir='ltr'><strong>σὺ</strong></span> <span class='ocrx_word' id='word_1_460' title='bbox 1746 1530 1805 1556; x_wconf 73' lang='grc' dir='ltr'>ἄπι·</span> 
     </span>
    </p>
   </div>
   <div class='ocr_carea' id='block_1_9' title="bbox 1038 1583 1804 1624">
    <p class='ocr_par' dir='ltr' id='par_1_9' title="bbox 1038 1583 1804 1624">
     <span class='ocr_line' id='line_1_58' title="bbox 1038 1583 1804 1624; baseline -0.004 -9"><span class='ocrx_word' id='word_1_461' title='bbox 1038 1591 1106 1619; x_wconf 81' lang='grc' dir='ltr'>στεῖς</span> <span class='ocrx_word' id='word_1_462' title='bbox 1116 1609 1123 1623; x_wconf 86' lang='grc'><em>,</em></span> <span class='ocrx_word' id='word_1_463' title='bbox 1135 1586 1181 1614; x_wconf 80' lang='grc' dir='ltr'><strong>καὶ</strong></span> <span class='ocrx_word' id='word_1_464' title='bbox 1201 1585 1245 1614; x_wconf 80' lang='grc' dir='ltr'><strong>τὸν</strong></span> <span class='ocrx_word' id='word_1_465' title='bbox 1259 1586 1327 1615; x_wconf 81' lang='grc' dir='ltr'>Θεὸν</span> <span class='ocrx_word' id='word_1_466' title='bbox 1342 1587 1503 1624; x_wconf 75' lang='grc' dir='ltr'>παρακαλεῖς</span> <span class='ocrx_word' id='word_1_467' title='bbox 1521 1584 1590 1614; x_wconf 77' lang='grc' dir='ltr'>ὥστε</span> <span class='ocrx_word' id='word_1_468' title='bbox 1604 1596 1633 1613; x_wconf 84' lang='grc' dir='ltr'><strong>σε</strong></span> <span class='ocrx_word' id='word_1_469' title='bbox 1660 1584 1697 1622; x_wconf 80' lang='grc' dir='ltr'><strong>μὴ</strong></span> <span class='ocrx_word' id='word_1_470' title='bbox 1717 1583 1804 1617; x_wconf 66' lang='grc' dir='ltr'>ἐξετᾶ·</span> 
     </span>
    </p>
   </div>
   <div class='ocr_carea' id='block_1_10' title="bbox 281 1687 1004 1722">
    <p class='ocr_par' dir='ltr' id='par_1_10' title="bbox 281 1687 1004 1722">
     <span class='ocr_line' id='line_1_59' title="bbox 281 1687 1004 1722; baseline 0 -9"><span class='ocrx_word' id='word_1_471' title='bbox 281 1695 289 1705; x_wconf 79' lang='lat'>¹</span> <span class='ocrx_word' id='word_1_472' title='bbox 307 1689 348 1713; x_wconf 81' lang='lat' dir='ltr'><strong>Sic</strong></span> <span class='ocrx_word' id='word_1_473' title='bbox 361 1688 432 1713; x_wconf 92' lang='lat' dir='ltr'><strong>Colb.</strong></span> <span class='ocrx_word' id='word_1_474' title='bbox 443 1689 485 1719; x_wconf 79' lang='lat' dir='ltr'><strong>[A.</strong></span> <span class='ocrx_word' id='word_1_475' title='bbox 496 1689 523 1713; x_wconf 91' lang='lat' dir='ltr'><strong>B.</strong></span> <span class='ocrx_word' id='word_1_476' title='bbox 536 1694 560 1712; x_wconf 85' lang='lat' dir='ltr'><strong>et</strong></span> <span class='ocrx_word' id='word_1_477' title='bbox 568 1687 680 1721; x_wconf 85' lang='lat' dir='ltr'><strong>Comm.]</strong></span> <span class='ocrx_word' id='word_1_478' title='bbox 691 1689 721 1712; x_wconf 82' lang='lat'><strong>11]</strong></span> <span class='ocrx_word' id='word_1_479' title='bbox 730 1687 811 1712; x_wconf 79' lang='lat' dir='ltr'><strong>Editis</strong></span> <span class='ocrx_word' id='word_1_480' title='bbox 819 1694 901 1722; x_wconf 64' lang='grc' dir='ltr'>μικράν</span> <span class='ocrx_word' id='word_1_481' title='bbox 909 1687 1004 1713; x_wconf 74' lang='lat' dir='ltr'><strong>deerat.</strong></span> 
     </span>
    </p>
   </div>
   <div class='ocr_carea' id='block_1_11' title="bbox 662 1792 1383 1823">
    <p class='ocr_par' dir='ltr' id='par_1_11' title="bbox 662 1792 1383 1823">
     <span class='ocr_line' id='line_1_60' title="bbox 662 1792 1383 1823; baseline 0 -2"><span class='ocrx_word' id='word_1_482' title='bbox 662 1792 838 1822; x_wconf 74' lang='lat' dir='ltr'>MUTIANO</span> <span class='ocrx_word' id='word_1_483' title='bbox 859 1793 1110 1822; x_wconf 73' lang='lat' dir='ltr'>SCHOLASTICO</span> <span class='ocrx_word' id='word_1_484' title='bbox 1131 1793 1383 1823; x_wconf 84' lang='lat' dir='ltr'><strong>INTERPRETE.</strong></span> 
     </span>
    </p>
   </div>
   <div class='ocr_carea' id='block_1_12' title="bbox 238 1885 1802 2581">
    <p class='ocr_par' dir='ltr' id='par_1_12' title="bbox 238 1885 1802 2581">
     <span class='ocr_line' id='line_1_61' title="bbox 244 1885 1799 1925; baseline 0.001 -11"><span class='ocrx_word' id='word_1_485' title='bbox 244 1886 387 1914; x_wconf 81' lang='lat' dir='ltr'><strong>lectissimi.</strong></span> <span class='ocrx_word' id='word_1_486' title='bbox 405 1885 479 1920; x_wconf 89' lang='lat' dir='ltr'><strong>Quid</strong></span> <span class='ocrx_word' id='word_1_487' title='bbox 491 1892 579 1914; x_wconf 85' lang='lat' dir='ltr'><strong>autem</strong></span> <span class='ocrx_word' id='word_1_488' title='bbox 594 1892 650 1920; x_wconf 87' lang='lat' dir='ltr'><strong>est,</strong></span> <span class='ocrx_word' id='word_1_489' title='bbox 667 1885 712 1914; x_wconf 87' lang='lat' dir='ltr'><strong>dic</strong></span> <span class='ocrx_word' id='word_1_490' title='bbox 723 1885 791 1914; x_wconf 89' lang='lat' dir='ltr'><strong>mihi</strong></span> <span class='ocrx_word' id='word_1_491' title='bbox 802 1885 816 1914; x_wconf 81' lang='lat'>?</span> <span class='ocrx_word' id='word_1_492' title='bbox 832 1885 866 1914; x_wconf 90' lang='lat' dir='ltr'><strong>de</strong></span> <span class='ocrx_word' id='word_1_493' title='bbox 881 1885 935 1914; x_wconf 86' lang='lat' dir='ltr'><strong>fine</strong></span> <span class='ocrx_word' id='word_1_494' title='bbox 945 1892 975 1914; x_wconf 91' lang='lat' dir='ltr'><strong>tu</strong></span> <span class='ocrx_word' id='word_1_495' title='bbox 989 1885 1120 1914; x_wconf 88' lang='lat' dir='ltr'><strong>sollicitus</strong></span> <span class='ocrx_word' id='word_1_496' title='bbox 1134 1885 1182 1914; x_wconf 74' lang='lat' dir='ltr'><strong>es?</strong></span> <span class='ocrx_word' id='word_1_497' title='bbox 1197 1885 1232 1914; x_wconf 85' lang='lat' dir='ltr'><strong>Et</strong></span> <span class='ocrx_word' id='word_1_498' title='bbox 1246 1896 1306 1914; x_wconf 87' lang='lat' dir='ltr'><strong>ecce</strong></span> <span class='ocrx_word' id='word_1_499' title='bbox 1319 1885 1380 1914; x_wconf 81' lang='lat' dir='ltr'><strong>{inis</strong></span> <span class='ocrx_word' id='word_1_500' title='bbox 1394 1896 1476 1925; x_wconf 89' lang='lat' dir='ltr'><strong>prope</strong></span> <span class='ocrx_word' id='word_1_501' title='bbox 1487 1893 1541 1923; x_wconf 85' lang='lat' dir='ltr'><strong>est,</strong></span> <span class='ocrx_word' id='word_1_502' title='bbox 1552 1886 1600 1916; x_wconf 81' lang='lat' dir='ltr'><strong>sed</strong></span> <span class='ocrx_word' id='word_1_503' title='bbox 1618 1893 1644 1915; x_wconf 86' lang='lat' dir='ltr'><strong>et</strong></span> <span class='ocrx_word' id='word_1_504' title='bbox 1659 1887 1720 1916; x_wconf 87' lang='lat' dir='ltr'><strong>vitae</strong></span> <span class='ocrx_word' id='word_1_505' title='bbox 1735 1888 1799 1917; x_wconf 85' lang='lat' dir='ltr'><strong>finis</strong></span> 
     </span>
     <span class='ocr_line' id='line_1_62' title="bbox 243 1933 1802 1973; baseline 0.001 -12"><span class='ocrx_word' id='word_1_506' title='bbox 243 1933 452 1972; x_wconf 87' lang='lat' dir='ltr'><strong>uniuscujusque</strong></span> <span class='ocrx_word' id='word_1_507' title='bbox 465 1943 548 1972; x_wconf 82' lang='lat' dir='ltr'><strong>prope</strong></span> <span class='ocrx_word' id='word_1_508' title='bbox 562 1939 610 1961; x_wconf 83' lang='lat' dir='ltr'><strong>cst.</strong></span> <span class='ocrx_word' id='word_1_509' title='bbox 626 1933 718 1968; x_wconf 86' lang='lat' dir='ltr'><strong>Dies,</strong></span> <span class='ocrx_word' id='word_1_510' title='bbox 734 1933 821 1971; x_wconf 91' lang='lat' dir='ltr'><strong>inquit</strong></span> <span class='ocrx_word' id='word_1_511' title='bbox 831 1955 841 1970; x_wconf 83' lang='lat'><em>‚</em></span> <span class='ocrx_word' id='word_1_512' title='bbox 861 1943 1006 1961; x_wconf 83' lang='lat' dir='ltr'><strong>annorum</strong></span> <span class='ocrx_word' id='word_1_513' title='bbox 1031 1940 1195 1962; x_wconf 83' lang='lat' dir='ltr'><strong>nostrorum</strong></span> <span class='ocrx_word' id='word_1_514' title='bbox 1217 1935 1249 1961; x_wconf 90' lang='lat' dir='ltr'><strong>in</strong></span> <span class='ocrx_word' id='word_1_515' title='bbox 1267 1934 1434 1962; x_wconf 84' lang='lat' dir='ltr'><strong>moeroribus</strong></span> <span class='ocrx_word' id='word_1_516' title='bbox 1455 1935 1644 1973; x_wconf 79' lang='lat' dir='ltr'><strong>septuaginta</strong></span> <span class='ocrx_word' id='word_1_517' title='bbox 1664 1936 1757 1971; x_wconf 86' lang='lat' dir='ltr'><strong>anm·;</strong></span> <span class='ocrx_word' id='word_1_518' title='bbox 1776 1937 1802 1964; x_wconf 79' lang='lat' dir='ltr'><strong>si</strong></span> 
     </span>
     <span class='ocr_line' id='line_1_63' title="bbox 242 1979 1798 2020; baseline 0.001 -12"><span class='ocrx_word' id='word_1_519' title='bbox 242 1991 312 2008; x_wconf 80' lang='lat' dir='ltr'><strong>vero</strong></span> <span class='ocrx_word' id='word_1_520' title='bbox 323 1982 354 2008; x_wconf 87' lang='lat' dir='ltr'><strong>in</strong></span> <span class='ocrx_word' id='word_1_521' title='bbox 363 1982 572 2019; x_wconf 82' lang='lat' dir='ltr'><strong>potentatibus,</strong></span> <span class='ocrx_word' id='word_1_522' title='bbox 587 1982 759 2019; x_wconf 81' lang='lat' dir='ltr'><strong>octuaginta</strong></span> <span class='ocrx_word' id='word_1_523' title='bbox 775 1982 856 2009; x_wconf 82' lang='lat' dir='ltr'><strong>anni.</strong></span> <span class='ocrx_word' id='word_1_524' title='bbox 870 1981 958 2020; x_wconf 89' lang='lat' dir='ltr'><strong>Prope</strong></span> <span class='ocrx_word' id='word_1_525' title='bbox 970 1987 1009 2009; x_wconf 86' lang='lat' dir='ltr'><strong>est</strong></span> <span class='ocrx_word' id='word_1_526' title='bbox 1023 1979 1079 2009; x_wconf 83' lang='lat' dir='ltr'><strong>dies</strong></span> <span class='ocrx_word' id='word_1_527' title='bbox 1096 1980 1209 2019; x_wconf 85' lang='lat' dir='ltr'><strong>judicii;</strong></span> <span class='ocrx_word' id='word_1_528' title='bbox 1227 1980 1368 2009; x_wconf 87' lang='lat' dir='ltr'><strong>timeamus</strong></span> <span class='ocrx_word' id='word_1_529' title='bbox 1379 1981 1488 2018; x_wconf 79' lang='lat' dir='ltr'><strong>itaque,</strong></span> <span class='ocrx_word' id='word_1_530' title='bbox 1502 1981 1598 2010; x_wconf 77' lang='lat' dir='ltr'><strong>fratres</strong></span> <span class='ocrx_word' id='word_1_531' title='bbox 1617 1980 1798 2010; x_wconf 78' lang='lat' dir='ltr'><strong>dilectissimi.</strong></span> 
     </span>
     <span class='ocr_line' id='line_1_64' title="bbox 242 2027 1800 2066; baseline 0.001 -11"><span class='ocrx_word' id='word_1_532' title='bbox 242 2028 348 2055; x_wconf 74' lang='lat' dir='ltr'><strong>Frater</strong></span> <span class='ocrx_word' id='word_1_533' title='bbox 358 2037 416 2055; x_wconf 86' lang='lat' dir='ltr'><strong>non</strong></span> <span class='ocrx_word' id='word_1_534' title='bbox 432 2028 551 2058; x_wconf 80' lang='lat' dir='ltr'><strong>liberat,</strong></span> <span class='ocrx_word' id='word_1_535' title='bbox 565 2027 670 2055; x_wconf 82' lang='lat' dir='ltr'><strong>liberat</strong></span> <span class='ocrx_word' id='word_1_536' title='bbox 684 2027 768 2056; x_wconf 84' lang='lat' dir='ltr'><strong>homo</strong></span> <span class='ocrx_word' id='word_1_537' title='bbox 779 2030 792 2055; x_wconf 65' lang='grc' dir='ltr'><em>Ρ</em></span> <span class='ocrx_word' id='word_1_538' title='bbox 809 2027 929 2055; x_wconf 85' lang='lat' dir='ltr'><strong>Multum</strong></span> <span class='ocrx_word' id='word_1_539' title='bbox 948 2027 1033 2066; x_wconf 85' lang='lat' dir='ltr'><strong>poenis</strong></span> <span class='ocrx_word' id='word_1_540' title='bbox 1049 2027 1137 2056; x_wconf 86' lang='lat' dir='ltr'><strong>arsuri</strong></span> <span class='ocrx_word' id='word_1_541' title='bbox 1158 2037 1251 2056; x_wconf 90' lang='lat' dir='ltr'><strong>sumus</strong></span> <span class='ocrx_word' id='word_1_542' title='bbox 1263 2027 1336 2064; x_wconf 89' lang='lat' dir='ltr'><strong>illic,</strong></span> <span class='ocrx_word' id='word_1_543' title='bbox 1353 2027 1398 2055; x_wconf 86' lang='lat' dir='ltr'><strong>sed</strong></span> <span class='ocrx_word' id='word_1_544' title='bbox 1414 2027 1440 2055; x_wconf 91' lang='lat' dir='ltr'><strong>in</strong></span> <span class='ocrx_word' id='word_1_545' title='bbox 1453 2034 1538 2056; x_wconf 90' lang='lat' dir='ltr'><strong>morte</strong></span> <span class='ocrx_word' id='word_1_546' title='bbox 1552 2027 1644 2056; x_wconf 82' lang='lat' dir='ltr'><strong>nullus</strong></span> <span class='ocrx_word' id='word_1_547' title='bbox 1661 2028 1800 2057; x_wconf 80' lang='lat' dir='ltr'><strong>confitebi-</strong></span> 
     </span>
     <span class='ocr_line' id='line_1_65' title="bbox 241 2073 1800 2114; baseline 0.001 -12"><span class='ocrx_word' id='word_1_548' title='bbox 241 2080 285 2101; x_wconf 88' lang='lat' dir='ltr'><strong>tur</strong></span> <span class='ocrx_word' id='word_1_549' title='bbox 295 2074 347 2102; x_wconf 90' lang='lat' dir='ltr'><strong>illi.</strong></span> <span class='ocrx_word' id='word_1_550' title='bbox 362 2073 465 2102; x_wconf 88' lang='lat' dir='ltr'><strong>Idcirco</strong></span> <span class='ocrx_word' id='word_1_551' title='bbox 478 2074 561 2102; x_wconf 89' lang='lat' dir='ltr'><strong>dicit:</strong></span> <span class='ocrx_word' id='word_1_552' title='bbox 574 2075 813 2113; x_wconf 85' lang='lat' dir='ltr'><strong>Praeoccupemus</strong></span> <span class='ocrx_word' id='word_1_553' title='bbox 823 2075 934 2113; x_wconf 85' lang='lat' dir='ltr'><strong>faciem</strong></span> <span class='ocrx_word' id='word_1_554' title='bbox 948 2076 1010 2114; x_wconf 80' lang='lat' dir='ltr'><strong>ejus</strong></span> <span class='ocrx_word' id='word_1_555' title='bbox 1020 2076 1052 2102; x_wconf 86' lang='lat' dir='ltr'><strong>in</strong></span> <span class='ocrx_word' id='word_1_556' title='bbox 1067 2075 1268 2114; x_wconf 83' lang='lat' dir='ltr'><strong>confessione,</strong></span> <span class='ocrx_word' id='word_1_557' title='bbox 1282 2074 1332 2102; x_wconf 87' lang='lat' dir='ltr'><strong>hoc</strong></span> <span class='ocrx_word' id='word_1_558' title='bbox 1346 2081 1395 2109; x_wconf 85' lang='lat' dir='ltr'><strong>est,</strong></span> <span class='ocrx_word' id='word_1_559' title='bbox 1411 2073 1559 2103; x_wconf 81' lang='lat' dir='ltr'><strong>adventum</strong></span> <span class='ocrx_word' id='word_1_560' title='bbox 1573 2074 1632 2113; x_wconf 87' lang='lat' dir='ltr'><strong>ejus</strong></span> <span class='ocrx_word' id='word_1_561' title='bbox 1642 2081 1668 2103; x_wconf 86' lang='lat' dir='ltr'><strong>et</strong></span> <span class='ocrx_word' id='word_1_562' title='bbox 1681 2085 1800 2114; x_wconf 82' lang='lat' dir='ltr'><strong>praesen-</strong></span> 
     </span>
     <span class='ocr_line' id='line_1_66' title="bbox 243 2120 1798 2160; baseline 0.002 -13"><span class='ocrx_word' id='word_1_563' title='bbox 243 2120 313 2148; x_wconf 87' lang='lat' dir='ltr'><strong>tiam.</strong></span> <span class='ocrx_word' id='word_1_564' title='bbox 330 2121 380 2149; x_wconf 86' lang='lat' dir='ltr'><strong>Hic</strong></span> <span class='ocrx_word' id='word_1_565' title='bbox 395 2121 465 2150; x_wconf 88' lang='lat' dir='ltr'><strong>enim</strong></span> <span class='ocrx_word' id='word_1_566' title='bbox 479 2120 670 2160; x_wconf 83' lang='lat' dir='ltr'><strong>quodcumque</strong></span> <span class='ocrx_word' id='word_1_567' title='bbox 690 2121 831 2150; x_wconf 86' lang='lat' dir='ltr'><strong>fecerimus</strong></span> <span class='ocrx_word' id='word_1_568' title='bbox 842 2143 850 2157; x_wconf 91' lang='lat'>‚</span> <span class='ocrx_word' id='word_1_569' title='bbox 865 2121 1011 2160; x_wconf 81' lang='lat' dir='ltr'><strong>praevalet3</strong></span> <span class='ocrx_word' id='word_1_570' title='bbox 1026 2121 1082 2150; x_wconf 90' lang='lat' dir='ltr'><strong>illic</strong></span> <span class='ocrx_word' id='word_1_571' title='bbox 1098 2128 1187 2149; x_wconf 81' lang='lat' dir='ltr'><strong>autem</strong></span> <span class='ocrx_word' id='word_1_572' title='bbox 1202 2131 1379 2159; x_wconf 81' lang='lat' dir='ltr'><strong>nequaquam.</strong></span> <span class='ocrx_word' id='word_1_573' title='bbox 1399 2120 1428 2149; x_wconf 90' lang='lat' dir='ltr'><strong>Si</strong></span> <span class='ocrx_word' id='word_1_574' title='bbox 1450 2121 1510 2159; x_wconf 87' lang='lat' dir='ltr'><strong>quis</strong></span> <span class='ocrx_word' id='word_1_575' title='bbox 1532 2131 1595 2158; x_wconf 89' lang='lat' dir='ltr'><strong>nos,</strong></span> <span class='ocrx_word' id='word_1_576' title='bbox 1610 2120 1656 2150; x_wconf 91' lang='lat' dir='ltr'><strong>dic</strong></span> <span class='ocrx_word' id='word_1_577' title='bbox 1671 2121 1756 2159; x_wconf 81' lang='lat' dir='ltr'><strong>mihi,</strong></span> <span class='ocrx_word' id='word_1_578' title='bbox 1771 2122 1798 2150; x_wconf 89' lang='lat' dir='ltr'><strong>in</strong></span> 
     </span>
     <span class='ocr_line' id='line_1_67' title="bbox 239 2167 1800 2208; baseline 0.002 -14"><span class='ocrx_word' id='word_1_579' title='bbox 239 2167 342 2195; x_wconf 77' lang='lat' dir='ltr'><strong>camino</strong></span> <span class='ocrx_word' id='word_1_580' title='bbox 355 2169 507 2197; x_wconf 85' lang='lat' dir='ltr'><strong>flammante</strong></span> <span class='ocrx_word' id='word_1_581' title='bbox 522 2168 563 2197; x_wconf 76' lang='lat' dir='ltr'><strong>vel</strong></span> <span class='ocrx_word' id='word_1_582' title='bbox 578 2168 694 2208; x_wconf 75' lang='lat' dir='ltr'><strong>parvulo</strong></span> <span class='ocrx_word' id='word_1_583' title='bbox 710 2168 853 2197; x_wconf 84' lang='lat' dir='ltr'><strong>constituat</strong></span> <span class='ocrx_word' id='word_1_584' title='bbox 864 2175 984 2208; x_wconf 85' lang='lat' dir='ltr'><strong>tempore</strong></span> <span class='ocrx_word' id='word_1_585' title='bbox 993 2190 1003 2206; x_wconf 88' lang='lat'><strong>,</strong></span> <span class='ocrx_word' id='word_1_586' title='bbox 1017 2178 1105 2197; x_wconf 89' lang='lat' dir='ltr'><strong>nonne</strong></span> <span class='ocrx_word' id='word_1_587' title='bbox 1116 2174 1211 2197; x_wconf 84' lang='lat' dir='ltr'><strong>cuncta</strong></span> <span class='ocrx_word' id='word_1_588' title='bbox 1223 2167 1396 2196; x_wconf 79' lang='lat' dir='ltr'><strong>tolerabimus</strong></span> <span class='ocrx_word' id='word_1_589' title='bbox 1407 2189 1417 2205; x_wconf 89' lang='lat'><strong>,</strong></span> <span class='ocrx_word' id='word_1_590' title='bbox 1431 2175 1461 2196; x_wconf 90' lang='lat' dir='ltr'><strong>ut</strong></span> <span class='ocrx_word' id='word_1_591' title='bbox 1476 2167 1635 2204; x_wconf 85' lang='lat' dir='ltr'><strong>liberemur,</strong></span> <span class='ocrx_word' id='word_1_592' title='bbox 1649 2169 1708 2197; x_wconf 89' lang='lat' dir='ltr'><strong>sive</strong></span> <span class='ocrx_word' id='word_1_593' title='bbox 1720 2179 1800 2207; x_wconf 87' lang='lat' dir='ltr'><strong>pecu-</strong></span> 
     </span>
     <span class='ocr_line' id='line_1_68' title="bbox 240 2214 1800 2253; baseline 0.003 -13"><span class='ocrx_word' id='word_1_594' title='bbox 240 2214 296 2241; x_wconf 82' lang='lat' dir='ltr'><strong>nias</strong></span> <span class='ocrx_word' id='word_1_595' title='bbox 308 2216 482 2253; x_wconf 86' lang='lat' dir='ltr'><strong>proferimus,</strong></span> <span class='ocrx_word' id='word_1_596' title='bbox 497 2215 553 2245; x_wconf 73' lang='lat' dir='ltr'><strong>sive</strong></span> <span class='ocrx_word' id='word_1_597' title='bbox 574 2215 729 2244; x_wconf 83' lang='lat' dir='ltr'><strong>servitutem</strong></span> <span class='ocrx_word' id='word_1_598' title='bbox 742 2215 910 2244; x_wconf 76' lang='lat' dir='ltr'><strong>toleramus?</strong></span> <span class='ocrx_word' id='word_1_599' title='bbox 925 2216 1026 2252; x_wconf 85' lang='lat' dir='ltr'><strong>Quanti</strong></span> <span class='ocrx_word' id='word_1_600' title='bbox 1042 2215 1069 2244; x_wconf 90' lang='lat' dir='ltr'><strong>in</strong></span> <span class='ocrx_word' id='word_1_601' title='bbox 1095 2216 1204 2244; x_wconf 88' lang='lat' dir='ltr'><strong>morbos</strong></span> <span class='ocrx_word' id='word_1_602' title='bbox 1217 2215 1361 2244; x_wconf 85' lang='lat' dir='ltr'><strong>acerrimos</strong></span> <span class='ocrx_word' id='word_1_603' title='bbox 1385 2215 1537 2244; x_wconf 85' lang='lat' dir='ltr'><strong>inciderunt</strong></span> <span class='ocrx_word' id='word_1_604' title='bbox 1549 2237 1558 2250; x_wconf 87' lang='lat'><strong>,</strong></span> <span class='ocrx_word' id='word_1_605' title='bbox 1578 2221 1603 2244; x_wconf 91' lang='lat' dir='ltr'><strong>et</strong></span> <span class='ocrx_word' id='word_1_606' title='bbox 1625 2215 1714 2244; x_wconf 87' lang='lat' dir='ltr'><strong>omnia</strong></span> <span class='ocrx_word' id='word_1_607' title='bbox 1735 2215 1800 2245; x_wconf 68' lang='lat' dir='ltr'><strong>dz-re</strong></span> 
     </span>
     <span class='ocr_line' id='line_1_69' title="bbox 239 2262 1799 2302; baseline 0.003 -14"><span class='ocrx_word' id='word_1_608' title='bbox 239 2262 337 2298; x_wconf 84' lang='lat' dir='ltr'><strong>promti</strong></span> <span class='ocrx_word' id='word_1_609' title='bbox 351 2263 457 2291; x_wconf 88' lang='lat' dir='ltr'><strong>fuerunt</strong></span> <span class='ocrx_word' id='word_1_610' title='bbox 468 2285 476 2300; x_wconf 96' lang='lat'><strong>,</strong></span> <span class='ocrx_word' id='word_1_611' title='bbox 494 2269 523 2291; x_wconf 92' lang='lat' dir='ltr'><strong>ut</strong></span> <span class='ocrx_word' id='word_1_612' title='bbox 536 2263 719 2299; x_wconf 83' lang='lat' dir='ltr'><strong>salvarentur,</strong></span> <span class='ocrx_word' id='word_1_613' title='bbox 733 2262 756 2292; x_wconf 94' lang='lat' dir='ltr'><strong>si</strong></span> <span class='ocrx_word' id='word_1_614' title='bbox 771 2263 809 2292; x_wconf 88' lang='lat' dir='ltr'><strong>eis</strong></span> <span class='ocrx_word' id='word_1_615' title='bbox 825 2263 898 2302; x_wconf 91' lang='lat' dir='ltr'><strong>optio</strong></span> <span class='ocrx_word' id='word_1_616' title='bbox 913 2270 1104 2302; x_wconf 85' lang='lat' dir='ltr'><strong>proponeretur</strong></span> <span class='ocrx_word' id='word_1_617' title='bbox 1114 2264 1128 2292; x_wconf 70' lang='grc' dir='ltr'><strong>Ξ)</strong></span> <span class='ocrx_word' id='word_1_618' title='bbox 1144 2263 1174 2292; x_wconf 90' lang='lat' dir='ltr'><strong>Si</strong></span> <span class='ocrx_word' id='word_1_619' title='bbox 1189 2263 1273 2302; x_wconf 82' lang='lat' dir='ltr'><strong>igitur</strong></span> <span class='ocrx_word' id='word_1_620' title='bbox 1285 2262 1311 2290; x_wconf 90' lang='lat' dir='ltr'><strong>in</strong></span> <span class='ocrx_word' id='word_1_621' title='bbox 1325 2262 1376 2290; x_wconf 88' lang='lat' dir='ltr'><strong>hac</strong></span> <span class='ocrx_word' id='word_1_622' title='bbox 1386 2262 1442 2291; x_wconf 78' lang='lat' dir='ltr'><strong>vita</strong></span> <span class='ocrx_word' id='word_1_623' title='bbox 1459 2262 1569 2291; x_wconf 90' lang='lat' dir='ltr'><strong>morbus</strong></span> <span class='ocrx_word' id='word_1_624' title='bbox 1581 2262 1659 2301; x_wconf 83' lang='lat' dir='ltr'><strong>parvi</strong></span> <span class='ocrx_word' id='word_1_625' title='bbox 1671 2263 1799 2302; x_wconf 81' lang='lat' dir='ltr'><strong>temporis</strong></span> 
     </span>
     <span class='ocr_line' id='line_1_70' title="bbox 238 2307 1795 2347; baseline 0.001 -12"><span class='ocrx_word' id='word_1_626' title='bbox 238 2307 274 2335; x_wconf 88' lang='lat' dir='ltr'><strong>ita</strong></span> <span class='ocrx_word' id='word_1_627' title='bbox 289 2319 336 2336; x_wconf 89' lang='lat' dir='ltr'><strong>nos</strong></span> <span class='ocrx_word' id='word_1_628' title='bbox 351 2309 434 2337; x_wconf 84' lang='lat' dir='ltr'><strong>afficit</strong></span> <span class='ocrx_word' id='word_1_629' title='bbox 460 2316 483 2338; x_wconf 82' lang='lat' dir='ltr'><strong>et</strong></span> <span class='ocrx_word' id='word_1_630' title='bbox 505 2309 664 2347; x_wconf 83' lang='lat' dir='ltr'><strong>contristat,</strong></span> <span class='ocrx_word' id='word_1_631' title='bbox 690 2308 758 2347; x_wconf 88' lang='lat' dir='ltr'><strong>quid</strong></span> <span class='ocrx_word' id='word_1_632' title='bbox 780 2309 907 2337; x_wconf 81' lang='lat' dir='ltr'><strong>faciemus</strong></span> <span class='ocrx_word' id='word_1_633' title='bbox 923 2309 996 2344; x_wconf 87' lang='lat' dir='ltr'><strong>illic,</strong></span> <span class='ocrx_word' id='word_1_634' title='bbox 1012 2309 1059 2338; x_wconf 87' lang='lat' dir='ltr'><strong>ubi</strong></span> <span class='ocrx_word' id='word_1_635' title='bbox 1078 2309 1154 2338; x_wconf 88' lang='lat' dir='ltr'><strong>nulla</strong></span> <span class='ocrx_word' id='word_1_636' title='bbox 1167 2309 1218 2338; x_wconf 88' lang='lat' dir='ltr'><strong>erit</strong></span> <span class='ocrx_word' id='word_1_637' title='bbox 1243 2308 1346 2336; x_wconf 79' lang='lat' dir='ltr'><strong>utilitas</strong></span> <span class='ocrx_word' id='word_1_638' title='bbox 1373 2307 1558 2347; x_wconf 78' lang='lat' dir='ltr'><strong>poenitentiae?</strong></span> <span class='ocrx_word' id='word_1_639' title='bbox 1581 2307 1696 2343; x_wconf 83' lang='lat' dir='ltr'><strong>Quantis</strong></span> <span class='ocrx_word' id='word_1_640' title='bbox 1721 2318 1795 2337; x_wconf 86' lang='lat' dir='ltr'><strong>nunc</strong></span> 
     </span>
     <span class='ocr_line' id='line_1_71' title="bbox 238 2353 1796 2393; baseline 0 -12"><span class='ocrx_word' id='word_1_641' title='bbox 238 2354 332 2393; x_wconf 85' lang='lat' dir='ltr'><strong>repleti</strong></span> <span class='ocrx_word' id='word_1_642' title='bbox 355 2365 446 2383; x_wconf 86' lang='lat' dir='ltr'><strong>sumus</strong></span> <span class='ocrx_word' id='word_1_643' title='bbox 463 2365 554 2384; x_wconf 80' lang='lat' dir='ltr'><strong>omnes</strong></span> <span class='ocrx_word' id='word_1_644' title='bbox 567 2355 663 2392; x_wconf 88' lang='lat' dir='ltr'><strong>malis,</strong></span> <span class='ocrx_word' id='word_1_645' title='bbox 676 2361 702 2384; x_wconf 89' lang='lat' dir='ltr'><strong>et</strong></span> <span class='ocrx_word' id='word_1_646' title='bbox 719 2365 771 2383; x_wconf 93' lang='lat' dir='ltr'><strong>non</strong></span> <span class='ocrx_word' id='word_1_647' title='bbox 793 2355 944 2384; x_wconf 78' lang='lat' dir='ltr'><strong>sentimus?</strong></span> <span class='ocrx_word' id='word_1_648' title='bbox 963 2355 1077 2384; x_wconf 85' lang='lat' dir='ltr'><strong>invicem</strong></span> <span class='ocrx_word' id='word_1_649' title='bbox 1104 2354 1277 2391; x_wconf 86' lang='lat' dir='ltr'><strong>mordemus,</strong></span> <span class='ocrx_word' id='word_1_650' title='bbox 1297 2354 1414 2382; x_wconf 86' lang='lat' dir='ltr'><strong>invicem</strong></span> <span class='ocrx_word' id='word_1_651' title='bbox 1441 2353 1623 2382; x_wconf 85' lang='lat' dir='ltr'><strong>consumimus</strong></span> <span class='ocrx_word' id='word_1_652' title='bbox 1633 2375 1642 2391; x_wconf 90' lang='lat'><strong>,</strong></span> <span class='ocrx_word' id='word_1_653' title='bbox 1660 2353 1796 2393; x_wconf 85' lang='lat' dir='ltr'><strong>injurian—</strong></span> 
     </span>
     <span class='ocr_line' id='line_1_72' title="bbox 239 2399 1794 2441; baseline 0.001 -14"><span class='ocrx_word' id='word_1_654' title='bbox 239 2406 291 2436; x_wconf 87' lang='lat' dir='ltr'><strong>tes,</strong></span> <span class='ocrx_word' id='word_1_655' title='bbox 309 2408 475 2438; x_wconf 87' lang='lat' dir='ltr'><strong>accusantes,</strong></span> <span class='ocrx_word' id='word_1_656' title='bbox 491 2402 640 2430; x_wconf 86' lang='lat' dir='ltr'><strong>incusantes</strong></span> <span class='ocrx_word' id='word_1_657' title='bbox 653 2424 661 2439; x_wconf 85' lang='lat'>‚</span> <span class='ocrx_word' id='word_1_658' title='bbox 683 2401 838 2431; x_wconf 89' lang='lat' dir='ltr'><strong>mordemur</strong></span> <span class='ocrx_word' id='word_1_659' title='bbox 859 2402 944 2441; x_wconf 85' lang='lat' dir='ltr'><strong>gloria</strong></span> <span class='ocrx_word' id='word_1_660' title='bbox 967 2402 1162 2441; x_wconf 82' lang='lat' dir='ltr'><strong>proximorum.</strong></span> <span class='ocrx_word' id='word_1_661' title='bbox 1178 2402 1215 2431; x_wconf 92' lang='lat' dir='ltr'><strong>Et</strong></span> <span class='ocrx_word' id='word_1_662' title='bbox 1230 2401 1349 2439; x_wconf 78' lang='lat' dir='ltr'><strong>attende,</strong></span> <span class='ocrx_word' id='word_1_663' title='bbox 1364 2400 1436 2439; x_wconf 88' lang='lat' dir='ltr'><strong>quod</strong></span> <span class='ocrx_word' id='word_1_664' title='bbox 1455 2400 1532 2439; x_wconf 86' lang='lat' dir='ltr'><strong>pejus</strong></span> <span class='ocrx_word' id='word_1_665' title='bbox 1552 2405 1608 2428; x_wconf 82' lang='lat' dir='ltr'><strong>est:</strong></span> <span class='ocrx_word' id='word_1_666' title='bbox 1625 2409 1686 2428; x_wconf 89' lang='lat' dir='ltr'><strong>cum</strong></span> <span class='ocrx_word' id='word_1_667' title='bbox 1695 2399 1794 2428; x_wconf 76' lang='lat' dir='ltr'><strong>votue-</strong></span> 
     </span>
     <span class='ocr_line' id='line_1_73' title="bbox 239 2445 1794 2488; baseline 0.001 -16"><span class='ocrx_word' id='word_1_668' title='bbox 239 2445 275 2473; x_wconf 78' lang='lat' dir='ltr'><strong>rit</strong></span> <span class='ocrx_word' id='word_1_669' title='bbox 289 2446 422 2486; x_wconf 82' lang='lat' dir='ltr'><strong>quispiam</strong></span> <span class='ocrx_word' id='word_1_670' title='bbox 443 2448 575 2477; x_wconf 78' lang='lat' dir='ltr'><strong>suffodere</strong></span> <span class='ocrx_word' id='word_1_671' title='bbox 586 2449 755 2488; x_wconf 86' lang='lat' dir='ltr'><strong>opinionem,</strong></span> <span class='ocrx_word' id='word_1_672' title='bbox 772 2455 798 2477; x_wconf 86' lang='lat' dir='ltr'><strong>et</strong></span> <span class='ocrx_word' id='word_1_673' title='bbox 816 2449 913 2477; x_wconf 85' lang='lat' dir='ltr'><strong>famam</strong></span> <span class='ocrx_word' id='word_1_674' title='bbox 938 2449 1076 2488; x_wconf 80' lang='lat' dir='ltr'><strong>proximi,</strong></span> <span class='ocrx_word' id='word_1_675' title='bbox 1089 2448 1172 2478; x_wconf 83' lang='lat' dir='ltr'><strong>dicit:</strong></span> <span class='ocrx_word' id='word_1_676' title='bbox 1186 2449 1244 2477; x_wconf 91' lang='lat' dir='ltr'><strong>Hoc</strong></span> <span class='ocrx_word' id='word_1_677' title='bbox 1267 2447 1339 2476; x_wconf 83' lang='lat' dir='ltr'><strong>dixit</strong></span> <span class='ocrx_word' id='word_1_678' title='bbox 1359 2447 1405 2476; x_wconf 91' lang='lat' dir='ltr'><strong>ille</strong></span> <span class='ocrx_word' id='word_1_679' title='bbox 1431 2447 1464 2475; x_wconf 89' lang='lat' dir='ltr'><strong>de</strong></span> <span class='ocrx_word' id='word_1_680' title='bbox 1487 2446 1552 2483; x_wconf 83' lang='lat' dir='ltr'><strong>illo;</strong></span> <span class='ocrx_word' id='word_1_681' title='bbox 1572 2447 1661 2481; x_wconf 81' lang='lat' dir='ltr'><strong>Deus,</strong></span> <span class='ocrx_word' id='word_1_682' title='bbox 1687 2445 1794 2485; x_wconf 84' lang='lat' dir='ltr'><strong>ignosce</strong></span> 
     </span>
     <span class='ocr_line' id='line_1_74' title="bbox 241 2491 1791 2535; baseline 0.003 -17"><span class='ocrx_word' id='word_1_683' title='bbox 241 2491 306 2519; x_wconf 78' lang='lat' dir='ltr'><strong>mihi</strong></span> <span class='ocrx_word' id='word_1_684' title='bbox 322 2515 329 2527; x_wconf 87' lang='lat'><strong>,</strong></span> <span class='ocrx_word' id='word_1_685' title='bbox 343 2493 397 2521; x_wconf 90' lang='lat' dir='ltr'><strong>noli</strong></span> <span class='ocrx_word' id='word_1_686' title='bbox 413 2504 454 2522; x_wconf 90' lang='lat' dir='ltr'><strong>me</strong></span> <span class='ocrx_word' id='word_1_687' title='bbox 467 2495 501 2523; x_wconf 82' lang='lat' dir='ltr'><strong>de</strong></span> <span class='ocrx_word' id='word_1_688' title='bbox 510 2495 562 2524; x_wconf 88' lang='lat' dir='ltr'><strong>hoc</strong></span> <span class='ocrx_word' id='word_1_689' title='bbox 571 2495 703 2524; x_wconf 85' lang='lat' dir='ltr'><strong>discutere</strong></span> <span class='ocrx_word' id='word_1_690' title='bbox 717 2519 724 2531; x_wconf 94' lang='lat'>‚</span> <span class='ocrx_word' id='word_1_691' title='bbox 737 2495 883 2525; x_wconf 86' lang='lat' dir='ltr'><strong>auditionis</strong></span> <span class='ocrx_word' id='word_1_692' title='bbox 895 2496 978 2525; x_wconf 87' lang='lat' dir='ltr'><strong>debeo</strong></span> <span class='ocrx_word' id='word_1_693' title='bbox 988 2497 1126 2525; x_wconf 84' lang='lat' dir='ltr'><strong>rationem.</strong></span> <span class='ocrx_word' id='word_1_694' title='bbox 1139 2496 1215 2533; x_wconf 89' lang='lat' dir='ltr'><strong>Quid</strong></span> <span class='ocrx_word' id='word_1_695' title='bbox 1225 2506 1288 2535; x_wconf 83' lang='lat' dir='ltr'><strong>crgo</strong></span> <span class='ocrx_word' id='word_1_696' title='bbox 1301 2495 1370 2524; x_wconf 84' lang='lat' dir='ltr'><strong>dicis</strong></span> <span class='ocrx_word' id='word_1_697' title='bbox 1379 2495 1393 2523; x_wconf 75' lang='grc' dir='ltr'><strong>Ξ)</strong></span> <span class='ocrx_word' id='word_1_698' title='bbox 1406 2493 1472 2533; x_wconf 86' lang='lat' dir='ltr'><strong>quid</strong></span> <span class='ocrx_word' id='word_1_699' title='bbox 1481 2493 1549 2522; x_wconf 86' lang='lat' dir='ltr'><strong>dicis</strong></span> <span class='ocrx_word' id='word_1_700' title='bbox 1563 2492 1687 2530; x_wconf 85' lang='lat' dir='ltr'><strong>omnino,</strong></span> <span class='ocrx_word' id='word_1_701' title='bbox 1701 2493 1723 2521; x_wconf 89' lang='lat' dir='ltr'><strong>si</strong></span> <span class='ocrx_word' id='word_1_702' title='bbox 1738 2503 1791 2523; x_wconf 89' lang='lat' dir='ltr'><strong>non</strong></span> 
     </span>
     <span class='ocr_line' id='line_1_75' title="bbox 243 2537 1791 2581; baseline 0.002 -16"><span class='ocrx_word' id='word_1_703' title='bbox 243 2537 327 2566; x_wconf 79' lang='lat' dir='ltr'><strong>credis</strong></span> <span class='ocrx_word' id='word_1_704' title='bbox 337 2538 350 2565; x_wconf 67' lang='lat' dir='ltr'><strong>T‘</strong></span> <span class='ocrx_word' id='word_1_705' title='bbox 362 2539 427 2577; x_wconf 90' lang='lat' dir='ltr'><strong>quid</strong></span> <span class='ocrx_word' id='word_1_706' title='bbox 440 2540 517 2576; x_wconf 83' lang='lat' dir='ltr'><strong>dicis,</strong></span> <span class='ocrx_word' id='word_1_707' title='bbox 534 2549 562 2570; x_wconf 87' lang='lat' dir='ltr'><strong>ut</strong></span> <span class='ocrx_word' id='word_1_708' title='bbox 575 2542 731 2572; x_wconf 85' lang='lat' dir='ltr'><strong>incredibile</strong></span> <span class='ocrx_word' id='word_1_709' title='bbox 744 2545 814 2580; x_wconf 87' lang='lat' dir='ltr'><strong>[imo</strong></span> <span class='ocrx_word' id='word_1_710' title='bbox 831 2543 970 2581; x_wconf 80' lang='lat' dir='ltr'><strong>credibile]</strong></span> <span class='ocrx_word' id='word_1_711' title='bbox 984 2543 1065 2573; x_wconf 77' lang='lat' dir='ltr'><strong>facias</strong></span> <span class='ocrx_word' id='word_1_712' title='bbox 1078 2543 1160 2573; x_wconf 83' lang='lat' dir='ltr'><strong>multa</strong></span> <span class='ocrx_word' id='word_1_713' title='bbox 1171 2543 1204 2573; x_wconf 89' lang='lat' dir='ltr'><strong>de</strong></span> <span class='ocrx_word' id='word_1_714' title='bbox 1220 2542 1392 2572; x_wconf 80' lang='lat' dir='ltr'><strong>seminatione</strong></span> <span class='ocrx_word' id='word_1_715' title='bbox 1405 2542 1415 2580; x_wconf 93' lang='lat'>[</span> <span class='ocrx_word' id='word_1_716' title='bbox 1423 2543 1449 2581; x_wconf 77' lang='lat' dir='ltr'><strong>s.</strong></span> <span class='ocrx_word' id='word_1_717' title='bbox 1461 2540 1545 2570; x_wconf 89' lang='lat' dir='ltr'><strong>multa</strong></span> <span class='ocrx_word' id='word_1_718' title='bbox 1557 2538 1791 2575; x_wconf 82' lang='lat' dir='ltr'><strong>disseminatione]</strong></span> 
     </span>
    </p>
   </div>
  </div>
 </body>
</html>
