1906 2846
136 1119 227 1140 Animus

103 1151 221 1171 Christiani

103 1183 181 1202 aut-»ns
194 1185 221 1202 sil

103 1217 196 1241 oportet.

267 177 335 219 430
597 188 626 209 s.
655 188 794 210 somus
821 188 1002 211 cunrsosr.

263 247 361 282 duntur,
377 258 459 285 neque
484 254 511 275 ut
526 246 705 284 demergatur,
719 247 802 275 donce
815 254 892 276 vento
907 247 1004 275 fruitur

265 304 389 331 prospero
410 300 434 321 ct
449 299 576 331 perpetuo
592 303 599 325 ;
622 291 668 319 sed
684 299 709 320 ct
731 299 870 331 postquam
885 292 1003 328 redierit,

264 348 387 375 maguam
402 338 443 365 sui
466 347 600 365 successus
618 337 717 375 praehet
735 338 849 375 gloriam
876 344 902 366 ct
917 338 1004 366 nautis

263 390 287 411 rt
302 383 450 411 vectoribus
464 394 470 409 τ
484 383 537 410 illis
550 382 660 420 quidem
675 382 741 411 dans
753 384 867 421 quictem
877 406 884 419 ‚
905 390 931 412 et
952 394 1003 413 non

261 428 348 456 sinens
373 435 402 455 ut
425 428 504 456 remis
526 427 700 464 adlaborcut3
715 428 763 456 llos
777 436 864 457 autem
879 429 913 458 ab
929 430 1002 459 omni
1021 432 1039 454 D

261 481 331 502 metu
358 474 496 510 liberans,
519 481 544 502 ct
568 474 794 512 jucundissimum
820 476 1002 514 spectaculum

260 520 297 548 eis
310 531 387 548 suum
398 520 516 559 praebens
532 531 638 548 cursum
651 533 657 549 ε
673 520 709 548 ita
716 521 795 549 etiam
809 522 898 550 anima
907 522 1000 551 divino

260 568 362 596 munita
395 568 497 607 Spiritu
520 574 558 595 est
585 568 705 606 superior
732 568 841 606 quidem
873 569 1000 598 omnibus

258 613 385 641 fluctibus
405 613 485 651 liujus
506 613 585 649 vitae;
607 613 678 641 viam
699 619 798 650 autem,
826 624 885 651 quae
904 614 955 642 sert
972 614 998 643 in

258 658 362 693 emtum,
372 665 440 686 secat
456 657 636 686 vehementius
650 658 785 696 quamilla
796 659 881 695 navis,
900 659 999 699 quippe

259 715 317 741 quae
346 715 397 732 uon
434 704 548 742 pellatur
561 715 576 731 a
590 711 685 741 rento,
701 703 747 732 sed
767 704 827 733 vela
850 704 946 734 habeat
964 706 999 734 ab

257 751 315 789 ipsu
341 751 476 778 Paracleto
498 750 607 788 impleta
630 761 711 788 eaque
736 750 852 788 munda3
869 758 894 779 ct
912 751 996 789 quid-

257 796 324 833 quid
344 803 381 824 est
411 796 490 824 molle
506 802 530 823 et
554 795 726 830 dissolutum,
751 796 852 824 excutit
867 807 883 824 a
908 803 996 825 nostru

257 850 353 871 mente.
372 844 409 870 Ut
422 843 493 870 enim
508 849 604 870 ventus
618 842 737 871 incidens
758 843 784 870 in
798 843 889 871 velum
903 843 995 871 laxum
1016 851 1034 871 A

256 895 280 916 et
307 888 395 923 molle,
411 888 478 916 nihil
496 888 579 926 egerit
597 900 602 915 :
617 888 652 916 ita
665 888 746 916 etiam
760 895 866 917 sanctus
878 889 996 928 Spiritus

255 934 282 961 iu
303 934 391 961 anima
418 933 492 961 molli
518 944 625 962 manere
653 944 705 962 nou
731 934 860 970 sustinet,
880 934 925 962 secl
941 945 995 962 ma-

255 991 305 1018 gua
335 980 480 1009 intensione
512 991 579 1019 opus
602 987 640 1009 est
661 987 686 1009 et
703 980 878 1010 vehementia.
904 981 997 1019 Itaque

255 1033 357 1065 oportet
383 1033 411 1054 ut
439 1027 516 1055 nobis
537 1027 572 1055 sit
592 1027 689 1055 ardeus
709 1026 825 1062 animus,
848 1033 873 1055 et
895 1037 997 1066 semper

255 1072 307 1100 sint
334 1079 421 1101 nostra
446 1083 525 1112 opera
551 1072 661 1108 intensa,
681 1072 759 1100 fortia
783 1079 806 1100 et
831 1073 995 1101 constantia:

256 1125 294 1152 ut,
309 1118 415 1156 quando
434 1128 550 1155 oramus,
581 1128 641 1146 cum
668 1128 763 1155 magna
786 1117 938 1146 faciendum
959 1125 998 1146 est

256 1163 411 1201 intensione,
433 1163 549 1191 animam
572 1163 600 1190 in
615 1162 926 1198 caelumintendentibus,
945 1173 997 1192 non

256 1209 373 1245 funibus,
400 1210 447 1238 sed
463 1219 558 1247 magna
588 1209 670 1237 animi
702 1209 847 1237 alacritate.
881 1210 997 1245 Quando

257 1266 347 1283 rursus
362 1255 529 1291 miseremur,
555 1254 700 1282 intensione
719 1254 796 1282 nobis
811 1265 879 1293 opus
892 1261 941 1291 est,
964 1266 997 1284 ne

255 1312 319 1329 cura
342 1301 438 1329 domus
456 1307 480 1329 et
503 1300 655 1328 sollicitudo
670 1300 704 1328 de
725 1300 817 1329 liberis
832 1307 856 1328 et
866 1311 958 1337 uxore,
974 1308 999 1329 ct

255 1353 341 1374 metus
363 1345 527 1385 paupertatis
555 1347 668 1380 irruens,
696 1345 786 1373 velum
812 1346 884 1373 laxet
902 1352 927 1373 et
952 1356 997 1374 rc-

254 1392 350 1420 mittat.
374 1393 441 1420 Nam
473 1391 493 1419 si
517 1391 545 1419 id
571 1391 690 1429 undique
721 1397 791 1418 recte
805 1390 998 1419 intenderimus
1014 1395 1031 1416 Β

253 1448 299 1476 spe
313 1438 464 1465 futurorum
477 1460 483 1473 ‚
499 1444 568 1465 recte
585 1436 700 1474 suscepit
714 1435 895 1474 operationem
906 1436 997 1474 Spiri—

254 1490 313 1511 tus:
328 1494 361 1511 ex
376 1483 429 1510 illis
440 1489 526 1510 autem
546 1482 625 1510 rebus
647 1482 752 1509 caducis
763 1488 787 1509 et
799 1481 901 1509 miseris
928 1481 998 1510 nihil

252 1528 279 1556 in
296 1539 353 1556 cam
368 1527 485 1563 incidet;
502 1527 549 1555 sed
569 1527 616 1555 etsi
636 1526 770 1563 inciderit,
788 1526 872 1564 ipsam
886 1525 995 1563 quidem

253 1573 322 1602 nihil
345 1573 428 1610 laedit,
452 1573 499 1601 sed
522 1573 612 1601 statim
635 1572 760 1600 firmitate
779 1582 809 1599 ac
829 1571 929 1600 duritie
954 1582 995 1600 re-

253 1619 362 1659 pellitur
385 1627 409 1649 et
421 1619 521 1648 excidit
542 1629 692 1648 excussum.
710 1620 852 1657 Propterea
865 1629 926 1657 ergo
941 1629 993 1648 no-

1031 189 1049 210 A
1057 189 1173 212 ttCfflEP
1180 203 1186 211 .

1007 823 1042 841 517

1216 189 1485 215 CONSTANTlNOl’.

1062 249 1258 286 βαπτισθῆναι,
1272 250 1321 282 ἕως
1336 251 1366 278 ἂν
1382 251 1498 291 ἀπολαύῃ
1517 253 1599 286 δεξιοῦ
1620 258 1665 283 τοῦ
1680 256 1825 294 πνεύματος

1060 294 1105 322 καὶ
1121 295 1268 329 διηνεκοῦς,
1291 295 1358 324 ἀλλὰ
1377 296 1422 325 καὶ
1442 297 1541 333 πολλὴν
1562 299 1628 336 μετὰ
1648 300 1695 336 τὴν
1717 302 1824 330 κάθοδον

1059 339 1199 372 ἐπιδόσεως
1220 340 1293 374 δόξαν
1315 341 1460 381 παρέχεται
1479 347 1532 376 τοῖς
1544 355 1572 372 τε
1587 344 1706 381 ναύταις,
1729 351 1781 379 τοῖς
1796 359 1824 375 τε

1059 385 1210 421 ἐπιὸάταις,
1233 385 1293 419 τοὺς
1318 386 1364 424 μὲν
1389 388 1598 426 διαναπαύουσα,
1621 391 1666 419 καὶ
1688 393 1732 420 οὐκ
1755 394 1823 421 ἐῶσα

1058 435 1114 463 ταῖς
1126 431 1227 464 κώπαις
1238 433 1482 472 προσταλαιπωρεῖν
1492 457 1499 470 ,
1515 434 1573 467 τοὺς
1591 435 1617 464 δὲ
1629 436 1726 468 παντὸς
1738 438 1823 466 ἀπαλ·

1057 476 1188 506 λάττουσα
1203 478 1287 514 δέους,
1301 478 1345 506 καὶ
1361 478 1446 517 θέαμα
1459 479 1564 516 ἥδιστον
1578 480 1621 509 τὸν
1642 483 1722 516 αὐτῆς
1737 493 1820 521 παρε-

1055 522 1155 560 χομένη
1175 523 1283 561 δρόμον·
1299 524 1366 552 οὕτω
1385 524 1430 553 καὶ
1443 525 1515 564 ψυχὴ
1530 527 1568 565 τῷ
1583 526 1643 565 θείῳ
1658 528 1821 567 ὠχυριι)μένη

1056 568 1201 605 Πνεύματι,
1216 568 1321 598 πάντων
1337 569 1384 607 μέν
1397 571 1467 598 ἐστιν
1483 571 1600 610 ἀνωτέρα
1614 574 1665 601 τῶν
1677 575 1821 612 τρικυμιῶν

1052 615 1104 641 τῶν
1119 615 1249 651 βιωτικῶν
1261 636 1268 650 ,
1285 615 1332 650 τὴν
1346 615 1372 644 δὲ
1387 615 1430 644 ἐπὶ
1443 616 1487 645 τὸν
1499 617 1607 656 οὐρανὸν
1620 617 1747 658 φέρουσαν
1763 620 1820 648 ὁδὸν

1053 659 1223 699 σφοδρότερον
1243 660 1342 696 ἐκείνης
1361 661 1451 699 τέμνει
1472 664 1519 696 τῆς
1540 663 1618 699 νεὼς,
1643 664 1688 692 ἅτε
1713 665 1762 704 οὐχ
1775 665 1820 692 ὑπ’

1053 705 1149 743 ἀνέμου
1166 707 1414 745 παρα-πεμπομένη,
1436 709 1493 736 ἀλλ’
1509 709 1552 737 ὑπ’
1569 710 1646 738 αὐτοῦ
1662 711 1707 737 τοῦ
1722 711 1820 750 Παρα-

1052 750 1149 785 κλήτου
1165 752 1252 786 πεπλη
1258 752 1361 791 ρωμένα
1375 752 1471 792 ἔχουσα
1486 753 1519 782 τὰ
1533 753 1604 782 ἱστία
1615 754 1702 783 πάντα
1716 755 1760 784 καὶ
1773 767 1820 784 κα-

1052 795 1135 835 θαρὰ,
1157 797 1202 825 καὶ
1218 802 1269 825 πᾶν
1285 801 1381 836 χαῦνον
1396 798 1441 827 καὶ
1455 799 1639 836 διαλελυμένον
1653 801 1776 830 ingoara
1790 803 1819 830 ἐκ

1051 843 1098 876 τῆς
1121 843 1234 875 διανοίας
1254 846 1301 878 τῆς
1322 844 1460 883 ἡμετέρας.
1477 845 1579 884 ‘'sterce-p
1595 845 1646 885 γὰρ
1667 848 1702 879 εἷς
1724 849 1818 885 χαῦνον

1051 888 1131 917 ἱστίον
1145 889 1283 926 ἐμπίπτων
1294 892 1307 918 ὅ
1318 890 1412 928 ἄνεμος
1421 913 1428 926 ‚
1442 892 1488 920 οὔκ
1501 890 1530 918 ἂν
1543 891 1704 930 ἐνεργήσειεν
1714 903 1720 909 ”
1736 892 1818 924 οὕτως

1051 933 1108 963 οὐδὲ
1122 935 1152 963 τὸ
1167 936 1277 973 Πνεῦμα
1302 936 1338 967 εἷς
1356 936 1456 975 χαύνην
1472 936 1559 975 ψυχὴν
1579 937 1740 975 παραμένειν
1756 938 1817 967 ἀνέ-

1050 992 1135 1018 χεται,
1146 980 1214 1009 ἀλλὰ
1227 981 1264 1009 δεῖ
1278 982 1377 1015 πολλῆς
1388 984 1434 1016 τῆς
1448 982 1561 1017 τάσεως,
1575 984 1621 1017 τῆς
1632 982 1816 1021 σφοδρότητος.

1051 1025 1134 1054 “tzere
1158 1026 1349 1064 πεπυρωμένην
1373 1030 1436 1064 ἡμῖν
1460 1023 1526 1056 εἶναι
1547 1027 1599 1066 χρὴ
1623 1028 1669 1063 τὴν
1690 1028 1816 1063 διάνοιαν,

1051 1071 1095 1098 καὶ
1116 1074 1250 1110 πανταχοῦ
1279 1072 1401 1100 τετάσθαι
1425 1075 1501 1110 ἡμῶν
1524 1072 1557 1101 τὰ
1586 1072 1650 1111 ἔργα
1675 1073 1719 1102 καὶ
1744 1085 1817 1103 τετο-

1050 1118 1164 1144 νῶσθαι·
1186 1112 1254 1152 οἷον,
1278 1117 1338 1145 ὅταν
1356 1117 1511 1156 εὐχώμεθα,
1537 1117 1603 1155 μετὰ
1619 1119 1718 1153 πολλῆς
1740 1122 1816 1147 τοῦτο

1049 1163 1096 1196 τῆς
1108 1162 1207 1194 τάσεως
1222 1163 1259 1190 δεῖ
1273 1167 1354 1190 ποιεῖν
1365 1184 1373 1197 ,
1385 1162 1567 1195 ἀπο-τείνοντας
1579 1163 1642 1201 πρὸς
1651 1163 1694 1192 τὸν
1708 1164 1816 1203 οὐρανὸν

1050 1208 1097 1240 τὴν
1121 1206 1222 1246 ψυχὴν,
1246 1209 1274 1235 οὐ
1294 1208 1417 1246 σχοινίοις
1427 1229 1434 1242 ,
1459 1208 1527 1236 ἀλλὰ
1546 1209 1679 1248 προθυμίᾳ
1703 1210 1815 1249 σφοδρᾷ.

1050 1251 1136 1281 ‘'O-conv
1159 1254 1273 1290 ἐλεῶμεν
1298 1253 1392 1288 πάλιν,
1415 1253 1514 1285 τάσεως
1543 1255 1606 1290 ἡμῖν
1631 1255 1683 1290 δεῖ,
1713 1255 1814 1292 μήποτε

1051 1298 1152 1337 φροντὶς
1169 1298 1264 1331 οἰκίας,
1281 1298 1326 1326 καὶ
1342 1297 1491 1337 προστασία
1505 1298 1620 1334 παίδων,
1637 1299 1682 1328 καὶ
1695 1301 1816 1337 γυναικὸς

1051 1343 1186 1380 ἐπιμέλεια
1198 1365 1205 1379 ,
1225 1343 1268 1370 καὶ
1284 1342 1339 1375 δέος
1353 1343 1444 1376 πενίας
1458 1343 1622 1379 ἐπεισελθὸν,
1645 1345 1768 1385 χαυνώσῃ
1785 1346 1815 1375 τὸ

1051 1389 1140 1418 ἱστίον.
1163 1389 1209 1417 Ἂν
1226 1389 1276 1427 γὰρ
1297 1391 1329 1427 τῇ
1350 1391 1401 1417 τῶν
1419 1390 1565 1426 μελλόντων
1587 1391 1673 1419 ἐλπίδι
1688 1391 1814 1429 τείνωμεν

1050 1434 1112 1462 αὐτὸ
1136 1434 1275 1467 πάντοθεν,
1300 1435 1386 1467 καλῶς
1402 1435 1506 1473 δέχεται
1527 1438 1571 1464 τοῦ
1589 1436 1741 1473 Πνεύματος
1766 1437 1812 1472 τὴν

1049 1481 1192 1519 ἐνέργειαν·
1210 1480 1314 1509 ἐκείνων
1330 1479 1357 1508 δὲ
1368 1481 1419 1508 τῶν
1434 1481 1566 1520 ἐπικήρων
1583 1482 1627 1510 καὶ
1639 1482 1814 1521 ταλαιπώρων

1049 1526 1119 1555 οὐδὲν
1133 1528 1169 1558 εἷς
1183 1526 1262 1560 αὐτὴν
1278 1527 1447 1564 ἐμπεσεῖται,
1460 1526 1528 1555 ἀλλὰ
1538 1527 1586 1556 κᾶν
1600 1527 1702 1565 ἐμπέσῃ
1712 1548 1719 1561 ,
1731 1528 1811 1563 αὐτὴν

1049 1572 1095 1609 μὲν
1120 1571 1191 1600 οὐδὲν
1213 1571 1339 1610 ἕέλαψεν,
1359 1571 1523 1610 ἀπεκρούσθη
1545 1573 1571 1601 δὲ
1584 1573 1684 1611 ταχέως
1697 1575 1735 1612 τῷ
1749 1585 1810 1601 στε-

1047 1620 1118 1657 γανῷ
1142 1617 1186 1647 καὶ
1210 1616 1329 1651 ἐξέπεσεν
1352 1617 1536 1656 ἀποτιναχθέν.
1561 1618 1612 1647 Διὰ
1631 1621 1707 1648 τοῦτο
1727 1618 1813 1650 τοίνυν

651 1727 824 1756 MUTIANO
840 1727 1095 1757 SCHOLASTICO
1119 1725 1371 1756 INTERPRETE.

252 1829 377 1858 prospero
397 1824 476 1848 vento
490 1828 520 1845 ac
536 1824 720 1857 perseverante
740 1817 838 1846 fruitur
850 1829 859 1855 3
876 1818 923 1846 sed
941 1818 1021 1847 etiam
1037 1825 1097 1858 post
1115 1816 1312 1856 navigationem
1328 1816 1412 1855 gloria
1430 1816 1468 1845 eis
1483 1827 1579 1856 magna
1593 1818 1739 1857 contingit,
1753 1819 1809 1849 sive

251 1866 420 1901 nautis,sive
441 1865 554 1904 epibatis
575 1877 581 1893 :
602 1865 655 1893 illis
675 1864 785 1902 quidem
805 1865 923 1903 requiem
946 1866 1081 1901 tribuens,
1096 1865 1167 1904 quod
1188 1865 1279 1893 labore
1293 1863 1476 1902 remigationis
1496 1875 1548 1893 non
1567 1864 1665 1894 rucrint
1683 1865 1806 1904 fatigati5

249 1913 303 1941 illis
316 1920 416 1949 autem,
433 1912 503 1950 quod
519 1923 561 1941 eos
580 1913 662 1941 maris
675 1912 795 1941 molestia
811 1912 952 1950 liberavit,
964 1920 990 1942 ct
1009 1914 1206 1952 navigationem
1224 1913 1299 1941 illam
1312 1911 1426 1940 hilarem
1447 1911 1519 1949 fecit,
1536 1919 1562 1940 et
1576 1912 1650 1942 velut
1665 1920 1806 1952 spectacu-

249 1960 305 1988 lum
321 1961 374 1988 illis
389 1960 539 1999 jucundum
557 1960 645 1999 ipsam
663 1959 866 1999 prosperitatem
889 1971 982 1989 cursus
999 1960 1122 1989 attribuit
1138 1972 1143 1987 :
1158 1960 1197 1988 sic
1217 1960 1298 1988 etiam
1321 1959 1410 1987 anima
1430 1970 1444 1987 a
1461 1959 1555 1989 divino
1578 1959 1674 1999 adjuta
1687 1960 1804 1999 Spiritu,

249 2006 373 2035 omnibus
388 2006 466 2034 rebus
478 2006 599 2045 superior
611 2006 726 2043 exsistit,
737 2013 762 2034 et
776 2006 900 2035 omnibus
917 2006 1135 2036 fluctuationibus
1147 2006 1210 2035 vitae
1224 2006 1304 2045 hujus
1316 2005 1451 2041 eminebit,
1464 2012 1490 2034 et
1503 2005 1574 2035 viam
1589 2006 1616 2034 in
1633 2005 1679 2035 cccl
1686 2016 1730 2035 um
1749 2006 1805 2035 du-

250 2059 350 2080 eentem
367 2052 558 2087 vehementius,
575 2063 655 2090 quam
670 2053 716 2081 illa
735 2052 821 2089 navis,
834 2053 933 2081 incedit
950 2066 956 2081 ε
974 2060 1065 2092 utpote
1079 2063 1139 2091 quae
1154 2062 1206 2080 non
1228 2059 1307 2081 vento
1323 2051 1486 2090 impellitur,
1499 2051 1546 2080 sed
1560 2053 1594 2080 ab
1614 2053 1672 2092 ipso
1684 2054 1805 2082 Paracle-

251 2106 276 2128 to
293 2100 385 2134 fertur,
400 2100 499 2128 munda
512 2100 571 2129 vela
584 2099 731 2139 possidens,
747 2107 772 2128 et
791 2100 868 2139 plena
882 2101 1015 2139 prosperis
1027 2100 1135 2129 flatibus
1151 2110 1256 2128 omnem
1269 2099 1452 2127 remissionem
1467 2105 1492 2127 ct
1507 2098 1710 2128 dissolutionem
1724 2110 1739 2128 a
1754 2111 1803 2129 sua

250 2154 336 2175 mente
355 2147 512 2177 discutiens.
534 2147 609 2175 Sicut
626 2147 696 2176 enim
714 2147 742 2176 in
756 2148 823 2177 velis
839 2148 946 2186 jactatis
965 2154 1062 2177 ventus
1079 2147 1210 2184 incidens,
1226 2146 1295 2174 nihil
1309 2146 1500 2185 operaturtsie
1513 2146 1593 2174 etiam
1612 2146 1729 2186 Spiritus
1744 2158 1803 2176 san-

249 2200 307 2221 etus
319 2193 345 2221 in
360 2194 448 2221 anima
463 2193 572 2222 remissa
583 2200 608 2222 et
618 2194 692 2232 segni
704 2204 756 2223 non
768 2194 869 2233 patitur
882 2205 1036 2233 permanere
1048 2206 1057 2231 ;
1073 2193 1120 2222 sed
1133 2203 1201 2232 opus
1215 2199 1253 2220 est
1268 2192 1344 2220 nobis
1360 2191 1433 2220 omni
1447 2191 1612 2221 districtione
1619 2192 1747 2231 omnique
1757 2204 1803 2222 ve-

249 2240 392 2276 hementia,
410 2247 439 2269 ut
459 2250 532 2268 mens
560 2247 648 2269 nostra
674 2241 770 2270 ardens
797 2242 825 2270 in
847 2241 924 2270 nobis
952 2242 1072 2279 exsistat,
1090 2248 1115 2270 et
1136 2240 1225 2269 omnia
1241 2240 1267 2268 in
1294 2239 1371 2268 nobis
1385 2250 1464 2278 opera
1480 2239 1579 2268 intenta
1603 2239 1656 2268 sint
1670 2247 1695 2269 et
1712 2241 1801 2269 fortia.

251 2288 333 2316 Verbi
345 2288 429 2326 gratia
447 2300 453 2315 :
470 2287 578 2326 quando
592 2299 708 2323 oramus,
718 2299 778 2317 cum
793 2290 877 2317 multa
893 2289 1040 2318 intensione
1055 2289 1105 2317 hoc
1120 2294 1223 2328 oportet
1238 2287 1354 2324 efficere,
1369 2286 1534 2316 intendentes
1549 2286 1669 2316 animum
1683 2294 1801 2317 nostrum

250 2333 285 2362 ad
298 2335 405 2370 caelum,
419 2346 472 2363 non
487 2335 606 2372 funibus,
625 2335 671 2364 sed
697 2335 830 2364 desiderio
844 2336 943 2365 valido.
972 2337 1038 2365 Item
1053 2336 1160 2375 quando
1184 2334 1395 2364 misericordiam
1413 2334 1538 2372 facimus,
1567 2334 1713 2363 intensione
1734 2345 1802 2374 opus

250 2388 298 2417 est,
320 2392 352 2409 ne
375 2382 442 2410 sorte
465 2393 527 2410 cura
548 2382 643 2411 domus
666 2390 691 2411 et
714 2383 882 2422 providentia
910 2384 1028 2413 filiorum
1055 2391 1133 2422 atque
1156 2383 1247 2412 uxoris
1261 2383 1382 2417 affectus,
1401 2382 1443 2411 vel
1457 2381 1537 2410 timor
1562 2381 1684 2420 egestatis
1709 2382 1800 2410 subin-

250 2434 321 2455 trans
335 2450 341 2462 ,
357 2429 505 2457 remissiora
527 2430 584 2457 vela
610 2429 688 2457 nobis
711 2429 817 2458 efficiat.
833 2430 860 2457 Si
890 2431 959 2458 enim
988 2441 1061 2469 spem
1087 2431 1237 2458 futurorum
1260 2428 1426 2457 attendamus
1449 2429 1495 2465 [f.
1511 2428 1637 2465 intend]
1665 2427 1795 2466 undique,

250 2472 314 2501 bene
329 2473 439 2512 suscipit
462 2475 641 2513 operationem
665 2475 784 2514 Spiritus
803 2475 884 2503 sancti
902 2487 907 2501 :
924 2476 977 2503 illis
991 2483 1078 2504 autem
1103 2474 1308 2513 cogitationibus
1323 2481 1348 2502 et
1362 2473 1475 2502 miseriis
1498 2472 1716 2512 impedientibus,
1730 2473 1798 2502 nihil

251 2529 275 2545 nu
289 2530 346 2547 eam
373 2520 463 2557 gratim
485 2521 613 2558 permittit
642 2521 758 2550 incidere
775 2533 781 2554 ;
798 2532 828 2550 ac
843 2521 864 2549 si
883 2522 948 2550 sorte
964 2522 1074 2558 incidat,
1089 2522 1174 2560 ipsam
1193 2521 1301 2559 quidem
1328 2520 1395 2549 nihil
1421 2520 1497 2554 laesit,
1521 2518 1697 2558 repercutitur
1710 2525 1797 2548 autem

250 2565 294 2593 ille
308 2566 383 2596 ssatus
407 2566 483 2595 fitius
500 2568 645 2605 gemitibus
669 2569 773 2607 animar,
787 2576 811 2598 et
825 2568 927 2598 excidet
953 2579 1089 2599 excussus.
1118 2570 1258 2607 Propterea
1282 2568 1362 2607 igitur
1388 2568 1470 2597 inulta
1494 2566 1569 2596 nobis
1586 2576 1652 2606 opus
1666 2566 1796 2596 estimen-
