1886 2846
0 2461 9 2626 ff

466 214 496 235 ΙΝ
528 213 634 236 umsT.

96 271 140 304 οὖν
155 275 275 314 ἐξαίφνης
289 276 426 313 φωτισῦεὶς
437 296 444 309 ,
459 274 606 312 πνεύματος
618 273 735 307 ἀξιωθεὶς
745 296 753 309 ‚
768 274 866 312 δωρεᾶς

95 321 259 360 ἐπουρανίου,
273 321 412 356 υἱοθεσίας,
429 321 563 359 βασιλείας
575 322 700 360 οὐρανῶν,
713 322 764 348 τῶν
779 321 864 348 ἄλλων

95 369 211 407 ἀγαθῶν,
232 367 384 406 μυστηρίων
409 367 575 406 ἀποῤῥήτων,
591 367 635 394 καὶ
651 366 710 395 οὐδὲ
722 365 790 394 οὕτω
806 367 865 404 βε),-

94 413 157 442 τίων
171 414 325 453 γενόμενος,
341 415 400 442 ἀλλ’
416 413 485 446 ἄξιος
500 413 547 451 μὲν
565 413 600 441 ὧν
615 413 762 447 ἀπωλείας,
777 412 863 451 τυχὼν

95 459 122 489 δὲ
136 459 268 498 σωτηρίας
289 460 333 488 καὶ
346 462 441 497 τιμῆς,
455 461 489 492 ὡς
507 459 539 487 τὰ
556 459 658 497 μεγάλα
673 458 863 498 κατωρθωκὼς,

94 507 151 538 πῶς
165 505 195 535 ἂν
211 506 314 535 δύναιτο
329 507 506 544 βαπτισθῆναι
521 505 618 540 παίλινς
635 504 689 533 Δύο
707 505 791 533 τοίνυν
804 505 863 543 τρό-

94 564 152 584 ποις
169 552 198 581 τὸ
212 557 324 590 πρᾶγμα
335 551 460 580 ἀδύνατον
476 550 570 590 ἔφησεν
585 546 661 584 εἶναι,
675 551 719 578 καὶ
731 551 774 579 τὀν
787 552 863 589 {rsp-

97 597 199 635 ρότερον
213 596 318 636 ὕπερον
334 597 426 632 ἔθηκεν
437 609 443 614 ·
459 597 497 625 ἑνὶ
513 596 570 635 μὲν,
583 596 623 625 ὅτι
639 597 686 624 οὐκ
702 596 770 629 ἄξιος
784 599 797 624 ὁ
813 607 865 624 τοι-

95 642 177 671 ούτων
193 642 377 678 καταξιωθεὶς,
393 643 437 671 καὶ
449 642 536 671 πάντα
549 643 659 680 προδοὺς
672 641 705 669 τὰ
717 642 865 680 δωρηθέντα

97 690 167 727 αὗτῷ
177 711 184 725 ‚
202 689 282 717 πάλιν
297 690 515 723 ἀνακαινισθῆναι
525 699 530 705 ·
543 687 656 727 δευτέρῳ
670 687 709 722 δὲ,
722 687 762 716 ὅτι
777 689 805 716 οὐ
821 689 865 716 δυ-

95 734 172 763 νατόν
187 735 258 763 ἐστιν
273 734 350 762 αὐτὸν
365 734 445 762 πάλιν
463 735 702 771 εἰνασταυροῧσθαι·
725 736 801 762 τοῦτο
815 734 865 773 γάρ

95 781 152 807 ἔστι
165 778 416 818 παραδειγματίσαι.
434 781 492 808 Οὐκ
507 778 563 808 ἔστι
575 778 659 807 τοίνυν
675 778 793 817 δεύτερον
809 780 866 807 λου-

94 825 165 863 τρὸν,
180 827 226 853 οὐκ
240 824 309 854 ἔστιν
322 837 327 842 ·
344 825 367 853 εἷ
381 825 408 853 δὲ
423 825 497 861 ἔστι,
512 826 558 853 καὶ
570 824 656 864 τρίτον
668 825 724 853 ἐστὶ
736 848 743 861 ,
761 825 805 853 καὶ
820 825 865 853 τέ-

95 870 189 910 ταρτόν
204 871 276 906 ἐστι,
292 870 337 899 καὶ
351 871 401 900 ὑπὸ
414 875 460 900 τοῦ
473 872 582 910 ὑστέρου
601 871 642 899 ἀεὶ
656 870 685 899 τὸ
698 873 801 910 πρῶτον
814 883 865 899 κα-

93 916 219 946 ταλύεται
229 939 237 953 ,
252 917 298 946 καὶ
311 919 388 946 τοῦτο
404 917 484 946 πάλιν
495 917 546 946 ὑπὸ
557 920 602 946 τοῦ
617 917 697 945 ἄλλου
708 939 715 952 ,
730 917 775 945 καὶ
789 920 866 945 τοῦτο

95 965 133 996 εἷς
150 962 267 1002 ἄπειρον.
288 962 380 992 Εἰπὼν
395 963 434 1000 δὲ,
451 963 504 992 Καὶ
516 963 596 991 καλὸν
609 964 678 991 Θεοῦ
691 962 866 1000 γευσαμένους

97 1011 182 1048 ῥῆμα,
196 1010 319 1047 δυνάμεις
331 1021 360 1037 τε
375 1011 466 1042 αἰῶνος
486 1009 625 1046 μέλλοντος
636 1030 643 1043 ,
661 1009 709 1036 οὐκ
730 1008 866 1037 ἀποκαλύ-

95 1066 155 1083 πτει
167 1054 240 1090 αὖτὸ,
252 1055 311 1082 ἀλλ’
323 1054 476 1089 αἰνίττεται,
486 1053 530 1081 καὶ
542 1052 680 1091 μονονουχὶ
688 1055 772 1081 ταῦτα
784 1053 865 1091 λέγει·

95 1100 135 1131 ὅτι
147 1099 178 1127 τὸ
187 1101 233 1138 ζῇν
245 1101 281 1132 ὡς
293 1099 428 1138 ἀγγέλους,
437 1098 467 1126 τὸ
479 1099 589 1135 μηδενὸς
600 1099 700 1127 δεῖσθαι
709 1100 760 1126 τῶν
771 1100 866 1127 ἐνταῦ-

94 1148 127 1175 θα
138 1168 146 1181 ,
167 1144 197 1174 τὸ
215 1145 311 1174 εἰδέναι
332 1145 372 1174 ὅτι
387 1147 435 1180 τῆς
451 1146 503 1173 τῶν
520 1145 667 1182 μελλόντων
684 1143 785 1173 αἰώνων
798 1146 866 1174 ἀπο·

93 1190 211 1224 λαόσεως
224 1190 346 1231 πρόξενος
360 1194 425 1228 ἡμῖν
439 1193 455 1226 ἦ
468 1190 585 1219 υἱοθεσία
599 1190 699 1229 γίνεται
708 1213 715 1226 ,
738 1190 769 1219 τὸ
783 1192 819 1223 εἷς
832 1190 865 1220 τὰ

93 1236 178 1266 ἄδυτα
189 1239 274 1266 ἐκεῖνα
285 1238 410 1266 εἷσελθεῖν
421 1237 581 1276 προσδοκᾷν,
593 1236 637 1265 διὰ
650 1239 696 1265 τοῦ
710 1236 864 1274 Πνεύματός

95 1284 151 1312 ἐστι
165 1286 247 1312 ταῦτα
259 1286 360 1321 μαθεῖν.
375 1282 412 1312 Τί
427 1283 493 1317 ἐστι,
507 1282 639 1321 Δυνάμεις
651 1294 679 1311 τε
694 1285 738 1311 τοῦ
752 1282 865 1320 μέλλον-

94 1341 137 1362 τος
151 1331 261 1364 αἷῶνος;
276 1329 310 1358 ‘Il
326 1328 380 1363 ζωὴ
395 1331 412 1363 ἡ
429 1328 532 1361 αἰώνιος
542 1351 549 1364 ,
561 1332 578 1364 ἡ
597 1328 724 1367 ἀγγελικῆ
738 1329 865 1367 διαγωγή.

94 1375 203 1404 Τούτων
216 1375 268 1410 ἤδη
283 1375 327 1404 τὸν
342 1374 483 1414 ἀῤῥαὸῶνα
496 1375 625 1412 ἑλάῆομεν
638 1374 681 1403 διὰ
693 1377 741 1410 τῆς
752 1375 866 1408 nio-tem<

92 1421 166 1460 παρὰ
180 1424 225 1450 τοῦ
240 1422 403 1459 Πνεύματος.
425 1420 495 1450 Εἰπέ
510 1433 554 1459 μοι
573 1420 674 1457 τοίνυν,
696 1423 719 1450 εἰ
738 1423 774 1453 εἷς
789 1421 866 1460 βασί-

94 1469 153 1496 λεια
166 1467 296 1507 εἰσαχθεὶς
306 1491 313 1503 ,
328 1468 374 1496 καὶ
389 1467 475 1496 πάντα
488 1468 669 1505 ἐμπιστευθεὶς
684 1467 718 1496 τὰ
731 1469 795 1504 ἐκεῖ,
809 1464 866 1497 εἶτα

95 1513 250 1552 προύδωκας
274 1513 396 1549 ἅπαντα,
421 1509 472 1552 ’ἆρα
498 1514 528 1541 ἂν
554 1513 736 1549 ἐνεπιστεύθης
757 1513 791 1542 τὰ
813 1515 866 1542 ε’κεῖ

96 1559 176 1588 πάλιν
187 1571 195 1595 ;

137 1688 172 1716 Τί
185 1683 227 1716 οὖν
238 1700 245 1723 ;
258 1689 303 1717 οὐκ
313 1688 368 1717 ἔστι
382 1688 516 1726 μετάνοια,
528 1689 621 1727 :proin
637 1689 717 1719 Ἔστι
730 1689 864 1727 μετάνοια,

665 212 682 234 Α
690 212 709 234 D
737 211 888 235 HEBRAEOS
896 225 903 233 .

882 551 900 574 I)

1619 199 1636 206 ι-

931 211 1008 232 CAP.
1039 210 1087 232 vi.
1118 210 1235 232 nonu„
1266 209 1312 231 lX.
1599 206 1662 242 ἰῆς]

919 272 986 306 bris,
1005 271 1050 310 qui
1074 271 1210 305 inimicus,
1228 270 1274 309 qui
1296 270 1390 304 hostis,
1409 269 1455 308 qui
1476 268 1660 308 abalienatus,

917 318 963 356 qni
986 318 1040 346 Dco
1060 317 1174 352 invisus,
1189 317 1233 355 qui
1250 316 1379 356 perditus,
1394 315 1416 344 is
1434 322 1540 355 repente
1555 316 1660 345 illumi-

917 371 1005 399 natus,
1030 363 1128 403 spiritu
1151 363 1290 402 dignatus,
1305 363 1376 391 dono
1392 362 1501 399 caelesti,
1517 362 1661 402 adoptione

917 410 943 438 in
959 409 1058 447 filium,
1077 420 1157 449 regno
1172 409 1280 445 caelcsti,
1295 409 1356 437 aliis
1370 409 1456 445 bonis,
1473 409 1578 437 arcanis
1596 420 1659 449 my-

917 455 1015 491 storiis,
1029 462 1054 484 et
1067 465 1100 484 ne
1114 455 1151 483 sic
1163 454 1272 493 quidem
1289 454 1383 483 melior
1397 454 1523 491 effectus3
1538 453 1585 483 sed
1598 465 1661 484 cum

917 499 951 527 sit
964 499 1073 538 quidem
1087 499 1186 538 dignus
1196 499 1242 538 qui
1257 506 1358 538 pereat,
1374 499 1488 528 salutem
1501 505 1661 536 assequutus

917 552 942 574 ct
959 545 1086 574 honorem
1107 552 1243 584 tamquam
1259 545 1305 583 qni
1329 545 1457 584 praeclare
1471 555 1506 573 ex
1520 544 1620 573 virtute
1634 556 1662 573 sc

918 591 1050 628 gessisset,
1074 591 1210 629 quomodo
1239 602 1333 619 rursus
1363 590 1479 630 potnerit
1507 591 1662 629 baptizari?

918 637 1032 665 Duobus
1047 647 1110 676 ergo
1125 637 1210 666 modis
1232 647 1288 666 rem
1303 637 1374 666 dixit
1392 647 1445 665 non
1459 646 1536 676 posse
1550 637 1623 673 fieri,
1638 644 1663 665 et

919 693 980 711 eum
995 683 1040 721 qui
1056 689 1094 711 cst
1108 683 1212 712 firmior
1229 690 1255 712 et
1273 682 1389 711 validior
1402 683 1493 722 posuit
1512 683 1644 722 posterius
1657 695 1662 710 :

921 739 973 758 uno
987 729 1107 768 quidem,
1122 729 1194 768 quod
1209 740 1261 758 non
1276 736 1315 758 est
1328 729 1439 768 dignus,
1455 729 1503 767 qui
1524 736 1563 758 est
1583 729 1664 758 rebus

919 775 1050 814 ejusmodi
1065 775 1202 814 dignatus,
1218 783 1243 804 et
1257 775 1347 804 omnia
1361 786 1421 814 quae
1433 775 1486 804 sibi
1501 782 1563 804 sunt
1579 774 1664 804 dona-

919 828 945 849 ta
969 821 1103 860 prodidit,
1128 828 1156 849 ut
1176 832 1269 850 rursus
1291 828 1452 859 renovetur;
1475 821 1568 858 altero,
1592 821 1665 860 quod

920 867 978 895 lieri
998 878 1051 896 non
1062 868 1156 907 {potest
1172 874 1200 895 ut
1216 867 1272 907 ipse
1286 877 1378 896 rursus
1402 866 1578 906 crucifigatur
1592 879 1598 894 :
1615 867 1666 896 hoc

919 913 990 941 enim
1005 920 1043 941 est
1063 913 1176 941 ostentui
1193 913 1302 951 habere,
1319 923 1366 941 scu
1387 912 1538 941 traducere.
1551 913 1610 942 Non
1627 920 1667 941 est

921 968 993 996 ergo,
1007 969 1058 987 non
1074 965 1112 987 est
1128 958 1275 987 secundnm
1297 959 1435 988 lavacrum
1449 971 1454 986 :
1467 959 1488 988 si
1506 965 1544 988 cst
1558 966 1647 988 autem
1656 981 1665 996 ‚

919 1009 958 1031 cst
972 1003 1081 1032 tertium
1096 1004 1177 1032 etiam
1188 1011 1212 1032 et
1228 1011 1354 1042 quartum
1370 1016 1376 1031 ε
1389 1005 1466 1044 prius
1479 1005 1551 1033 enim
1563 1015 1668 1044 semper

920 1048 1078 1077 dissolvitur
1088 1060 1101 1076 a
1115 1050 1264 1088 posteriori,
1280 1057 1305 1078 et
1317 1051 1368 1079 hoc
1379 1061 1483 1090 semper
1495 1051 1530 1080 ab
1541 1051 1594 1080 alio
1604 1063 1612 1089 5
1626 1051 1667 1079 id-

920 1094 1010 1132 quein
1024 1093 1170 1122 infinitum.
1187 1096 1255 1123 Cum
1269 1095 1383 1124 dixisset
1398 1103 1486 1125 autem
1497 1120 1504 1132 ‚
1518 1098 1666 1126 Gustave-

919 1146 988 1168 runt
1011 1141 1118 1168 bonum
1138 1141 1196 1168 Dei
1214 1142 1351 1177 verbum,
1368 1144 1550 1182 virtutesque
1568 1144 1669 1172 saeculi

920 1188 1060 1220 venturi;
1078 1196 1130 1214 non
1150 1185 1177 1214 id
1200 1187 1328 1226 explicat,
1345 1187 1392 1215 sed
1412 1187 1576 1222 subindicat,
1598 1199 1629 1217 ac
1645 1190 1668 1217 si

919 1233 1020 1262 diceret
1033 1246 1039 1261 :
1053 1233 1146 1261 vivere
1160 1240 1298 1271 tamquam
1317 1234 1436 1272 angelos,
1449 1244 1484 1262 ex
1497 1234 1530 1263 iis
1547 1245 1606 1273 quae
1624 1235 1669 1264 hic

920 1287 983 1309 sunt
996 1279 1097 1308 nullius
1111 1279 1245 1318 indigere,
1257 1280 1325 1309 scire
1336 1280 1409 1319 quod
1424 1279 1474 1308 filii
1493 1281 1605 1320 adoptio
1623 1283 1668 1310 su-

923 1333 1047 1355 turorum
1061 1327 1221 1355 saeculorum
1241 1327 1406 1366 exspectatio
1423 1337 1518 1356 arcana
1537 1327 1584 1356 illa
1598 1328 1669 1356 bona

923 1373 1091 1413 ingrediendi
1103 1374 1190 1410 nobis,
1202 1374 1327 1402 conciliat
1340 1374 1474 1403 fructum:
1485 1385 1532 1414 per
1542 1374 1667 1414 spiritum

923 1420 981 1449 haec
1000 1421 1063 1450 licet
1082 1431 1249 1459 cognoscere.
1265 1420 1341 1457 Quid
1355 1427 1403 1455 est,
1426 1422 1554 1450 Wrtntes
1571 1421 1669 1460 futuri

922 1467 1022 1495 soeculi
1031 1469 1044 1494 ?
1069 1466 1134 1496 Vita
1159 1473 1271 1503 aeterna‚
1295 1466 1414 1505 angelica
1435 1466 1498 1495 vitae
1525 1467 1669 1496 institutio.

922 1512 1027 1541 Horum
1036 1513 1093 1552 jam
1108 1512 1217 1541 arrham
1231 1512 1382 1552 accepimus
1396 1523 1445 1552 per
1456 1511 1537 1541 fidem
1549 1523 1564 1541 a
1577 1513 1669 1553 Spiri-

923 1563 961 1585 tu.
981 1557 1034 1585 Dic
1053 1567 1127 1596 ergo,
1146 1557 1168 1585 si
1190 1556 1218 1585 in
1237 1557 1338 1596 regiam
1359 1568 1428 1586 esses
1449 1557 1628 1594 introductus,
1643 1566 1669 1586 et

921 1611 980 1639 quae
1002 1607 1064 1629 sunt
1085 1601 1141 1630 illic
1159 1601 1248 1630 omnia
1269 1601 1320 1630 tibi
1340 1608 1426 1630 essent
1440 1601 1552 1638 eredita,
1569 1601 1669 1631 deinde

921 1644 1085 1684 prodidisses
1103 1645 1204 1683 omnia,
1220 1656 1284 1674 eane
1302 1645 1352 1674 tibi
1367 1657 1461 1674 rursus
1475 1647 1669 1675 mederentur?

960 1691 990 1719 4.
1002 1691 1075 1726 Quid
1095 1691 1180 1730 ergo?
1197 1692 1292 1730 inquit,
1307 1702 1359 1720 non
1375 1698 1414 1720 est
1433 1691 1609 1731 poenitentia?
1620 1691 1668 1720 Est

98 1733 165 1762 ἀλλὰ
181 1733 319 1771 βάπτισμα
340 1735 387 1762 οὐκ
403 1733 458 1763 ἔστι
473 1734 602 1773 δεύτερον.
621 1735 756 1764 Μετάνοια
768 1735 796 1764 δέ
808 1738 864 1764 ἐστι
884 1744 902 1766 Β
920 1736 1076 1776 poenitentia
1109 1737 1218 1776 quidem
1225 1760 1234 1773 ,
1250 1745 1277 1766 at
1298 1748 1363 1767 vero
1386 1748 1438 1766 non
1459 1742 1497 1767 est
1519 1737 1668 1767 secundum

517 1872 693 1902 MUTIANO
716 1873 973 1903 SCHOLASTICO
996 1874 1248 1903 lN'I'ERPRETE.

96 1976 154 2005 Deo
173 1975 284 2005 odibilis
298 1982 323 2005 et
337 1975 476 2016 perditus,
491 1975 541 2005 iste
557 1982 666 2016 repente
685 1976 855 2006 illuminatus
870 1977 974 2016 Spiritu
984 1999 992 2013 ,
1007 1977 1106 2016 dignus
1126 1977 1238 2006 effectus
1251 1977 1322 2006 dono
1336 1977 1450 2016 caelesti,
1467 1978 1610 2018 adoptione
1622 1990 1667 2009 re-

95 2023 142 2062 gni
156 2023 298 2060 caelornm,
313 2030 339 2052 et
358 2023 419 2052 aliis
432 2023 511 2052 bonis
525 2023 663 2063 mysteriis
679 2023 906 2053 inenarrabilibus
920 2036 926 2051 :
941 2031 967 2053 et
981 2034 1066 2062 neque
1085 2024 1124 2053 sic
1138 2024 1233 2053 melior
1248 2025 1334 2053 factus
1347 2031 1402 2060 est,
1423 2024 1470 2054 sed
1485 2025 1585 2064 dignus
1602 2037 1667 2066 per-

94 2077 184 2100 manet
198 2070 358 2110 perditione.
373 2071 526 2110 Percipiens
540 2078 630 2100 autem
640 2071 756 2100 salntem
767 2078 792 2100 et
804 2071 946 2108 honorem,
962 2071 1047 2100 veluti
1061 2071 1108 2109 qui
1124 2071 1208 2100 multa
1222 2071 1403 2109 laboraverit,
1419 2072 1555 2110 quomodo
1570 2074 1668 2112 poterit

94 2116 250 2156 hujusmodi
270 2117 368 2145 iterum
388 2116 541 2156 baptizari?
555 2116 671 2145 Duobus
689 2116 775 2155 igitur
791 2116 878 2145 modis
894 2117 963 2146 hanc
983 2128 1091 2147 causam
1107 2117 1301 2157 impossibilem
1315 2127 1371 2146 csse
1389 2118 1477 2156 dixit,
1490 2125 1516 2147 et
1529 2119 1667 2149 fortiorem

93 2163 204 2193 modum
219 2171 352 2203 postremo
367 2163 457 2203 posuit
470 2176 476 2191 :
490 2174 544 2193 uno
558 2163 669 2202 quidem
682 2163 774 2202 modo,
791 2164 854 2203 quia
869 2175 922 2193 non
938 2172 976 2194 est
990 2164 1100 2204 dignus,
1113 2165 1160 2203 qui
1173 2165 1274 2194 talibus
1287 2165 1386 2204 dignus
1400 2166 1486 2195 factus
1497 2173 1544 2203 est,
1559 2173 1584 2195 et
1598 2177 1665 2196 cun—

94 2217 136 2239 cta
146 2210 265 2250 perdidit
279 2221 337 2250 quae
351 2211 402 2240 sibi
418 2210 516 2240 donata
529 2218 592 2241 sunt
601 2234 611 2250 ‚
628 2211 726 2240 iterum
740 2211 865 2241 renovari
875 2223 885 2250 ;
902 2219 928 2241 ct
940 2213 1003 2251 quia
1017 2212 1145 2252 possibile
1156 2223 1208 2241 non
1220 2219 1258 2241 est
1272 2223 1333 2241 enm
1348 2212 1446 2241 iterum
1458 2213 1599 2253 crucifigi3
1616 2214 1667 2243 hoc

94 2257 164 2287 enim
181 2264 219 2286 est
233 2259 347 2288 ostentui
362 2258 460 2288 habere
473 2259 623 2288 Christum.
640 2260 701 2288 Non
716 2266 756 2288 est
768 2259 852 2299 igitur
867 2259 982 2289 secunda
997 2260 1097 2290 lavatio
1113 2271 1119 2287 ε
1135 2270 1196 2288 nam
1213 2260 1234 2288 si
1249 2266 1306 2295 est,
1323 2266 1348 2288 et
1363 2260 1439 2289 tertia
1459 2267 1498 2289 cst
1511 2267 1536 2289 et
1549 2267 1644 2299 quarta
1657 2273 1663 2288 :

94 2305 182 2345 prima
196 2315 310 2344 namque
325 2316 340 2335 a
350 2307 466 2336 secunda
481 2306 651 2344 dissolvitur,
668 2314 694 2336 et
709 2307 767 2336 haec
782 2317 885 2346 semper
899 2308 934 2336 ab
948 2308 1042 2346 altera,
1057 2315 1083 2337 et
1099 2308 1188 2336 hocin
1203 2307 1341 2336 infinitum
1356 2307 1482 2347 procedat
1496 2318 1600 2337 necesse
1613 2316 1663 2337 est.

94 2353 136 2382 Et
149 2359 351 2391 gustaverunt,
369 2353 470 2392 inquit,
486 2356 592 2384 bonum
608 2356 665 2384 Det
680 2357 803 2384 verbum
815 2367 823 2382 .-
836 2362 862 2384 et
875 2366 928 2385 non
942 2356 1028 2396 aperit
1041 2355 1108 2394 quid
1123 2355 1157 2384 sit
1170 2355 1232 2385 hoc.
1252 2356 1380 2384 Virtutes
1394 2357 1484 2384 etiam
1497 2357 1594 2394 futuri
1607 2366 1664 2385 ειε-

93 2401 164 2430 culi.
181 2401 283 2431 Vivere
295 2400 396 2441 quippe
416 2401 486 2431 sicut
499 2403 603 2442 angeli,
622 2409 648 2432 et
663 2403 765 2432 nullius
778 2413 855 2442 egere
868 2414 961 2433 eorum
975 2414 1034 2443 quae
1049 2404 1076 2433 in
1099 2404 1149 2432 ista
1167 2404 1223 2432 vita
1247 2410 1326 2439 sunt,
1342 2402 1409 2432 scire
1431 2403 1557 2442 quoniam
1580 2404 1666 2432 futuri

93 2447 185 2476 saeculi
199 2447 337 2476 fructuum
358 2447 478 2487 provisio
489 2449 567 2478 nobis
583 2449 711 2487 efficitur,
729 2459 776 2488 per
791 2449 926 2489 Spiritum
940 2457 1061 2479 sanctum
1080 2450 1136 2479 haec
1150 2449 1252 2479 discere
1266 2448 1421 2478 conceditur
1436 2455 1480 2477 :et
1496 2448 1559 2477 inde
1572 2449 1664 2478 abdita

95 2494 141 2524 illa
155 2495 275 2534 ingredi,
293 2506 352 2534 qnae
363 2502 425 2525 sunt
437 2496 551 2526 virtutes
562 2497 647 2526 futuri
659 2497 768 2532 saeculi,
784 2497 872 2527 virtus
883 2505 980 2527 aeterna
990 2521 998 2534 ‚
1013 2497 1133 2538 angelica
1149 2496 1324 2527 conversatio.
1340 2496 1443 2526 Horum
1455 2496 1555 2536 quippe
1564 2496 1663 2536 pignus

95 2542 241 2583 accipimus
259 2554 306 2583 per
320 2543 414 2580 fidem,
431 2554 479 2584 per
492 2544 636 2584 Spiritum.
658 2545 710 2574 Dic
726 2545 809 2585 igitur
823 2545 889 2575 mihi
899 2569 908 2584 ,
922 2546 944 2576 si
961 2547 988 2576 in
1003 2557 1114 2586 regnum
1131 2545 1272 2586 cujusdam
1291 2544 1363 2584 regis
1385 2543 1554 2581 introducto,
1567 2552 1665 2574 cuncta

96 2589 146 2619 tibi
160 2601 219 2629 quae
235 2590 273 2619 ibi
286 2598 348 2620 sunt
363 2591 545 2628 crederentur,
562 2592 660 2622 deinde
673 2592 797 2633 proderes
811 2594 912 2632 omnia,
926 2594 1097 2624 crederentur
1111 2594 1161 2622 tibi
1176 2593 1293 2623 iterum?

139 2636 214 2672 Quid
225 2647 290 2676 ergo
305 2645 354 2672 cst,
369 2638 482 2677 inquis?
497 2650 548 2669 non
566 2647 603 2669 cst
624 2640 800 2679 poenitentia?
824 2641 871 2670 Est
887 2641 1052 2681 poenitentia,
1067 2641 1112 2670 scd
1128 2641 1259 2681 baptisma
1275 2640 1349 2670 aliud
1367 2650 1417 2670 non
1436 2647 1483 2669 cst.
1503 2639 1661 2669 Poenitenm

1458 2690 1502 2716 ll).
