1906 2846
266 203 332 249 'itjsi
590 212 617 233 S.
648 211 786 233 Joxxms
814 211 994 232 cum'SosT.
1025 211 1180 233 AnctttEP.
1210 210 1477 233 CONSTANTINOP-

265 286 327 311 mes,
339 282 360 303 ct
376 276 455 302 limus
471 273 515 310 qui
531 271 657 300 madescit
677 278 701 299 ct
722 272 837 299 multum
853 271 933 299 habet
947 271 999 299 hu-
1050 272 1181 309 καρπούς·
1197 271 1265 299 οὕτω
1283 272 1327 300 καὶ
1345 274 1429 310 ἡμεῖς.
1452 272 1498 307 Μὴ
1515 272 1597 301 τοίνυν
1620 274 1750 313 ἅΑρηστ-ον
1773 273 1820 308 τὴν

264 332 378 352 moi-vnn
394 326 483 347 contra
506 324 594 345 autem
609 324 676 345 terra
696 327 753 354 qum
769 323 807 344 est
827 316 860 344 ab
884 316 930 345 illo
946 317 998 345 lm·
1009 312 1045 360 ²1}ss
1055 317 1140 355 σάρκα
1155 317 1404 354 κατασκευάσωμεν,
1432 317 1497 356 μηδὲ
1523 318 1656 353 ἀνόνητον,
1678 319 1743 355 μηδὲ
1764 321 1823 347 ἐπι-

263 377 335 396 :uorc
359 365 452 397 libera,
475 364 523 392 sert
543 363 641 391 multos
657 363 773 399 fructus,
787 373 847 391 cum
864 362 933 391 nihil
946 363 998 392 ha·
1055 363 1141 397 Ελαὸἧ
1152 385 1159 397 ,
1172 363 1239 391 ἀλλὰ
1255 363 1420 402 φυτεύσωμεν
1435 365 1460 392 ἐν
1474 364 1539 401 αὐτῇ
1551 362 1696 403 χρησίμους
1708 364 1823 402 καρποὺς

262 413 320 440 beat
334 410 405 448 quod
417 409 527 437 niodum
548 408 658 437 excedat
671 420 676 435 ε
693 419 754 437 nam
770 409 873 437 etiamsi
890 419 940 437 non
956 420 999 438 co-
1055 409 1098 437 καὶ
1110 409 1177 448 φυτὰ
1189 409 1356 448 καρποφόρα,
1372 409 1417 438 καὶ
1429 409 1580 447 ἐπιμέλειαν
1591 408 1726 446 ποιιῖ>μεθα
1735 431 1742 444 ,
1754 408 1822 437 ὥστε

262 456 445 493 laun-‚emittit
459 455 568 484 herbam
581 466 588 489 3
603 454 643 482 sin
655 461 743 483 auten]
756 455 867 490 colatur,
877 455 997 483 fructus:
1056 455 1091 493 μὴ
1105 455 1171 483 αὐτὰ
1185 455 1292 483 ἐκλῦσαι
1307 457 1338 494 τῇ
1354 456 1455 494 τρυφῇ·
1472 454 1516 483 καὶ
1529 454 1580 494 γὰρ
1592 455 1636 483 καὶ
1652 455 1737 483 ἐκεῖνα
1749 454 1821 483 σκώ-

261 504 295 531 ita
317 513 363 531 nos
381 512 495 540 quoque.
511 502 551 529 Nc
563 500 645 539 igitur
659 511 765 529 carnem
780 500 922 529 reddamus
935 501 998 530 inu·
1054 502 1136 536 ληκας
1153 500 1209 529 ἀντὶ
1223 502 1330 541 καρπῶν
1340 501 1464 530 §affluet
1479 500 1650 529 διασαπέντα.
1661 500 1739 529 Οὕτω
1749 500 1794 528 καὶ
1805 504 1820 535 ἡ

260 549 342 585 tilcui,
356 558 439 586 neque
460 547 579 583 noxiam,
593 546 641 575 sed
656 546 682 575 in
705 557 733 575 ea
749 546 898 586 plantemus
921 547 999 575 utiles
1054 546 1166 585 ἔμφυτος
1177 547 1303 584 ἐπιθυμία
1313 569 1320 583 ,
1335 546 1378 575 ἐὰν
1394 547 1475 581 αὐτὴν
1489 546 1554 585 ὑπὲρ
1570 547 1663 585 μέτρον
1675 545 1823 586 διαὸρέξῃς,

260 596 362 623 fructus
383 601 408 622 et
426 594 533 622 arbores
558 593 712 632 frugiferas,
729 600 755 621 ct
776 604 898 622 curt-mus
912 604 943 622 ne
957 604 999 622 eas
1055 594 1165 625 ἀτόπους
1179 592 1262 621 τίκτει
1273 592 1367 627 ἡδονὰς
1378 615 1384 626 ,
1400 591 1444 621 καὶ
1457 592 1555 632 σφόδρα
1569 592 1748 624 ἀτοπωτάτας.
1763 592 1822 626 Τὴν

259 641 437 669 dissolvamus
451 639 555 668 deliciis
571 651 576 668 :
590 650 649 667 nam
662 639 703 668 luc
721 650 826 678 quoque
845 640 999 679 putrefactae
1054 635 1096 668 οὖν
1107 640 1193 677 λύμην
1207 639 1304 674 ταύτην
1317 638 1445 676 ἐξέλωμεν
1461 638 1539 668 παντὶ
1556 639 1660 678 τρόπῳ·
1682 638 1724 667 ἵνα
1740 639 1820 672 δυνη-

259 698 360 717 vcrmcs
382 698 430 725 pro
452 685 583 714 fructibus
601 686 735 714 emittunt.
756 686 796 714 Ita
813 686 893 714 ctiam
909 686 999 715 innata
1054 687 1138 723 Θῶμεν
1159 687 1291 724 ἐπιτυχεῖν
1306 687 1357 713 τῶν
1373 684 1575 724 ἐπηγγελμένων
1591 686 1704 723 ἀγαθῶν,
1718 685 1743 713 ἐν
1757 685 1821 723 Χρι-

259 733 401 772 cupiditas,
415 732 436 760 si
448 742 505 760 eam
521 731 700 765 madesmei-is,
711 738 832 771 procreat
848 738 938 771 turpes
953 743 998 761 vo·
1055 733 1108 770 στῷ
1119 730 1207 766 Ἰησοῦ
1222 733 1258 769 τῷ
1272 731 1359 769 Κυρίῳ
1375 732 1462 768 ἡμῶν,
1475 731 1519 759 καὶ
1531 731 1563 759 τὰ
1577 730 1644 766 ἑξῆς.

259 780 380 817 luptates,
393 778 446 806 imo
457 777 634 817 turpissimas.
645 777 719 805 llanc
731 778 819 816 itaque
829 777 900 806 luem
914 778 1000 807 omni-

258 824 336 853 modo
347 824 507 861 auferamus,
519 830 547 852 ut
563 823 694 863 possimus
708 824 777 852 bona
794 824 924 863 promissa
938 835 998 853 con-

257 870 327 908 sequi
340 893 346 904 ,
364 870 389 898 in
401 869 507 898 Christo
514 870 576 900 Jcsu
590 869 704 899 Domino
718 876 816 905 nostro,
828 876 876 898 etc.

676 961 851 991 MUTIANO
873 962 1130 992 SCHOLASTICO
1152 961 1405 991 INTERPRETE.

254 1049 359 1079 ¹acuerat
372 1053 485 1077 vermes,
497 1049 523 1071 et
538 1042 618 1070 fimus
634 1052 695 1070 cum
708 1041 884 1081 compluitur,
901 1042 943 1070 vel
959 1052 1020 1070 cum
1035 1041 1184 1081 plurimum
1197 1041 1249 1069 sibi
1261 1040 1401 1068 humorem
1416 1039 1525 1076 retinet3
1543 1037 1612 1068 ter'ra
1631 1050 1693 1070 vero
1712 1050 1772 1078 quae
1787 1039 1820 1068 li-

253 1089 314 1116 bera
329 1095 368 1116 cst
383 1089 417 1115 ab
431 1087 605 1125 humoribus,
621 1088 759 1116 fructuum
774 1087 948 1116 foecunditate
969 1086 1120 1123 decoratur,
1132 1086 1154 1115 si
1173 1097 1205 1114 ex
1223 1086 1388 1114 abundantia
1400 1096 1453 1114 non
1470 1092 1657 1125 corrumpatur
1672 1096 1818 1124 aquarum;

252 1146 282 1165 ac
294 1137 314 1164 si
325 1136 404 1164 etiam
420 1146 470 1163 non
481 1135 595 1171 colatur,
612 1134 683 1163 ultro
694 1141 780 1163 tamen
795 1134 915 1173 gramina
931 1134 1132 1170 subministrnt5
1147 1133 1169 1161 si
1184 1144 1248 1162 vero
1263 1134 1376 1168 colatur,
1389 1133 1524 1161 fructuum
1541 1133 1711 1162 foecunditate
1727 1133 1818 1172 polle-

252 1184 291 1212 bit
301 1184 341 1212 Η.
355 1183 473 1211 Obsecro
486 1181 611 1221 igiturne
622 1189 742 1211 nostrum
752 1192 847 1221 corpus
858 1181 985 1210 vitiosum
995 1188 1020 1209 et
1030 1181 1125 1209 inutile
1136 1181 1264 1209 faciamus
1273 1203 1280 1216 ,
1291 1191 1376 1218 neque
1390 1180 1414 1208 ei
1429 1180 1495 1208 vitia
1511 1180 1667 1216 inseramus,
1685 1180 1732 1209 sed
1744 1191 1816 1219 prae—

252 1242 376 1270 paremus
391 1230 413 1258 ei
428 1230 532 1258 fructus
549 1229 626 1257 utiles
641 1235 664 1257 ct
680 1228 789 1257 arbusta
804 1228 939 1256 fructuosa
952 1250 959 1264 ‚
974 1238 1021 1255 nec
1035 1238 1064 1256 ea
1080 1227 1260 1256 dissolvamus
1278 1238 1324 1266 per
1340 1226 1587 1255 immoderationem
1610 1227 1732 1254 ciborum
1746 1238 1751 1253 ι
1766 1226 1816 1255 im-

251 1276 397 1305 moderatio
411 1275 510 1314 quippe
521 1286 569 1314 pro
579 1275 711 1303 fructibus
723 1285 825 1303 vermes
837 1274 906 1302 facit.
921 1274 965 1302 Sic
983 1274 1063 1302 etiam
1080 1274 1158 1302 insita
1172 1274 1248 1302 nobis
1259 1272 1402 1312 cupiditas,
1416 1272 1438 1300 si
1449 1283 1506 1300 eam
1521 1272 1680 1300 deliciarum
1696 1272 1816 1301 inunda-

252 1314 369 1352 tionibus
391 1323 491 1359 cbries,
507 1322 666 1361 cupiditates
688 1328 793 1361 generat
812 1328 903 1360 turpes
918 1328 943 1350 et
957 1321 1107 1360 voluptates
1127 1320 1273 1349 admodum
1289 1320 1429 1359 turpiores.
1449 1320 1615 1359 Abjiciamus
1636 1320 1726 1359 itaque
1744 1320 1815 1348 hanc

251 1370 334 1405 lucin,
344 1375 373 1396 ut
385 1369 516 1408 possimus
528 1367 638 1407 adipisci
652 1368 720 1396 bona
731 1378 789 1406 qum
801 1367 932 1406 promissa
944 1374 1014 1402 sunt,
1025 1368 1051 1396 in
1064 1367 1172 1396 Christo
1182 1368 1245 1396 Jcsu
1256 1366 1372 1395 Domino
1385 1372 1484 1403 nostro,
1495 1377 1554 1395 cum
1568 1377 1621 1405 quo
1635 1367 1708 1396 Patri
1719 1366 1815 1406 gloria,

252 1426 304 1444 una
315 1426 376 1444 cum
390 1422 480 1444 sancto
493 1415 606 1454 Spirituy
616 1425 685 1443 nunc
696 1422 720 1443 ct
730 1425 844 1454 semper,
859 1421 883 1442 ct
895 1414 920 1442 in
931 1414 1025 1442 scecula
1039 1413 1205 1443 saeculorum.
1222 1415 1316 1442 Amen.

492 1592 648 1621 HOMlLIA
671 1590 762 1619 XXX.
1338 1591 1471 1620 ΟΜΙΛΙΑ
1490 1590 1522 1619 λ’.

253 1688 322 1715 Cap.
343 1686 405 1714 xll.
427 1697 451 1713 v.
478 1688 523 1713 Η.
545 1687 644 1713 Omnis
665 1690 764 1712 autem
783 1685 940 1723 disciplina
962 1686 993 1712 in
1011 1690 1027 1712 B
1048 1685 1128 1712 Πᾶσα
1142 1683 1168 1712 δὲ
1185 1683 1290 1712 παιδεία
1310 1683 1374 1722 πρὸς
1390 1683 1437 1721 μὲν
1452 1683 1482 1712 τὸ
1501 1683 1583 1723 παρὸν
1605 1685 1633 1712 οὐ
1647 1684 1717 1712 δοκεῖ
1731 1688 1816 1723 χαρᾶς

291 1735 426 1770 proesenti
447 1732 562 1770 quidem
580 1731 699 1759 videtur
716 1741 774 1759 non
793 1741 852 1760 esse
873 1732 990 1770 gaudii,
1087 1725 1170 1765 εἶναι,
1185 1730 1252 1758 ἀλλὰ
1271 1730 1375 1765 λύπης·
1392 1729 1497 1769 ὕστερον
1519 1730 1546 1758 δὲ
1569 1730 1669 1769 καρπὸν
1686 1731 1815 1769 εἰρηνικὸν

293 1779 344 1807 sed
361 1779 486 1806 ma’roris
502 1789 514 1813 ,-
530 1783 631 1816 postea
649 1784 746 1805 autem
760 1777 890 1815 sructura
904 1788 993 1815 paca-
1087 1780 1140 1809 τοῖς
1161 1776 1193 1804 δι’
1217 1777 1297 1810 αὐτῆς
1311 1775 1534 1815 γεγυμνασμένοις
1553 1776 1696 1805 ἀποδίδιιισι
1712 1778 1814 1805 δικαιο-

294 1826 435 1853 tissimum
457 1825 623 1852 exercitalis
640 1833 691 1861 per
712 1833 775 1851 eam
796 1824 895 1851 reddet
908 1825 993 1861 justi·
1087 1822 1173 1857 σύνης.
1188 1822 1235 1851 Διὸ
1251 1822 1297 1855 τὰς
1312 1822 1471 1862 παρειμένας
1492 1827 1582 1861 χεῖρας
1596 1822 1685 1851 καὶτὰ
1697 1823 1815 1861 παραλε-

295 1873 350 1898 tite.
376 1872 422 1898 12.
448 1871 573 1908 Propter
593 1869 671 1908 quod
691 1871 826 1897 remissas
846 1879 950 1897 manus
967 1875 993 1897 et
1088 1868 1187 1906 λυμένα
1209 1868 1306 1907 γόνατα
1330 1868 1496 1906 ἀνορθώσατε
1510 1880 1516 1885 ·
1537 1868 1582 1896 καὶ
1605 1867 1712 1907 τροχιὰς
1736 1868 1815 1907 ὀρθὰς

293 1918 391 1945 solnta
406 1927 502 1956 genua
519 1918 619 1955 erigite
639 1928 647 1943 .-
665 1917 711 1944 15.
732 1922 757 1944 el
771 1926 885 1955 gressus
902 1923 994 1944 rectos
1088 1914 1215 1949 ποιήσατε
1230 1919 1282 1947 τοῖς
1296 1914 1373 1943 ποσὶν
1388 1916 1460 1952 ὑμῶν
1472 1937 1479 1951 ,
1495 1914 1537 1943 ἵνα
1558 1913 1595 1952 μὴ
1610 1914 1640 1943 τὸ
1657 1913 1744 1953 χωλὸν
1766 1915 1813 1943 ἐκ-

292 1965 385 2001 sacite
408 1964 530 2002 pedibus
551 1965 666 1997 vestris,
690 1969 721 1990 ut
742 1973 799 1990 non
823 1962 994 1991 claudicans
1089 1963 1194 1999 τραπῇ,
1211 1962 1271 1999 ἰαθῇ
1287 1960 1313 1989 δὲ
1327 1962 1435 1998 μᾶλλον.

295 2012 360 2049 quis
375 2016 460 2045 erret,
473 2011 564 2048 magis
578 2015 675 2037 aldem
685 2015 813 2037 sanetur.

295 2110 321 2135 1.
338 2107 392 2143 Qui
408 2117 497 2135 amara
512 2107 607 2135 bibunt
624 2106 827 2141 medicamenta,
844 2106 919 2145 prius
933 2105 993 2144 qui-
1090 2107 1124 2135 Οἱ
1138 2106 1170 2134 τὰ
1185 2106 1312 2145 φάρμακα
1333 2105 1450 2137 πίνοντες
1464 2105 1497 2134 τὰ
1512 2104 1608 2144 πικρὰ,
1623 2104 1763 2144 ἀνέχονταί
1776 2117 1815 2133 τι-

255 2154 314 2182 dein
325 2152 462 2191 quoddam
475 2153 562 2180 serunt
573 2152 683 2181 taedium
696 2158 720 2180 et
730 2152 886 2188 molestiam,
897 2159 921 2180 et
932 2159 995 2180 tunc
1050 2163 1090 2185 νος
1106 2152 1232 2191 πρότερον
1249 2152 1356 2187 ἀηδίας,
1371 2151 1416 2179 καὶ
1436 2151 1495 2179 τότε
1515 2153 1562 2185 τῆς
1582 2150 1708 2190 ὠφελείας
1725 2151 1815 2180 αἰσθά-

256 2199 373 2228 sentiunt
389 2198 540 2226 utilitatem.
562 2198 638 2226 Talis
653 2198 723 2226 enim
740 2209 782 2227 rcs
796 2205 835 2226 est
850 2198 954 2235 virtus,
971 2205 995 2226 et
1011 2203 1029 2226 C
1049 2192 1145 2227 vovwr.
1160 2199 1284 2227 Τοιοῦτον
1297 2197 1347 2236 γὰρ
1360 2200 1376 2232 ἡ
1390 2197 1482 2236 ἀρετὴ,
1494 2200 1608 2225 τοιοῦτον
1620 2199 1636 2232 ἡ
1649 2196 1746 2225 κακία·
1763 2198 1816 2225 ἐκεῖ

255 2246 308 2274 tale
322 2245 419 2274 vitium
440 2256 445 2271 :
468 2244 523 2272 illic
536 2243 644 2282 quidem
661 2244 778 2283 primum
794 2251 831 2272 est
849 2244 992 2283 voluptas,
1049 2243 1142 2284 πρώτη
1157 2246 1173 2278 ἦ
1189 2243 1285 2279 ἡδονὴ,
1305 2238 1360 2271 εἶτα
1381 2245 1397 2278 ἧ
1422 2242 1520 2280 ἀθυμία
1531 2254 1537 2260 ·
1554 2244 1664 2272 ἐνταῦθα
1689 2241 1781 2281 πρώτη
1798 2245 1815 2277 ἡ

675 2337 845 2364 ΜΗΤΙᾹΝΟ
867 2335 1120 2365 SCHOLASTICO
1141 2335 1394 2364 INTERPRETE.

299 2433 399 2459 Omnis
411 2435 507 2458 autem
521 2427 677 2466 disciplina
688 2428 718 2454 in
727 2430 862 2464 praesenti
875 2428 993 2456 videtur
1008 2437 1065 2455 non
1080 2437 1141 2456 esse
1153 2427 1273 2465 gaudii,
1294 2426 1345 2455 sed
1357 2427 1483 2454 mceroris
1501 2437 1509 2452 :
1521 2431 1622 2464 postea
1638 2430 1735 2453 autem
1744 2425 1814 2463 sru-

258 2485 335 2507 ctum
351 2478 571 2516 pacatissimum
589 2476 755 2503 exercitatis
767 2485 819 2513 per
832 2485 896 2502 eam
910 2475 1009 2503 reddet
1023 2477 1153 2514 justitioe.
1170 2476 1292 2513 Propter
1307 2474 1386 2512 quod
1400 2475 1534 2501 remissas
1553 2481 1657 2500 manus
1674 2478 1701 2499 et
1718 2471 1814 2500 soluta

257 2535 351 2563 genua
362 2525 472 2561 erigite,
483 2529 510 2551 et
524 2531 637 2560 gressus
650 2521 845 2560 rectosfacite
854 2521 975 2559 pedibus
989 2523 1095 2549 vestris
1104 2543 1112 2558 ,
1127 2527 1157 2549 ut
1173 2531 1231 2549 non
1245 2521 1417 2549 claudicans
1430 2521 1494 2558 quis
1505 2524 1580 2547 erret
1589 2540 1596 2554 ,
1609 2519 1702 2557 magis
1716 2524 1813 2546 autem

259 2579 388 2600 sanetur.
402 2570 457 2605 Qui
473 2579 563 2598 amara
574 2568 672 2597 hibunt
686 2567 817 2603 antidota,
830 2569 957 2606 patienter
968 2568 1055 2596 serunt
1068 2568 1177 2606 quidem
1192 2568 1311 2607 primum
1326 2567 1485 2601 molestiam,
1499 2572 1524 2594 et
1535 2572 1597 2594 tunc
1608 2575 1713 2593 sensum
1724 2564 1814 2604 perci—

259 2618 337 2656 piunt
352 2616 493 2655 sospitatis.
506 2616 574 2644 Tale
589 2614 719 2653 quiddam
734 2621 771 2644 est
783 2614 863 2644 etiam
878 2614 974 2652 virtus,
990 2614 1041 2642 tale
1050 2625 1154 2653 quoque
1167 2615 1276 2644 malitia.
1294 2615 1324 2643 In
1338 2614 1385 2642 ista
1401 2613 1520 2652 primum
1533 2618 1571 2642 cst
1582 2612 1716 2651 voluptas,
1733 2618 1759 2642 et
1773 2622 1812 2641 se-
