1906 2846
192 179 259 213 352
536 189 564 211 s.
594 188 735 211 JOANMS
762 186 945 209 cum'sosr.

189 261 242 280 uon
257 251 378 287 credunt,
394 257 417 279 et
429 260 477 288 ego
490 249 568 278 credo
577 250 590 277 ἶ)
602 249 679 278 Nihil
693 248 763 277 dixit
779 246 910 286 ejusmodi
923 269 930 282 ,

191 297 264 335 quod
272 296 452 325 verisimiliter
463 295 531 323 alius
540 294 652 322 dixisset
664 301 689 322 et
696 293 810 327 fecisset,
823 291 870 320 sed
885 292 931 320 di-

191 343 241 370 ctis
254 341 484 370 c1·cdidit.52.Et
496 340 676 378 quidadlzuc
688 339 784 366 dicam
795 341 807 365 Ρ
819 337 934 376 deficiet

191 398 237 415 nze
249 394 357 424 tempus
372 391 570 413 enarrantem.
583 384 643 413 Non
658 384 775 422 amplius
790 383 824 411 de
837 389 932 411 caetero

189 432 265 470 pouit
279 430 453 468 nomina,sed
467 441 528 459 cum
541 429 661 458 desiisset
675 429 703 457 in
716 429 891 463 meretricem,
908 435 933 457 et

188 488 232 505 eos
255 477 395 505 excitasset
417 487 464 515 per
480 476 635 514 qualitatem
657 485 787 514 personae,
806 485 858 503 non
874 485 931 503 am-

189 523 259 562 plius
274 522 371 551 dilatat
384 523 520 559 historias,
538 533 570 550 ne
590 521 714 550 videatur
730 521 809 550 nimis
823 521 930 560 prolixa

188 569 227 597 uti
244 569 376 605 oratione3
389 580 440 597 non
458 575 546 597 tamen
566 578 609 596 eas
628 567 752 605 dimittit,
770 568 817 596 sed
832 568 929 597 admo-

188 614 254 643 dum
272 615 403 654 sapienter
417 615 564 654 percurrit,
581 620 725 652 utrumque
739 624 843 650 curans,
855 621 880 642 et
889 624 931 642 sa-

187 661 302 690 tietatem
319 661 433 700 fugiens,
449 667 473 689 et
487 659 678 688 sententiarum
693 660 863 688 crebritatem
877 670 929 689 non

187 707 320 746 perimens
335 719 341 734 z
358 717 444 744 neque
458 706 566 735 omuino
583 706 666 742 siluit,
681 716 764 744 neque
784 706 875 735 dicens
890 713 931 735 at-

187 754 250 782 tulit
272 754 438 788 molestiam,
454 751 501 781 sed
521 759 667 791 utrumque
691 759 762 781 recte
783 752 930 792 dispensat.

187 800 255 827 Nam
271 799 378 837 quando
392 798 529 838 quispiam
551 798 721 827 vehementer
741 798 892 836 contendit,
907 799 929 827 si

187 851 279 883 pergat
294 844 461 879 contendere,
472 851 561 873 enecat
577 844 739 881 auditorem,
747 845 804 883 jam
816 855 929 884 persua-

186 900 245 919 sum
263 890 384 918 molestia
403 890 531 927 afficiens,
543 897 568 919 et
582 890 703 930 praebens
723 889 758 919 de
778 901 806 919 se
820 890 929 930 opinio-

184 946 244 964 nem
256 935 392 964 ambitiosi
405 947 411 963 :
422 942 523 975 oportet
537 936 607 965 enim
622 947 650 965 se
662 936 864 965 accommodare
877 936 928 965 uti-

183 982 262 1010 litati.
281 983 323 1010 Et
342 983 415 1021 quid
434 983 532 1011 adhuc
553 983 651 1011 dicam
666 985 678 1009 ?
696 982 783 1020 inquit
795 994 801 1010 τ
813 983 930 1022 deficiet

185 1039 229 1056 me
251 1034 361 1067 tempus
385 1034 573 1056 enarrantem
596 1029 632 1056 de
659 1029 777 1057 Gedeon
787 1050 796 1065 ,
819 1030 928 1065 Barac,

183 1076 336 1113 Sampson,
349 1075 487 1112 Jeplnlze,
500 1075 612 1111 David,
622 1074 755 1111 Samuel,
765 1081 792 1102 et
805 1075 928 1113 prophe-

184 1123 230 1149 tis.
241 1120 360 1156 Quidam
375 1119 490 1149 Paulum
502 1119 719 1158 reprehendunt,
737 1119 811 1157 quod
825 1119 909 1148 Barac
919 1141 927 1155 ‚

183 1168 314 1206 Sampson
328 1173 352 1195 et
360 1165 476 1205 Jephthe
489 1166 516 1194 in
525 1166 567 1194 his
578 1172 659 1204 ponat
668 1164 741 1194 locis.
750 1165 825 1201 Quid
834 1164 926 1194 dicis?

184 1224 245 1242 cum
258 1213 422 1242 meretricem
432 1212 561 1252 posuerit,
573 1213 623 1241 hos
634 1223 686 1241 non
698 1212 798 1252 ponet?
810 1213 849 1241 Nc
860 1212 928 1241 mihi

183 1260 254 1287 enim
265 1259 399 1297 reliquam
409 1269 501 1287 eorum
512 1258 597 1286 vitam
611 1258 725 1293 dixeris,
739 1258 783 1286 sed
796 1269 860 1286 num
871 1268 928 1287 cre-

183 1304 311 1333 diderunt
331 1311 357 1333 et
374 1304 429 1333 fide
451 1303 683 1343 resplenduerunt.
707 1305 748 1332 Et
766 1305 926 1342 prophetis,

183 1351 232 1378 55.
253 1353 304 1389 qui
315 1361 367 1389 per
379 1351 470 1389 fidem
486 1353 621 1378 vicerunt
635 1361 736 1389 regna.
757 1350 841 1378 Vides
855 1350 926 1388 quod

183 1407 236 1425 uon
250 1397 317 1425 ferat
330 1397 382 1425 hoc
397 1397 579 1425 testimonium
597 1396 631 1425 de
644 1397 698 1424 vita
716 1397 843 1435 praeclara
855 1408 861 1423 :
874 1407 926 1426 non

184 1443 255 1471 enim
272 1450 327 1471 erat
338 1442 367 1471 id
382 1442 454 1480 quod
475 1442 610 1481 praecipue
628 1442 816 1479 quaerebatur,-
830 1441 876 1470 sed
888 1442 925 1470 fi-

183 1488 226 1516 dei
247 1487 354 1516 interim
376 1494 431 1516 erat
452 1487 624 1516 examinatio.
642 1488 712 1515 Nam
726 1486 768 1514 dic
783 1486 861 1520 mihi,
878 1497 926 1514 an-

183 1544 234 1561 non
252 1533 306 1561 fide
319 1533 474 1561 universum
489 1532 680 1561 confecerunt?
693 1531 856 1567 Quomodo}³
868 1534 927 1560 Per·

181 1581 280 1617 fidem,
302 1579 406 1617 inquit,
426 1581 562 1607 vicerunt
582 1589 681 1618 regna,
699 1589 793 1618 nempe
808 1578 927 1607 Gedeon.

976 186 1118 209 ARCfflEP
1125 201 1132 209 .
1161 187 1223 209 CON
1229 188 1429 211 STANTm'OP.

989 248 1056 284 δρῶν
1080 249 1202 283 συνετῶν,
1213 246 1305 280 οἵτινες
1319 250 1472 283 ἀπιστοῦσι,
1483 250 1528 277 καὶ
1545 249 1597 288 ἐγὼ
1611 250 1755 279 πιστεύσωὶ

989 293 1072 320 Οὐδὲν
1088 295 1212 328 τοιοῦτον,
1228 293 1293 332 ὅπερ
1308 293 1376 326 εἰκὸς
1397 289 1428 328 ἦν
1451 293 1528 322 ἄλλον
1550 295 1595 322 καὶ
1615 297 1696 324 εἰπεῖν
1711 296 1756 323 καὶ

988 341 1090 374 παθεῖν,
1106 338 1173 366 ἀλλὰ
1192 343 1246 370 τοῖς
1259 338 1409 377 λεγομένοις
1431 339 1577 369 ἐπίστευσε.
1600 340 1654 368 Καὶ
1670 340 1696 368 τί
1718 341 1756 370 ἔτι

986 384 1071 421 λε’γω;
1087 384 1216 423 ἐπιλείψει
1236 384 1287 423 γάρ
1303 396 1335 423 με
1357 385 1527 423 διηγούμενον
1543 388 1556 414 ὁ
1570 386 1671 424 χρόνος.
1687 387 1757 414 Οὔκ-

987 430 1025 458 έτι
1043 431 1135 459 λοιπὸν
1149 431 1183 460 τα
1196 431 1315 469 ὀνόματα
1327 431 1442 468 τίθησιν,
1457 432 1525 461 ἀλλὰ
1541 432 1699 467 τελευτήσας
1721 434 1758 465 εἷς

986 476 1033 511 τὴν
1060 476 1171 515 πόρνην,
1196 478 1241 506 καὶ
1266 478 1391 516 ἐντρέψας
1415 478 1458 507 διὰ
1480 481 1527 513 τῆς
1549 482 1594 507 τοῦ
1614 477 1756 518 προσώπου

986 522 1138 559 ποιότητος,
1163 523 1250 553 οὐκέτι
1273 523 1400 552 πλατύνει
1426 524 1474 556 τὰς
1497 523 1630 563 ἱστορίας,
1653 523 1696 552 ἵνα
1718 523 1756 562 μὴ

986 568 1047 607 δόξῃ
1072 574 1265 608 μακρηγορεῖν·
1279 571 1307 598 οὗ
1324 569 1374 607 μὴν
1391 570 1470 602 αὐτὲις
1485 569 1604 609 ἀφίησιν,
1620 571 1678 598 ἀλλ’
1700 571 1757 598 ε’πι-

963 621 967 627 ’
986 614 1074 653 τρέχει
1093 615 1193 654 σφόδρα
1215 617 1339 651 συνετῶς,
1361 618 1449 655 τηρῶν
1471 616 1624 656 ἀμφότερα,
1645 616 1691 644 καὶ
1711 615 1756 644 τὸν

987 661 1062 700 κόρον
1079 661 1194 700 φεύγων,
1210 662 1255 690 καὶ
1275 662 1323 697 τὴν
1340 662 1493 697 πυκνότητα
1508 663 1536 691 οὔ
1551 661 1755 699 λυμαινόμενος·

987 707 1045 736 οὔτε
1066 707 1153 746 πάντῃ
1178 708 1308 747 ἐσίγησεν,
1324 708 1382 738 οὔτε
1405 708 1489 746 λέγων
1513 708 1680 747 ἠνώχλησεν,
1696 709 1754 736 ἀλλ’

987 752 1125 792 ἀμφότερα
1141 757 1220 782 ποιεῖ.
1232 753 1318 782 εΌττιιν
1330 754 1381 793 γάρ
1395 767 1435 787 τις
1454 756 1569 793 ἷσιυρῶς
1579 753 1738 793 ἀγωνίζηται
1748 777 1756 790 ,

987 797 1017 826 ἂν
1031 798 1143 836 ἐπιμένῃ
1167 799 1373 838 ἀγωνιζόμενος,
1389 800 1526 828 ἀποκναίει
1540 799 1584 828 τὸν
1608 799 1754 839 ἀκροατὴν,

986 845 1161 882 πεπεισμένον
1178 846 1268 874 λοιπὶν
1290 847 1404 884 ἐνοχλῶν
1418 846 1464 874 καὶ
1486 844 1637 884 φιλοτιμίας
1651 845 1757 883 λαμὸιί-

985 902 1036 918 νων
1058 890 1150 924 δόξαν·
1166 891 1204 919 δεῖ
1226 891 1277 931 γὰρ
1291 892 1356 930 πρὸς
1379 891 1408 920 τὸ
1429 890 1562 923 λυσιτελὲς
1585 890 1755 929 ἁρμόζεσθαι.

985 936 1039 964 Καὶ
1050 936 1075 964 τί
1087 936 1126 965 ἔτι
1136 937 1221 976 λέγω,
1233 936 1328 976 φησίν,
1341 937 1471 975 ἐπιλείψει
1486 936 1538 975 γάρ
1559 948 1592 974 με
1615 935 1756 974 διηγούμε-

985 994 1026 1010 νον
1037 984 1051 1010 ὁ
1064 982 1158 1022 χρόνος
1169 983 1230 1021 περὶ
1242 982 1346 1011 Γεδεὼν
1360 983 1454 1022 Βαράκ
1467 994 1496 1011 τε
1518 981 1564 1010 καὶ
1577 980 1699 1020 Σαμψὼν
1711 980 1756 1010 καὶ

983 1029 1084 1067 Ἰεφθάε
1094 1051 1101 1064 ,
1115 1028 1199 1058 Δαυίδ
1214 1041 1242 1057 τε
1256 1029 1301 1057 καὶ
1324 1028 1452 1066 Σαμουὴλ
1472 1028 1517 1057 καὶ
1531 1030 1584 1057 τῶν
1602 1028 1755 1067 προφητῶν.

981 1074 1142 1112 Ἔγκαλοῧσι
1156 1077 1194 1115 τῷ
1211 1075 1311 1113 Παύλῳ
1326 1075 1408 1109 τινὲς,
1423 1074 1463 1103 ὅτι
1478 1074 1522 1102 τὸν
1536 1073 1630 1112 Βαρὰκ
1644 1073 1689 1102 καὶ
1710 1073 1754 1102 τὸν

982 1120 1103 1160 Σαμψὼν
1126 1120 1171 1149 καὶ
1186 1121 1229 1149 τὸν
1241 1120 1344 1159 Ἰεφθάε
1367 1122 1394 1149 ἐν
1408 1120 1508 1153 τούτοις
1528 1120 1615 1154 τίθησι
1641 1124 1694 1153 τοῖς
1710 1119 1754 1148 τό-

982 1178 1049 1200 ποις.
1063 1166 1099 1195 Τί
1122 1166 1221 1205 λέγεις,
1235 1168 1248 1195 ὁ
1262 1166 1311 1201 τὴν
1330 1166 1429 1205 πόρνην
1453 1166 1521 1200 θεὶς,
1535 1165 1640 1199 τούτους
1656 1167 1684 1194 οὖ
1707 1167 1754 1200 Θή·

983 1225 1037 1248 σει;
1054 1212 1099 1248 Μὴ
1114 1213 1166 1252 γάρ
1183 1225 1226 1250 μοι
1249 1212 1292 1240 τὸν
1309 1212 1386 1240 ἄλλον
1402 1212 1489 1240 αὐτῶν
1508 1212 1563 1249 βίον
1585 1211 1677 1249 εἴπῃς,
1693 1212 1752 1239 ἀλλ’

982 1261 1005 1288 εἷ
1021 1259 1057 1297 μὴ
1073 1260 1228 1288 ἐπίστευσαν
1241 1258 1286 1286 καὶ
1302 1258 1423 1296 ἔλαμψαν
1440 1259 1466 1286 ἐν
1480 1259 1513 1295 τῇ
1525 1257 1624 1285 πίστει,
1638 1256 1690 1285 Καὶ
1701 1258 1753 1285 τῶν

981 1307 1133 1343 προφητῶν,
1149 1304 1226 1342 φησιν
1236 1326 1243 1339 ,
1256 1303 1281 1332 οἳ
1296 1302 1337 1330 διὰ
1349 1303 1462 1334 πίστεως
1477 1302 1693 1340 κατηγωνίσαντο
1706 1303 1753 1340 βα-

982 1350 1088 1382 σιλείας.
1102 1350 1184 1387 Ὁρᾷς
1197 1350 1236 1377 ὅτι
1251 1348 1309 1387 οὗχὶ
1326 1348 1382 1385 βίον
1396 1350 1506 1376 ἐνταῦθα
1528 1348 1615 1380 αὐτοῖς
1627 1351 1756 1386 μαρτυρεῖ

981 1395 1103 1434 λαμπρόν
1116 1406 1121 1412 ·
1137 1395 1194 1424 οὐδὲ
1218 1394 1271 1433 γὰρ
1290 1398 1367 1423 τοῦτο
1381 1393 1586 1433 προηγουμένως
1599 1389 1631 1428 ἧν
1657 1393 1687 1421 τὸ
1708 1394 1755 1428 ζη-

981 1442 1105 1479 τούμενον
1118 1453 1123 1458 ·
1147 1440 1215 1469 ἀλλὰ
1243 1439 1355 1472 πίστεως
1384 1439 1450 1472 τέως
1483 1439 1598 1472 ἐξέτασις
1619 1435 1661 1474 ἦν.
1687 1438 1755 1468 Εἰπὲ

981 1487 1031 1525 γάρ
1053 1499 1114 1525 μοι,
1130 1488 1152 1515 εἷ
1175 1486 1211 1524 μὴ
1233 1486 1320 1515 πίστει
1345 1486 1374 1514 τὸ
1394 1490 1447 1515 πᾶν
1476 1485 1590 1522 ἤνυσαν,
1606 1486 1682 1521 Πῶς,
1703 1485 1755 1514 Διὰ

981 1534 1108 1570 πίστεως,
1122 1533 1185 1572 φησί
1194 1556 1200 1568 ,
1216 1532 1430 1570 κατηγωνίσαντο
1450 1531 1584 1570 βασιλείας
1598 1532 1622 1560 οἱ
1636 1531 1697 1570 περὶ
1710 1531 1754 1560 τὸν

982 1580 1094 1608 Γεδεών.
1107 1579 1274 1618 Εἱργάσαντο
1284 1577 1462 1612 δικαιοσύνην.
1473 1578 1563 1614 Τίνες;
1575 1578 1656 1607 Αὐτοὶ
1667 1573 1752 1605 οὗτοι*

186 1627 304 1664 operati
318 1632 386 1654 sunt
395 1627 552 1663 justitiam.
570 1625 688 1661 Quinam
706 1625 733 1652 hi
751 1625 831 1654 sunt?
844 1624 928 1653 Iidem
946 1633 965 1655 D
981 1626 1040 1660 ἤτοι
1061 1625 1109 1660 τὴν
1124 1624 1322 1664 φιλανθρωπίαν
1344 1626 1455 1653 ἐνταῦθα
1480 1623 1645 1658 δικαιοσύνην
1669 1619 1750 1651 εἶπεν.

184 1673 292 1702 omnino
312 1672 352 1704 illi
366 1679 427 1700 :aut
445 1672 637 1712 benignitatem
650 1671 696 1701 hic
709 1672 841 1712 justitiam
852 1672 927 1701 dicit.

982 1671 1129 1710 Ἐπέτυχον
1145 1671 1319 1710 ἐπαγγελιῶν.
1339 1669 1405 1710 Περὶ
1420 1672 1464 1698 τοῦ
1479 1668 1561 1698 aaut&
1579 1664 1653 1707 οἶμαι
1673 1668 1750 1697 αὐτὸν

605 1804 782 1833 MUTIANO
805 1803 1061 1833 SCHOLASTICO
1083 1801 1337 1831 INTERPRETE.

183 1933 285 1956 eorum,
304 1921 376 1960 quod
385 1928 492 1961 possent
502 1921 550 1950 illa
561 1921 722 1960 contingere.
734 1923 775 1950 Ec
790 1922 863 1961 quid
876 1923 983 1958 adhuc,
995 1921 1094 1960 inquit,
1107 1922 1172 1950 dico
1185 1924 1198 1949 Ρ
1211 1920 1326 1960 deficiet
1341 1922 1416 1948 enim
1430 1929 1476 1948 me
1486 1926 1597 1959 tempus
1608 1930 1749 1949 enarran-

184 1978 251 1999 tem.
267 1970 327 1999 Jam
342 1979 394 1998 non
409 1968 483 2008 ponit
497 1969 617 2006 nomina,
634 1968 678 1997 sed
693 1968 774 1997 finem
789 1969 888 1998 faciens
903 1969 930 1997 in
946 1969 1101 2004 meretrice,
1115 1975 1141 1997 et
1156 1968 1183 1996 in
1197 1967 1387 1997 verecundiam
1410 1977 1454 1995 eos
1477 1967 1596 1996 excitans
1620 1967 1750 2005 qualitate

183 2026 311 2056 personae,
326 2026 377 2044 non
388 2017 446 2055 jam
459 2015 553 2044 dilatat
567 2015 743 2044 historiarum
757 2016 1048 2052 commemorationem,
1062 2026 1095 2044 ne
1106 2015 1232 2044 videatur
1241 2025 1390 2044 sermonem
1400 2024 1479 2042 suum
1490 2013 1632 2052 protelare.
1646 2014 1750 2042 Tamen

183 2072 234 2091 non
246 2073 274 2090 ea
286 2062 426 2102 explanat,
436 2061 484 2090 sed
496 2062 627 2101 percurrit
638 2085 645 2098 ,
659 2061 792 2101 sapienter
805 2062 886 2091 valde
899 2069 1044 2100 utrumque
1058 2062 1172 2095 faciens,
1187 2068 1211 2090 et
1226 2068 1331 2100 tempus
1347 2060 1462 2099 fugiens,
1479 2066 1504 2088 et
1517 2059 1675 2088 densitatem
1689 2070 1750 2088 sen-

183 2109 327 2137 tentiarum
341 2119 394 2137 non
408 2108 529 2136 auferens
542 2118 647 2146 :neque
662 2108 734 2137 enim
748 2108 857 2137 omnino
870 2108 973 2144 tacuit,
983 2119 1068 2146 neque
1081 2108 1173 2137 dicens
1187 2108 1315 2136 molestus
1329 2107 1439 2135 effectus
1454 2112 1510 2141 est;
1521 2112 1666 2143 utrumque
1678 2105 1749 2134 enim

183 2156 255 2185 fecit.
273 2156 342 2184 Cum
365 2155 436 2184 enim
459 2155 563 2184 fortiter
583 2155 726 2194 quisquam
742 2155 876 2193 decertat,
890 2156 912 2184 si
926 2155 954 2184 in
968 2155 1114 2184 certamine
1128 2154 1349 2194 perseveraverit,
1364 2153 1493 2191 defatigat
1515 2152 1678 2181 auditorem.
1695 2153 1751 2188 Qui

184 2203 253 2231 enim
265 2203 323 2242 jam
336 2201 454 2231 credenti
466 2201 635 2240 longitudine
650 2202 779 2231 sermonis
799 2203 926 2231 molestus
944 2213 1000 2232 esse
1014 2202 1142 2239 voluerit,
1157 2201 1310 2240 opinionem
1330 2199 1486 2229 ambitionis
1507 2199 1620 2228 incurrit
1632 2207 1752 2239 :oportet

184 2249 254 2277 enim
277 2249 387 2278 utilitati
404 2248 567 2288 prospicere,
583 2255 609 2277 et
625 2249 753 2288 coaptari.
768 2250 809 2278 Et
823 2250 895 2289 quid
909 2250 1018 2286 adhuc,
1034 2249 1141 2287 inquit,
1152 2249 1218 2276 dico
1228 2250 1241 2275 Ρ
1253 2247 1368 2287 deficiet
1383 2248 1460 2275 enim
1475 2257 1521 2275 me
1537 2253 1647 2285 ternpus
1660 2257 1751 2276 enar-

184 2303 297 2325 rantem
308 2297 344 2325 de
357 2297 488 2333 Gedeon,
505 2297 615 2331 Barac,
628 2302 656 2324 et
669 2297 823 2335 Sampson,
834 2303 862 2326 et
877 2297 1013 2336 Jephthe,
1031 2303 1058 2326 et
1070 2296 1180 2332 David,
1193 2303 1219 2324 et
1229 2295 1358 2330 Samuel,
1374 2300 1401 2323 et
1417 2295 1575 2333 prophetis.
1587 2294 1618 2322 In
1629 2293 1681 2323 hoc
1692 2294 1751 2324 1000

184 2344 292 2383 culpant
301 2344 414 2382 quidam
430 2343 556 2379 Paulum,
568 2343 696 2382 quoniam
711 2344 797 2372 Barac
810 2351 835 2373 et
849 2345 982 2384 Sampson
995 2351 1021 2373 et
1033 2344 1152 2384 Jephthe
1162 2343 1232 2371 inter
1239 2343 1303 2371 istos
1318 2341 1464 2371 constituit.
1474 2341 1550 2376 Quid
1561 2341 1650 2370 dicis?
1663 2352 1751 2371 mere·-

184 2391 277 2419 tricem
291 2391 375 2430 ponit,
390 2391 453 2420 istos
469 2397 559 2419 autem
573 2401 627 2419 non
641 2391 744 2430 ponat?
758 2393 814 2420 Nec
825 2392 893 2420 mihi
908 2403 980 2421 nunc
990 2392 1065 2421 dicas
1076 2392 1159 2420 aliam
1168 2391 1254 2419 vitam
1267 2400 1369 2426 eorum,
1380 2388 1428 2418 sed
1438 2389 1487 2418 etsi
1500 2399 1553 2417 non
1568 2388 1749 2426 crediderunt,

185 2437 235 2466 etsi
248 2448 300 2466 non
313 2438 466 2467 claruerunt
479 2438 507 2467 in
521 2438 583 2467 fide.
595 2440 623 2467 E
626 2445 636 2467 t
652 2439 802 2478 prophetis
812 2461 820 2476 ,
833 2439 938 2478 inquit,
950 2442 1002 2479 qui
1014 2440 1167 2479 perfidem
1187 2443 1428 2477 expugnaverunt
1442 2447 1540 2476 regna.
1554 2436 1668 2465 Intueris
1686 2437 1752 2474 quia

187 2494 239 2512 non
252 2484 314 2513 vitae
326 2496 418 2514 eorum
429 2485 474 2514 hic
486 2485 645 2516 testificatur
657 2485 730 2524 quod
744 2485 817 2514 clara
827 2486 923 2523 fuerit3
937 2497 1023 2525 neque
1037 2486 1109 2515 enim
1118 2486 1170 2514 boc
1184 2485 1366 2524 quaerebatur,
1378 2483 1424 2512 sed
1437 2482 1471 2512 de
1483 2482 1538 2512 fide
1544 2489 1599 2511 erat
1611 2482 1688 2511 ratio.
1699 2483 1752 2511 Dic

188 2530 259 2558 enim
278 2531 364 2568 mihi,
385 2532 408 2560 si
433 2542 485 2561 non
508 2539 604 2562 cuncta
625 2532 681 2561 fide
696 2532 932 2572 impetraverunt?
949 2535 1005 2562 Per
1017 2534 1122 2573 fidem,
1135 2533 1236 2571 inquit,
1252 2537 1493 2571 expugnaverunt
1513 2540 1613 2569 regna.
1631 2530 1750 2559 Gedeon

188 2579 292 2616 quippe
300 2579 388 2607 etiam
401 2581 548 2617 justitiam
563 2587 698 2618 operatus
712 2587 763 2610 est.
776 2580 907 2619 Quinam,
919 2580 1007 2619 inquit
1016 2603 1024 2619 ,
1034 2581 1146 2610 eorum?
1159 2580 1207 2619 qui
1221 2586 1283 2609 sunt
1297 2579 1341 2608 isti
1355 2588 1422 2617 quos
1435 2577 1525 2608 dicit?
1535 2576 1749 2608 Misericordiam
