1886 2846
427 166 460 189 ΙΝ
489 167 595 190 EPIST.
626 168 670 191 An
696 168 865 192 HEBRAEOS·

96 231 184 269 κόψαι.
200 230 253 260 Καὶ
276 231 315 260 ἔτι
331 233 347 266 ἡ
363 231 422 270 χεὶρ
446 233 524 260 αὺτοῦ
545 233 653 271 ὑψηλὴ,
673 233 746 273 φησί.
767 234 865 266 Πόσσις

95 279 166 314 ’ἡμᾶς
190 277 286 306 πάθεσι
309 277 483 315 περιέὸαλεν,
506 277 573 306 ὥστε
596 279 708 318 ἐκκόψαι
733 282 810 318 ἡμῶν
835 279 866 308 τὸ

95 322 234 361 φρόνημας
251 323 343 356 πόσοις
365 322 499 352 ἕκύκλωσε
521 324 636 362 οηρίοις;
654 325 706 354 Καὶ
729 326 780 364 γὰρ
803 325 865 354 ὅταν

95 368 194 406 λέγωσί
207 380 290 403 τινες,
305 369 332 397 τί
349 371 442 404 ‘murm
461 370 496 401 εἷς
517 369 542 397 τί
567 372 662 405 τοῦτο;
678 370 752 409 παρὰ
775 372 805 400 τὸ
829 373 866 410 τῷ

95 415 158 452 Θεῷ
173 414 265 443 δοκοῦν
280 414 364 442 ταῦτά
378 426 466 453 φασιν.
482 414 528 443 Ἐν
541 415 657 455 τοσούτῳ
672 428 701 444 σε
722 416 796 456 φόὲῳ
820 429 867 445 κα-

96 459 221 495 τέστησε,
233 460 279 489 καὶ
293 459 350 489 οὐδὲ
366 460 435 489 οὕτω
450 466 676 499 ταπεινοφρονεῖς,
689 462 755 490 ἀλλὰ
772 467 868 501 μικρᾶς

97 505 240 544 εὐπραγίας
254 505 284 533 ἂν
301 505 415 543 ἐπιλοίὸῃ
430 505 509 541 ποτὲ,
525 506 589 545 πρὸς
612 507 690 536 αὐτὸν
707 508 809 546 φθάνεις
824 508 867 536 τὸν

97 550 205 589 οὐρανὸν
220 553 258 580 τῶ
272 550 432 591 φρονήματι.

141 877 193 906 Διὰ
212 880 288 907 τοῦτο
299 879 326 906 αἱ
340 878 466 917 τάχιστ-αι
490 878 634 916 μεταὸολαὶ
660 879 705 907 καὶ
726 878 869 917 μεταπτώ-

102 935 172 959 σεις,
186 924 231 953 καὶ
246 925 302 953 οὐδὲ
319 924 386 953 οὕτω
410 925 604 962 παιδευόμεθα·
617 926 659 953 διὰ
671 928 747 953 τοῦτο
765 925 872 954 θάνατοι

102 975 219 1009 συνεχεῖς
233 970 278 998 καὶ
289 970 385 1010 ἄωροι,
396 973 473 1008 ἡμεῖς
489 970 515 998 δὲ
527 971 562 1002 ὡς
578 971 702 1000 ἀθάνατοι
717 973 872 1009 φρονοῦμεν,

101 1017 137 1049 ὡς
161 1016 284 1045 οὐδέποτε
307 1016 503 1053 τεθνηξόμενοι·
519 1016 601 1048 οὕτως
622 1017 788 1054 ἁρπάζομεν,
803 1016 871 1045 οὕτω

100 1064 320 1101 πλεονεκτοῦμεν,
335 1064 370 1094 ὡς
395 1062 520 1091 οὐδέποτε
535 1061 662 1094 δώσοντες
683 1062 774 1099 λόγον·
789 1061 872 1095 οὕτως

101 1109 298 1146 οἰκοδομοῦμεν,
314 1110 350 1140 ὡς
365 1109 475 1136 ἐνταῦθα
489 1107 609 1145 μένοντες
631 1108 689 1143 ἀεὶ,
717 1108 762 1136 καὶ
785 1108 844 1137 οὐδὲ
859 1111 872 1137 ὃ

101 1156 146 1182 τοῦ
156 1155 226 1184 Θεοῦ
237 1154 312 1193 λόγος
326 1155 385 1183 καθ’
401 1153 515 1188 ἑκάστην
530 1154 632 1193 ἡμέραν
645 1157 709 1191 ἡμῖν
725 1153 872 1193 ἐνηχούμε-

101 1212 158 1236 νος,
167 1199 224 1229 οὐδὲ
236 1200 301 1228 αὐτὰ
310 1200 427 1229 παιδεύει
438 1199 472 1228 τὰ
485 1200 640 1239 πράγματα.
653 1201 712 1229 Οὐκ
724 1199 794 1229 ἔστιν
805 1200 871 1238 ἢμέ·

104 1257 162 1284 ραν,
176 1246 224 1274 οὐκ
237 1245 306 1274 ἔστιν
321 1245 392 1285 ὥραν
408 1246 502 1281 εἰπεῖν,
518 1247 544 1274 ἐν
557 1241 575 1285 ᾗ
593 1246 628 1284 μὴ
655 1251 772 1285 συνεχεῖς
800 1247 870 1275 ἐστιν

103 1291 166 1319 ἰδεῖν
177 1290 287 1330 ἐκφορᾶς
297 1302 303 1308 ·
317 1291 384 1319 ἀλλὰ
392 1291 480 1319 πάντα
495 1291 591 1328 μάτην,
604 1291 649 1320 καὶ
666 1293 713 1326 τῆς
724 1291 872 1331 σκληρότη-

102 1348 145 1369 τις
153 1338 229 1374 ἡμῶν
243 1337 316 1366 οὐδὲν
331 1340 502 1366 καθικνεῖται.
512 1338 581 1367 Οὐδὲ
592 1339 618 1366 ἐν
631 1343 688 1371 ταῖς
699 1339 794 1377 ἑτέρων
809 1351 872 1376 συμ-
890 1343 908 1366 Β
928 1337 984 1365 deri
1006 1336 1108 1376 possint
1129 1335 1216 1364 multa
1239 1335 1328 1363 efferri
1348 1335 1442 1363 funera
1467 1347 1473 1362 :

102 1388 195 1422 φοραῖς
213 1383 330 1422 βελτίους
342 1383 462 1422 γενέσθαι
482 1383 628 1421 δυνάμεθα,
646 1385 744 1422 μᾶλλον
759 1385 800 1421 δὲ,
814 1385 871 1415 οὐδὲ

102 1428 224 1466 θέλομεν·
240 1429 299 1457 ἀλλ’
322 1429 384 1458 ὅταν
397 1429 470 1458 αὐτοὶ
487 1428 560 1466 μόνοι
574 1431 723 1467 πενθῶμεν,
746 1430 806 1459 τότε
827 1443 871 1460 συ-

103 1474 266 1512 στελλόμεῦα
277 1485 283 1492 ·
296 1474 345 1503 κᾶν
361 1475 409 1513 ἀνῇ
422 1474 470 1510 τὴν
484 1478 562 1513 χεῖρα
572 1477 586 1503 ὁ
595 1476 678 1510 Θεὸς,
694 1476 775 1504 πάλιν
795 1479 873 1513 ἡμεῖς

103 1519 152 1553 τὴν
169 1524 245 1559 χεῖρα
261 1520 407 1558 ἓτῆραμεν.
423 1521 517 1553 Οὐδεὶς
531 1521 545 1534 *
557 1520 590 1548 τὰ
605 1521 658 1549 ἅνω
672 1525 759 1560 φρονεῖ
770 1542 778 1558 ,
793 1523 873 1555 οὐδεὶς

139 1619 149 1628 ⁸
167 1622 200 1644 Τά
212 1624 267 1644 ἅνω,
283 1617 350 1642 Editi
364 1621 431 1648 αεὶ-ἰς
444 1623 582 1652 ἀνθρώπινα.
596 1619 644 1643 Hic
664 1619 810 1644 manifestus
824 1629 864 1644 cr-

104 1666 145 1682 τοι*
158 1664 204 1682 est.
218 1658 291 1682 Haud
304 1657 380 1682 dubie
393 1659 450 1690 leg„
459 1664 488 1684 τ’).
499 1664 553 1685 ἅνω,
566 1665 592 1682 ιιι
607 1658 665 1691 legit
676 1661 802 1691 lutei-pres
814 1661 860 1684 La-

105 1696 172 1720 tinus
185 1698 227 1729 qui
239 1698 313 1721 vertit
325 1697 437 1720 caelesu'a
447 1715 453 1727 ,
468 1703 494 1720 ut
506 1698 581 1721 etiam
600 1698 738 1727 Mutianus,
751 1699 793 1730 qui
809 1707 864 1722 ver-

104 1735 135 1759 tit
148 1736 245 1760 divina.
264 1736 381 1759 Errorem
395 1735 453 1760 inde
463 1737 605 1768 profectum
622 1743 697 1768 puto,
711 1736 779 1769 quod
791 1746 862 1761 ama—

104 1782 209 1799 nuenses
220 1780 268 1804 2222,-
279 1781 303 1799 et
316 1780 361 1807 ἀνῳ
374 1784 420 1807 pro
431 1780 547 1809 νῖνορωπος
555 1781 579 1799 et
591 1780 701 1809 ἀνθρώπῳ
714 1775 860 1801 scriberent.

895 167 973 191 CAP.
1002 167 1064 192 vn.
1093 167 1212 191 llOMlL.
1241 169 1299 193 ΧΠ.

1597 173 1661 208 ¹79

918 232 1025 262 deretur
1041 243 1088 262 nos
1111 240 1208 262 temere
1229 244 1371 271 coiona1·e;
1387 244 1473 273 neque
1495 243 1591 266 rursus
1613 246 1662 265 no<

920 286 1022 316 strum,
1043 290 1075 308 ne
1096 279 1247 309 incidamus
1272 281 1298 309 in
1327 281 1518 320 arrogantiam.
1546 283 1614 311 Nam
1640 283 1661 311 si

921 337 982 355 cum
1003 326 1134 355 minorem
1155 326 1302 355 babeamus
1324 334 1443 366 partem,
1461 328 1599 357 efferimur
1607 351 1616 366 ‚
1637 335 1662 357 et

920 372 1047 411 praeclare
1064 371 1098 401 de
1109 372 1186 401 nobis
1206 373 1336 401 sentimus
1354 385 1360 401 ι
1377 373 1444 411 quid
1461 374 1607 403 faceremus
1618 397 1626 410 ‚
1641 375 1663 403 si

920 425 1006 447 totum
1019 425 1086 447 esset
1099 418 1126 446 in
1141 425 1230 447 nostra
1249 419 1400 457 potestate?
1416 419 1504 448 Multa
1519 420 1590 449 enim
1604 420 1665 449 fecit

922 465 995 493 Deus
1009 471 1038 493 ut
1054 471 1171 493 nostram
1186 471 1337 504 amputaret
1348 465 1540 503 arrogantiam.
1557 468 1597 495 Et
1613 468 1665 495 ad·
1678 477 1734 498 lsm.
1745 476 1765 497 5.
1779 475 1815 497 23.

923 511 980 539 huc
994 510 1112 539 excelsa
1131 520 1236 539 manus
1254 512 1316 550 ejus
1326 533 1333 547 ,
1348 510 1442 549 inquit.
1463 513 1538 546 Quot
1553 522 1600 540 nos
1613 512 1664 541 cir-

923 556 1061 586 cumdedit
1078 556 1246 596 passionibus
1256 579 1264 593 ,
1279 563 1308 585 ut
1321 557 1405 585 clatos
1420 564 1519 586 resecet
1532 558 1644 597 spiritus
1655 559 1668 588 ‘t‘

923 614 1003 641 quam
1019 603 1112 631 multis
1127 603 1213 632 cinxit
1227 602 1318 631 hestiis
1330 603 1343 631 Ξ)
1356 602 1472 637 Quando
1486 603 1557 632 enim
1572 603 1666 633 dicunt

923 649 1007 688 aliqui
1018 649 1116 687 ‚¹,Quid
1127 649 1198 688 hocs?
1208 660 1335 688 quorsum
1347 649 1418 678 hoc?
1429 649 1486 678 haec
1497 649 1591 678 dicunt
1600 662 1668 690 prm-

925 702 963 724 tcr
978 696 1027 724 Dei
1046 695 1183 735 placitum.
1199 696 1230 723 In
1246 702 1318 724 tanto
1333 702 1358 724 te
1373 696 1465 724 statuit
1480 702 1573 734 metu,
1589 703 1615 725 ct
1635 707 1666 725 nc

924 742 961 770 sic
970 741 1080 780 quidem
1092 741 1124 770 de
1135 748 1160 770 te
1171 741 1309 769 humiliter
1318 742 1410 776 sentis,
1418 741 1465 771 sed
1473 741 1495 770 si
1507 741 1613 780 quando
1623 742 1666 771 vel

924 796 1025 825 parvus
1040 786 1089 814 tibi
1109 786 1212 814 faustus
1223 785 1340 814 evenerit
1354 796 1489 815 successus
1501 808 1508 822 ,
1527 786 1561 814 ad
1576 786 1665 826 ipsum

892 861 915 871 η,
925 841 1008 869 usque
1020 830 1116 858 caelum
1131 829 1228 869 spiritu
1239 829 1384 859 extolleris.

879 860 915 910 Ἰ
966 878 994 904 4.
1018 876 1159 915 Propterea
1174 875 1320 904 celerrimae
1344 875 1398 904 illae
1423 875 1493 904 fiunt
1508 876 1668 905 mutationes

926 928 951 950 et
963 932 1039 950 casus
1052 933 1059 958 ;
1076 928 1101 949 et
1125 931 1157 949 ne
1170 920 1209 949 sic
1219 921 1328 959 quidem
1344 921 1507 960 castigamur
1522 933 1528 949 τ
1541 921 1601 950 ideo
1616 922 1668 950 sre-

926 973 1038 1004 quentes
1049 973 1147 994 mortes
1157 973 1181 994 et
1193 966 1341 994 immaturae
1348 978 1356 1003 3
1371 976 1418 995 nos
1429 974 1518 995 autem
1531 974 1668 1006 tamquam

927 1012 1092 1040 immortales
1112 1012 1226 1050 superbe
1253 1012 1398 1049 sentimus,
1418 1013 1495 1051 quasi
1523 1023 1668 1052 numquam

927 1058 1051 1087 morituri
1068 1069 1073 1085 ε
1089 1057 1126 1085 ita
1149 1057 1290 1096 rapimus,
1307 1058 1344 1086 ita
1360 1058 1386 1087 in
1399 1059 1514 1088 aliorum
1528 1060 1599 1088 bona
1622 1059 1667 1088 in-

925 1105 1068 1139 vadimus,
1089 1104 1166 1143 quasi
1182 1115 1329 1142 numquam
1357 1105 1489 1134 reddituri
1513 1106 1642 1135 rationem
1661 1119 1667 1134 ε

926 1152 963 1181 ita
977 1151 1144 1181 aedificamus
1154 1158 1292 1189 tamquam
1303 1151 1348 1179 hic
1361 1162 1465 1190 semper
1478 1161 1628 1191 manentes;
1644 1160 1669 1182 et

926 1208 1011 1237 neque
1036 1198 1086 1226 Dei
1106 1197 1220 1226 verbum
1243 1196 1363 1235 quotidie
1386 1197 1413 1225 in
1434 1198 1531 1226 nostris
1545 1198 1669 1228 insonans

926 1244 1052 1279 auribus,
1067 1253 1152 1281 neque
1168 1253 1210 1271 res
1225 1242 1290 1282 ipsae
1309 1252 1356 1270 nos
1371 1242 1506 1271 erudiunt.
1530 1244 1590 1272 Non
1608 1245 1670 1273 licet

927 1291 1019 1320 videre
1035 1289 1107 1319 diem
1119 1300 1166 1318 nec
1191 1289 1302 1323 horam,
1319 1288 1345 1316 in
1366 1299 1420 1327 qua
1436 1299 1488 1317 non
1507 1288 1612 1317 assidue
1630 1290 1670 1318 vi-

1503 1334 1549 1363 sed
1573 1336 1670 1364 frustra

927 1383 1017 1412 omnia
1031 1405 1038 1419 ‚
1054 1392 1102 1411 nec
1116 1381 1264 1420 quidquam
1277 1381 1313 1410 ad
1334 1387 1451 1409 nostram
1468 1381 1594 1420 pertingit
1618 1382 1671 1410 du-

928 1430 1027 1458 ritiem.
1046 1430 1139 1467 Neque
1151 1429 1179 1457 in
1191 1428 1286 1456 alienis
1307 1427 1505 1456 calamitatibus
1529 1438 1671 1467 possumus

928 1475 998 1503 effici
1012 1474 1150 1511 meliores;
1163 1474 1217 1502 imo
1239 1484 1303 1502 vero
1318 1473 1444 1502 nolumus
1457 1484 1463 1500 ε
1478 1473 1525 1502 sed
1539 1483 1600 1502 cum
1622 1474 1672 1502 soli

928 1521 1064 1560 lugemus,
1082 1527 1143 1549 tunc
1164 1519 1366 1556 contrahimur3
1387 1526 1413 1548 et
1426 1519 1448 1547 si
1466 1520 1540 1548 Deus
1562 1530 1671 1548 manum

914 1621 979 1644 nine
994 1619 1097 1652 quidam
1110 1619 1219 1644 Grmculi
1234 1618 1331 1643 librarii
1351 1627 1439 1643 vocem
1458 1624 1503 1644 ἀνω
1514 1638 1520 1648 ,
1540 1628 1616 1651 quam
1635 1620 1671 1643 sic

914 1666 1042 1683 exaratam
1055 1659 1185 1691 videbant,
1194 1667 1237 1690 per
1257 1667 1346 1683 vocem
1363 1663 1473 1694 ἀνθρώπῳ
1485 1665 1670 1690 expresserunt.

914 1698 1062 1730 Exemplum
1077 1698 1149 1721 attuli
1163 1698 1314 1729 inPalaeogr.
1324 1698 1368 1722 Gr.
1378 1707 1403 1730 p.
1416 1699 1473 1724 3⁴2,
1485 1698 1526 1722 Sic
1537 1706 1672 1721 amanuen—

915 1739 948 1761 sis
961 1737 1001 1761 hic
1011 1756 1018 1767 ‚
1031 1747 1088 1761 cum
1102 1737 1193 1769 legeret
1215 1742 1243 1763 τὰ
1259 1742 1304 1762 ἀνω
1321 1743 1416 1770 φρονεῖ-ι,
1428 1738 1463 1761 sic
1476 1738 1611 1768 expressit,
1633 1741 1671 1761 cka-

914 1781 1012 1810 θρώπινα
1023 1783 1118 1810 φρονεῖν.
1130 1776 1224 1809 [Marg.
1237 1776 1315 1801 Savil.
1328 1780 1428 1810 οὐράνια.
1445 1776 1480 1800 al.
1495 1775 1609 1809 ταπεινά]

526 1903 701 1932 MUTIANO
723 1902 979 1932 SCllOLASTICO
1001 1902 1253 1931 INTERPRETE.

105 2011 256 2051 superbiam
271 2010 430 2040 incidamus.
442 2010 471 2039 Si
485 2010 556 2039 enim
569 2010 709 2039 minimam
724 2017 827 2050 partem
839 2010 976 2045 habentes,
989 2010 1043 2038 alta
1058 2010 1187 2049 sapimus,
1202 2009 1278 2048 quid,
1288 2009 1310 2038 si
1324 2009 1406 2039 totius
1421 2020 1468 2038 nos
1482 2011 1571 2048 operis
1586 2013 1671 2040 nostri

103 2059 207 2088 domini
220 2058 358 2088 essemus?
373 2057 460 2086 Multa
478 2057 578 2096 quippe
591 2058 664 2086 Deus
679 2064 709 2086 ut
726 2058 899 2087 ambitionem
914 2064 1032 2086 nostram
1047 2058 1173 2086 recideret
1185 2057 1247 2086 fecit
1259 2069 1264 2084 ε
1274 2058 1315 2085 Et
1336 2058 1434 2086 adhuc
1455 2058 1602 2087 altissima
1615 2060 1672 2088 illa

104 2116 219 2134 manus.
235 2105 352 2140 Quantis
371 2114 418 2132 nos
433 2104 603 2143 passionibus
623 2104 812 2141 circumdedit,
827 2112 856 2134 ut
871 2112 989 2133 nostram
1004 2104 1105 2133 recidat
1119 2104 1320 2143 arrogantiam?
1335 2104 1440 2142 quantis
1454 2104 1671 2133 circumvallavit

103 2152 217 2181 bestiis?
233 2151 340 2181 Etenim
355 2151 462 2190 quando
477 2151 571 2180 dicunt
586 2151 708 2190 quidam,
720 2151 795 2187 Quid
807 2152 868 2188 hoc,
879 2159 924 2180 aut
936 2163 985 2181 cur
998 2151 1072 2180 hoc?
1088 2158 1179 2180 contra
1189 2151 1263 2189 quod
1278 2151 1334 2179 Dco
1348 2151 1433 2189 placet
1447 2150 1496 2179 ista
1513 2151 1669 2190 loquuntur.

104 2199 134 2226 In
150 2205 223 2227 tanto
237 2205 262 2226 te
287 2197 383 2226 timore
406 2198 560 2235 constituit;
576 2205 600 2226 ct
622 2209 707 2237 neque
721 2199 760 2227 sic
775 2199 889 2228 humilia
904 2199 987 2239 sapis,
1004 2198 1051 2227 scd
1066 2199 1089 2227 si
1107 2198 1240 2227 modicam
1264 2197 1468 2238 prosperitatem
1490 2197 1620 2237 arripias,
1636 2198 1670 2227 ad

104 2245 193 2285 ipsum
207 2245 302 2274 caelum
318 2245 448 2284 pertingis
463 2246 516 2274 alta
532 2245 671 2285 sapiendo.

143 2293 287 2331 Propterea
303 2291 382 2320 etiam
397 2291 493 2320 celeres
507 2291 668 2320 mutationes
678 2291 809 2320 exsistunt
824 2298 848 2320 et
859 2291 943 2320 ruinae
954 2314 961 2328 ‚
972 2298 997 2320 et
1011 2302 1095 2330 neque
1110 2290 1148 2319 sic
1160 2290 1338 2330 corripimur:
1350 2298 1488 2330 propterea
1501 2298 1598 2320 mortes
1612 2291 1668 2320 fre-

103 2345 212 2377 quentes
226 2345 251 2367 et
264 2338 433 2376 immaturte5
448 2349 495 2368 nos
511 2345 599 2367 autem
615 2339 698 2367 veluti
711 2339 874 2368 immortales
889 2339 1018 2379 sapimus,
1031 2346 1060 2368 ut
1070 2350 1216 2377 numquam
1228 2338 1351 2367 morituri
1365 2352 1370 2366 :
1384 2339 1422 2367 sic
1438 2339 1558 2378 rapimus
1570 2338 1666 2373 aliena,

103 2392 128 2415 ct
140 2385 179 2415 sic
194 2386 324 2425 ampliora
337 2386 471 2426 cupimus,
489 2393 517 2414 ut
528 2397 675 2425 numquam
691 2385 825 2414 reddituri
839 2386 970 2415 rationem
982 2398 988 2414 ε
1001 2386 1040 2415 sic
1053 2386 1220 2415 aedificamus
1231 2409 1238 2422 ,
1256 2393 1391 2424 tamquam
1406 2386 1450 2414 hic
1465 2392 1594 2425 perpetuo
1607 2396 1668 2425 pcr-

103 2432 222 2461 mansuri
234 2444 242 2470 ;
257 2439 282 2461 ct
296 2442 380 2471 neque
394 2432 445 2462 Dei
458 2433 571 2462 verbum
586 2444 633 2472 per
647 2433 767 2472 singulos
777 2433 835 2462 dies
850 2433 926 2462 nobis
940 2433 1073 2471 insonans,
1088 2444 1173 2472 neque
1187 2434 1251 2473 ipstu
1270 2444 1309 2461 res
1322 2444 1370 2462 nos
1384 2433 1542 2472 corripiunt.
1556 2434 1615 2462 Non
1630 2440 1668 2462 est

102 2476 168 2515 dies,
178 2488 230 2507 non
242 2485 280 2507 est
293 2478 369 2513 hora,
383 2479 409 2507 in
421 2490 473 2517 qua
491 2490 541 2508 non
555 2479 697 2508 videantur
712 2480 809 2508 mortui
824 2480 977 2518 frequenter
991 2480 1099 2518 efferri3
1112 2480 1157 2509 sed
1173 2480 1261 2508 onmia
1277 2480 1332 2508 sine
1341 2490 1429 2508 causa.
1446 2479 1582 2508 Duritiam
1596 2480 1666 2508 enim

105 2532 221 2554 nostram
237 2526 305 2554 nibil
320 2526 436 2564 mitigat,
450 2537 535 2565 neque
550 2538 581 2555 cx
598 2527 690 2556 alicnis
706 2527 905 2556 calamitatibus
923 2528 1044 2557 meliores
1067 2528 1138 2557 effici
1154 2538 1305 2566 possumus,
1321 2527 1406 2567 magis
1419 2534 1508 2556 autem
1523 2527 1665 2556 nolumus:

106 2570 149 2599 sed
165 2572 271 2610 quando
285 2573 332 2602 soli
347 2573 480 2612 lugemus,
495 2581 558 2602 tunc
574 2574 766 2612 humiliamur-3
781 2582 805 2603 ct
815 2575 836 2604 si
854 2574 915 2603 item
932 2585 1041 2603 inanum
1056 2585 1129 2603 suam
1144 2574 1263 2614 porrigat
1279 2575 1536 2613 l)eiis,n0511izin11ni
1548 2580 1666 2602 nostram
