1906 2846
126 346 226 375 Miduyi
241 353 262 367 ε.

119 758 186 779 Ram.
201 756 260 778 ι.ι8.

116 1668 174 1691 Isat.
192 1675 210 1689 ι.
233 1674 254 1690 2.

279 183 345 218 303
604 192 634 214 S.
663 191 802 214 JOANNJS
827 190 1007 213 cniffsosr.
1037 190 1193 213 AncniEP.
1221 190 1487 216 CONSTANTINOP-

279 265 358 293 quani
374 254 429 282 ha‘c
444 253 497 292 pati
508 275 515 289 ‚
527 258 552 279 et
565 251 616 280 nisi
630 250 680 278 Dei
695 250 775 278 timor
791 256 904 286 teneret,
920 250 1011 278 conse-
1064 251 1147 278 λωλεν
1159 250 1271 285 εὖλαὸὴς
1283 251 1335 280 ἀπὸ
1345 254 1391 286 τῆς
1401 253 1458 290 γῆς,
1466 253 1511 281 καὶ
1521 255 1534 282 ὁ
1545 257 1677 293 κατορθῶν
1689 258 1714 285 ἐν
1727 258 1825 295 ἀνθρω-

278 301 372 327 cisscut
386 310 412 327 se
427 312 431 326 :
446 297 511 325 :ideo
524 296 622 324 caedem
640 295 775 334 propriam
791 295 901 333 spirant.
918 296 1011 323 Annon
1064 307 1122 327 ποις
1137 297 1186 334 οὐχ
1198 296 1321 335 ὑπάρχει.
1343 298 1397 326 ’Νῦν
1413 297 1440 326 δὲ
1453 298 1498 326 καὶ
1515 301 1591 335 ἡμεῖς
1604 302 1680 328 τοῦτο
1696 302 1825 339 βοήσομεν

276 352 338 373 snm
353 345 408 371 1,,ιις
424 343 511 380 pojum
524 341 674 378 sanguiue?
691 342 748 368 Ilei
761 341 833 368 milii
849 342 959 375 anima,
970 340 1011 368 di·
1064 341 1124 380 περὶ
1138 343 1214 379 ἡμῶν
1228 343 1312 370 αὐτῶν
1326 344 1438 382 πρῶτον.
1460 343 1538 372 Ἀλλά
1549 356 1593 381 μοι
1603 347 1646 372 τοῦ
1660 346 1753 384 θρήνου
1765 348 1827 375 συλ-

276 390 351 417 cchat
372 388 462 415 duleus
482 386 619 424 propheta,
641 388 727 424 periit
748 387 797 413 ‘vir
813 388 878 423 pius
892 396 911 413 (ι
925 392 1011 421 terra,
1064 387 1184 415 λάξεσθε.
1217 388 1297 426 Τάχα
1319 388 1385 420 τινὲς
1406 389 1450 416 καὶ
1472 389 1630 422 οἷωνίζονται
1651 391 1695 418 καὶ
1715 392 1826 428 γελῶσι·

275 441 301 462 et
317 436 347 461 ιἰι
373 434 536 460 hominibus
557 443 615 459 non
640 438 682 459 est
704 433 754 469 qui
774 432 870 469 saciat
896 432 1010 459 bonum.
1064 431 1133 466 πλὴν
1144 432 1188 460 καὶ
1200 432 1242 460 διὰ
1257 436 1332 461 τοῦτο
1343 433 1478 462 ἐπιτείνειν
1492 435 1590 472 μᾶλλον
1605 434 1657 473 χρὴ
1669 435 1713 463 τὸν
1725 437 1827 473 θρῆνον,

274 481 351 508 Nunc
370 487 459 507 autem
481 489 528 506 nos
547 488 651 515 quoque
672 477 705 504 dc
728 477 870 515 nobisipsis
893 477 1012 515 primum
1064 477 1104 505 ὅτι
1115 477 1182 506 οὕτω
1193 478 1338 516 μαινόμεθα
1351 479 1395 507 καὶ
1406 480 1601 517 παραπαίομεν,
1611 480 1651 508 ὅτι
1663 479 1720 508 οὐδὲ
1733 481 1828 518 εἷμαι-

275 525 324 553 hoc
339 524 522 552 clamabimus.
537 523 588 551 sod
604 522 637 550 ad
653 522 867 550 lamentationem
881 532 928 550 vos
944 522 1011 550 mihi
1029 529 1046 551 Β
1065 523 1162 560 νόμεθα
1177 523 1264 560 ἴσμεν,
1285 525 1342 552 ἀλλ’
1365 525 1405 562 ἐφ’
1422 520 1459 557 οἷς
1473 526 1553 563 ε’χρῆν
1569 525 1682 561 στένειν,
1697 527 1824 564 γελῶμεν.

274 571 339 598 serto
358 581 443 609 opem.
462 570 591 597 Fortassis
607 568 717 605 quidam
733 568 929 604 abominantur,
941 574 965 596 ct
976 569 1013 596 ri·
1065 569 1309 603 Ἀποκαλύπτεται,
1328 570 1458 608 ἄνθρωπε,
1479 570 1542 609 ὀργὴ
1564 573 1608 599 ἀπ’
1633 572 1758 609 οὐρανοῦ,
1785 571 1829 600 ἐπὶ

275 614 358 651 dent;
384 625 476 643 verum
491 622 515 642 ct
530 620 638 652 propter
656 613 706 641 hoc
726 612 886 641 intendenda
908 620 946 641 est
969 613 1011 641 la-
1064 619 1150 643 πᾶσαν
1166 615 1288 643 &ciceiam
1303 614 1348 643 καὶ
1363 616 1465 644 ἀδικίαν
1480 616 1632 654 ἀνθρώπων.
1643 615 1677 645 Ὁ
1691 616 1758 648 Θεὸς
1777 616 1828 654 ἐμ-

276 660 411 695 mentusso,
430 659 502 697 quod
517 659 582 687 advo
596 658 710 687 furimus
722 666 746 687 ct
765 659 913 698 desipimus
925 665 951 687 et
966 669 1013 687 nos
1065 662 1151 699 φανῶς
1165 661 1223 696 ἥξει
1234 673 1240 678 ·
1254 664 1307 699 πῦρ
1320 660 1429 689 ἐνώπιον
1448 663 1524 690 αὐτοῦ
1539 661 1709 696 καυθήσεται,
1724 660 1770 689 καὶ
1783 659 1827 689 κύ-

275 716 307 733 nc
320 706 405 733 fut-cic
420 704 527 742 quidem
542 704 649 739 scimus,
668 704 713 733 sed
733 711 842 743 propter
855 715 913 742 quae
929 715 1010 743 opor-
1065 708 1119 745 κλῳ
1131 707 1208 735 αὐτοῦ
1219 707 1339 744 καταιγὶς
1351 708 1459 746 σφοδρά.
1472 708 1531 746 Πῦρ
1543 706 1658 735 ἐναντίον
1673 707 1750 735 αὐτοῦ
1765 717 1829 744 προ-

276 757 340 778 teret
355 762 400 778 nus
416 760 519 787 gemere
532 772 538 785 ,
554 749 680 777 ridemus.
695 750 861 785 Revelatur,
876 760 892 777 o
906 751 1010 786 homo,
1063 751 1236 789 πορεύσεται,
1249 751 1293 779 καὶ
1311 753 1411 791 φλογιεῖ
1429 751 1517 791 κύκλῳ
1535 752 1595 785 τοὺς
1621 751 1726 791 ἐχθροὺς
1740 753 1827 780 αὐτοῦ.

275 798 318 823 ira
334 807 347 823 ι·
361 796 442 827 ειυῖο,
459 806 545 833 super
563 806 676 822 omnem
694 797 872 834 impietatem
890 802 918 823 et
934 797 1010 833 inju-
1064 796 1099 825 ‘H
1115 797 1203 835 ἡμέρα
1216 797 1311 836 Κυρίου
1326 799 1361 830 ὥς
1373 797 1494 830 κλίὸανος
1507 798 1652 835 καιόμενος.
1676 797 1730 826 Καὶ
1747 797 1829 829 οὐδεὶς

273 843 385 869 ςτιίίιιηι
420 842 579 868 hominum.
607 842 687 869 Deus
712 841 868 880 manifeste
899 843 1006 869 veniet.
1064 846 1147 871 ταῦτα
1167 844 1201 874 εἷς
1217 845 1275 871 νοῦν
1293 843 1434 881 βάλλεται,
1451 843 1519 871 ἀλλὰ
1534 843 1621 880 μύθων
1636 843 1735 881 μᾶλλον
1745 854 1829 871 κατα-

274 888 354 925 Ignis
367 893 436 914 ante
451 889 544 925 ipsum
560 887 714 924 prcecedet,
727 893 754 915 et
769 889 847 915 circa
862 897 927 915 eum
942 893 1011 915 tem·
1063 888 1224 927 πεφρόνηται
1238 887 1270 916 τὰ
1283 888 1400 927 φρικώδη
1412 891 1495 916 ταῦτα
1507 888 1652 927 πράγματα
1664 888 1709 916 καὶ
1720 886 1829 926 φοὸερὰ,

270 940 369 971 pestas
385 933 498 962 valida.
513 934 594 971 Ignis
607 935 638 960 in
655 940 808 971 conspectu
820 935 881 972 ejus
897 934 1011 962 ardebit
1064 934 1109 962 καὶ
1127 934 1288 969 πεπάτηται.
1313 933 1347 962 Ὁ
1368 933 1478 969 ἀκούων,
1499 934 1598 966 οὐδείς·
1616 935 1640 962 οἱ
1658 933 1685 962 δὲ
1701 934 1829 972 γελῶντες

253 1002 257 1006 .
271 985 298 1007 et
314 978 507 1017 inflammabit
527 981 558 1006 ιἰι
575 980 698 1007 circuitu
713 981 844 1007 inimicos
857 980 927 1017 ejus.
941 980 1010 1007 Dies
1063 979 1108 1008 καὶ
1119 980 1301 1018 χλευάζοντες,
1313 980 1417 1011 πάντες.
1426 979 1475 1012 Τίς
1486 979 1560 1007 ἔσται
1570 981 1635 1017 ἡμῖν
1647 979 1740 1018 πόρος,
1750 978 1828 1008 πόθεν

272 1025 384 1051 domini
405 1031 555 1062 tamquam
580 1024 714 1052 clibanus
737 1025 854 1052 ardens*
876 1023 911 1052 Et
934 1035 1011 1052 nemo
1064 1025 1196 1063 σωτηρίαν
1227 1025 1358 1064 &piune-13
1381 1025 1581 1063 Ἀπολώλαμεν,
1605 1024 1828 1065 παρανηλώμεθα,

271 1068 327 1097 haec
342 1076 429 1097 mente
443 1069 537 1107 agitat,
552 1069 597 1097 sed
612 1069 698 1107 magis
711 1079 792 1107 quam
811 1069 908 1097 fabulae
923 1069 1011 1108 despi-
1029 1076 1046 1099 C
1064 1071 1207 1108 γεγόναμεν
1222 1073 1273 1098 τῶν
1285 1072 1384 1109 ἐχθρῶν
1401 1073 1475 1107 ἡμῶν
1492 1071 1660 1108 κατάγελως,
1672 1070 1718 1099 καὶ
1731 1071 1827 1109 χλευα-

271 1115 342 1143 catui
358 1115 491 1143 habentur
510 1126 550 1143 res
570 1115 636 1143 adeo
658 1115 804 1143 horrendae.
829 1115 882 1149 Qui
902 1115 1010 1152 audiat,
1066 1117 1130 1154 σμὸς
1140 1118 1190 1144 τῶν
1201 1115 1337 1150 Ἑλλήνων
1348 1115 1393 1144 καὶ
1403 1117 1454 1143 τῶν
1467 1115 1609 1154 δαιμόνων.

270 1170 348 1189 nemo
361 1167 418 1197 est;
433 1160 479 1197 qui
493 1167 582 1188 autem
592 1160 680 1188 rident
690 1167 715 1188 et
725 1160 897 1196 subsannant,
910 1171 1011 1189 omnes.

270 1206 401 1240 Quaenam
421 1205 533 1234 dabitur
556 1206 632 1234 nobis
654 1206 764 1234 exitus?
780 1206 913 1234 undenam
935 1206 1011 1234 inve-

270 1251 375 1280 niemus
391 1251 524 1280 salutem?
545 1252 691 1287 periimus,
707 1252 839 1280 consumti
854 1263 954 1287 sumus,
970 1252 1010 1280 ri—

271 1307 316 1325 sus
332 1307 423 1324 sumus
447 1296 619 1325 inimicorum
634 1303 659 1325 et
672 1297 834 1325 subsannant
847 1307 893 1325 nos
909 1304 934 1325 et
949 1306 1011 1335 gen-

277 1348 314 1370 tes
326 1348 351 1369 ct
364 1341 506 1369 doemones.

309 1388 338 1416 4.
353 1388 473 1426 Ingentes
484 1388 594 1427 spiritus
605 1399 674 1416 nunc
684 1388 934 1427 suseipitdiobolus‚
949 1389 1011 1426 glo·
1094 1390 1171 1427 Μέγα
1184 1393 1271 1428 φρονεῖ
1287 1391 1330 1417 νῦν
1344 1391 1358 1417 ὃ
1372 1388 1501 1423 eidemq,
1517 1391 1659 1427 γαυροῦται
1668 1388 1712 1418 καὶ
1723 1389 1823 1428 χαίρετ·

271 1433 356 1461 riatur
374 1440 398 1461 ct
416 1434 543 1470 exsultat,
560 1433 647 1461 tristes
661 1441 722 1462 sunt
737 1434 834 1472 angeli,
851 1434 949 1471 quihus
964 1444 1011 1462 nos
1063 1437 1090 1464 ἐν
1105 1435 1216 1473 αἰσχύνῃ
1235 1437 1257 1463 οἱ
1273 1434 1454 1466 πιστευθέντες
1470 1436 1541 1471 ἡμᾶς
1558 1434 1664 1473 ἄγγελοι
1679 1434 1784 1470 πάντες,
1799 1436 1826 1463 ἐν

271 1489 363 1506 snmus
378 1479 472 1507 crediti
487 1491 492 1506 ι
509 1490 585 1507 nemo
603 1487 640 1508 est
658 1481 704 1518 qui
722 1487 908 1515 convertatur,
921 1480 1011 1508 omnia
1063 1480 1209 1520 κατηφείᾳ·
1234 1480 1315 1513 οὐδεὶς
1339 1482 1352 1508 ὁ
1375 1479 1552 1518 ἐπιστρέφων,
1574 1481 1631 1518 εἰκῇ
1652 1480 1740 1508 πάντα
1759 1482 1824 1518 ἡμῖν

271 1524 405 1552 incassum
427 1525 503 1553 nobis
519 1526 722 1564 expenduntur,
738 1533 763 1554 et
779 1537 826 1554 nos
844 1526 921 1554 vobis
935 1526 1011 1555 vide·
1063 1527 1206 1561 ἀνήλωται,
1221 1526 1266 1554 καὶ
1276 1528 1352 1563 ἡμεῖς
1366 1527 1426 1562 ὑμῖν
1440 1526 1564 1561 δοκοῦμεν
1574 1526 1673 1563 ληρεῖν.
1693 1525 1825 1564 Εὔκαιρον

271 1579 332 1597 mur
343 1570 446 1608 nugari.
457 1572 646 1610 Opportunum
661 1578 699 1599 est
711 1582 780 1599 nunc
794 1582 899 1610 quoque
916 1582 1011 1600 vocare
1063 1571 1107 1600 καὶ
1117 1575 1160 1600 νῦν
1173 1571 1284 1600 καλέσαι
1293 1571 1336 1599 τὸν
1351 1570 1467 1609 οὐρανὸν,
1478 1571 1518 1599 ὅτι
1529 1570 1610 1603 οὗδεὶς
1621 1573 1634 1599 ὁ
1645 1569 1757 1606 ἀκούων,
1769 1571 1824 1599 δια-

272 1615 376 1649 czelum‚
390 1616 516 1653 quoniam
529 1627 605 1644 nemo
621 1624 657 1644 est
669 1617 714 1654 qui
730 1617 833 1654 audiat,
850 1617 938 1645 testari
954 1617 1010 1646 cle·
1063 1617 1243 1657 μαρώρασῡαι
1259 1617 1293 1646 τὰ
1304 1620 1421 1655 στοιχεῖα
1431 1628 1437 1634 ·
1452 1616 1553 1652 Ἄκουε,
1567 1616 1668 1656 οὖρανὲ,
1680 1616 1724 1645 καὶ
1734 1616 1824 1645 ἐνωτί-

271 1667 375 1700 mentaf
387 1662 481 1699 Audi,
492 1663 604 1700 crelam,
619 1669 645 1691 et
659 1663 775 1691 auribus
784 1665 908 1702 percipe,
920 1670 1007 1700 terra,
1063 1666 1106 1697 ζου
1118 1667 1135 1699 ἡ
1147 1666 1196 1701 γῆ,
1209 1663 1248 1692 ὅτι
1263 1663 1358 1701 Κύριος
1373 1662 1493 1698 ἐλάλησε.
1508 1662 1574 1691 Δότε
1584 1667 1670 1702 χεῖρα,
1685 1662 1790 1701 ὀρέξατε
1800 1663 1824 1690 οἱ

685 1773 860 1803 MUTIANO
881 1774 1136 1803 SCHOLASTICO
1158 1773 1408 1803 INTERPRETE.

267 1869 364 1891 mortes
378 1862 570 1902 imprecantur,
586 1874 666 1901 quam
684 1863 731 1892 illa
745 1864 800 1903 pati
811 1875 820 1902 5
837 1871 862 1893 et
875 1864 897 1893 si
912 1875 965 1893 non
986 1865 1081 1893 timore
1095 1865 1145 1893 Dei
1160 1870 1357 1900 revocarentur,
1372 1863 1471 1902 seipsos
1489 1861 1677 1891 interImerent.
1694 1861 1758 1890 Haec
1771 1861 1823 1900 igi-

270 1915 314 1936 tur
330 1919 379 1937 non
395 1909 524 1948 sanguine
538 1910 628 1948 pejora
643 1910 727 1938 sunt?
742 1912 808 1939 Heu
833 1912 906 1939 mihi
926 1913 1038 1948 anima,
1055 1913 1194 1950 quoniam
1206 1912 1292 1949 periit
1300 1911 1398 1949 justus
1412 1910 1448 1937 de
1462 1916 1550 1944 terra,
1565 1915 1594 1937 et
1610 1915 1720 1938 rectum
1734 1918 1822 1947 agens

265 1957 296 1983 in
311 1957 478 1984 hominibus
490 1967 548 1984 non
563 1963 614 1985 est.
629 1958 707 1986 Nunc
719 1957 799 1986 etiam
811 1968 858 1986 nos
873 1958 1017 1986 clamemus
1033 1958 1066 1986 de
1080 1958 1224 1997 nobisipsis
1236 1957 1363 1997 primum.
1379 1957 1432 1986 Sed
1447 1956 1515 1985 mihi
1530 1955 1718 1984 consociamini
1733 1955 1769 1983 ad
1779 1955 1820 1983 lu-

265 2009 346 2030 ctum.
364 2002 494 2030 Fortassis
509 2003 580 2031 enim
594 2003 704 2040 quidam
719 2011 884 2042 augurantur
901 2011 926 2032 et
940 2004 1062 2033 irrident.
1081 2005 1224 2043 Propterea
1241 2010 1343 2042 oportet
1359 2003 1445 2041 magis
1466 2002 1610 2031 extendere
1621 2002 1741 2038 luctum,
1756 2002 1822 2040 quia

264 2049 298 2077 ita
315 2050 462 2077 insanimus
476 2057 500 2077 et
514 2050 648 2078 dementes
662 2049 724 2078 sacti
740 2061 850 2087 sumus;
867 2058 891 2079 et
907 2062 990 2089 neque
1003 2051 1066 2089 quia
1080 2051 1117 2079 ita
1139 2051 1303 2084 insanimus,
1318 2049 1487 2088 agnoscimus
1499 2071 1506 2083 ‚
1520 2047 1566 2077 sed
1580 2048 1607 2076 in
1622 2047 1721 2086 quibus
1737 2058 1820 2086 opor-

264 2095 335 2123 tebat
351 2106 470 2133 gemere,
485 2095 614 2124 ridemus.
628 2097 827 2131 Revelabitur,
844 2107 860 2124 ο
877 2098 972 2133 homo,
986 2099 1032 2125 ira
1045 2098 1102 2125 Dei
1113 2097 1149 2124 de
1164 2097 1236 2125 coelo
1250 2106 1335 2135 super
1353 2105 1465 2124 omnem
1479 2096 1657 2133 impietatem
1669 2100 1696 2122 et
1709 2095 1822 2132 iniqui-

268 2148 368 2170 tatem.
393 2144 535 2171 Omnibus
548 2143 628 2171 Deus
641 2144 815 2182 manifestus
829 2146 945 2181 veniet,
961 2150 987 2172 el
999 2146 1075 2183 ignis
1089 2150 1158 2172 ante
1171 2145 1263 2182 ipsum
1275 2143 1431 2182 proecedet‚
1451 2148 1479 2170 et
1492 2143 1570 2169 circa
1585 2151 1649 2169 eum
1669 2146 1822 2179 tempestas

265 2189 381 2217 valida.
405 2191 486 2228 Ignis
510 2191 541 2216 in
561 2195 714 2227 conspectu
733 2191 795 2228 ejus
815 2196 979 2226 consumet,
995 2196 1023 2218 et
1037 2190 1256 2230 conflammabit
1279 2190 1413 2217 inimicos
1435 2190 1466 2216 in
1480 2197 1598 2226 gyrum.
1615 2188 1687 2215 Dies
1700 2186 1823 2215 Domini

265 2238 377 2271 veniet,
396 2243 426 2264 ut
441 2237 576 2264 clibanus
589 2237 705 2264 ardens.
724 2236 760 2264 Et
781 2247 857 2264 nemo
871 2237 929 2265 haec
944 2237 970 2265 in
986 2244 1102 2266 mentem
1116 2248 1192 2266 suam
1207 2236 1290 2265 mittit
1303 2258 1310 2272 ,
1326 2235 1372 2264 sed
1393 2234 1478 2264 veluti
1500 2234 1606 2263 fabulas
1627 2233 1821 2263 contemnimus

267 2282 324 2310 haec
338 2283 468 2311 terribilia
483 2290 508 2312 et
522 2283 661 2312 metuenda
677 2283 790 2312 decreta.
805 2284 904 2312 Nullus
918 2284 1028 2313 audiens
1043 2284 1206 2324 obstupescit
1220 2283 1264 2313 vel
1284 2283 1457 2322 congelascit,
1473 2291 1563 2311 omnes
1576 2281 1697 2309 irrisores
1715 2287 1740 2309 et
1754 2280 1818 2309 illu-

266 2340 336 2358 sores
350 2331 412 2358 facti
428 2337 498 2359 sunt.
513 2331 567 2365 Qui
584 2330 662 2359 nobis
676 2330 726 2358 erit
740 2330 847 2368 aditus,
863 2331 933 2360 unde
948 2332 1061 2361 salutem
1082 2331 1268 2372 reperiemus?
1290 2331 1441 2359 Pei—ivimus
1451 2353 1458 2367 ‚
1474 2328 1604 2359 consumti
1625 2337 1735 2366 sumus,
1758 2327 1822 2357 facti

267 2387 359 2405 sumus
374 2377 462 2405 irrisio
476 2377 646 2405 inimicorum
660 2383 812 2405 nostrorum
822 2400 830 2414 ‚
848 2385 873 2406 et
887 2378 977 2407 illusio
993 2389 1172 2418 paganorum,
1189 2377 1270 2406 simul
1285 2384 1310 2406 et
1323 2376 1527 2406 daemoniorum.

308 2423 445 2457 Quantum
465 2424 580 2452 exsultat
601 2434 671 2452 nunc
695 2430 719 2452 et
741 2423 880 2460 diabolus,
896 2431 920 2453 et
939 2425 1052 2463 gestiens
1066 2425 1191 2453 laetatur:
1207 2424 1295 2463 angeli
1313 2434 1376 2453 vero
1397 2423 1496 2462 quibus
1515 2420 1649 2451 commissi
1667 2430 1772 2459 sumus,
1791 2421 1820 2450 in

271 2470 422 2498 confusione
440 2478 509 2499 sunt.
520 2472 619 2500 Omnes
637 2471 663 2499 in
680 2471 799 2510 proclivo
818 2483 923 2510 sumus,
939 2473 1029 2502 nullus
1050 2473 1226 2510 convertitur,
1240 2472 1374 2512 superfluo
1394 2478 1488 2500 cuncta
1505 2469 1582 2499 nobis
1601 2479 1716 2508 expensa
1738 2476 1819 2507 sunt,

271 2525 318 2543 nos
332 2527 436 2554 quoque
449 2517 574 2547 videmur
586 2518 665 2548 vobis
679 2518 803 2548 delirare.
821 2521 1010 2560 Opportunum
1027 2527 1065 2549 est
1084 2521 1163 2550 etiam
1178 2531 1248 2549 nunc
1263 2519 1396 2548 advocare
1410 2519 1503 2548 caelum
1511 2540 1519 2553 ,
1535 2517 1661 2555 quoniam
1675 2516 1766 2545 nullus
1780 2523 1820 2545 est

269 2561 533 2602 audien571cstificat'i
547 2564 674 2594 elementa
686 2577 691 2593 ι
705 2565 799 2602 Audi,
816 2567 930 2606 caelum,
947 2573 975 2597 et
989 2569 1107 2597 auribus
1121 2569 1248 2606 percipe,
1263 2573 1341 2596 terra
1349 2589 1358 2604 ,
1371 2567 1440 2605 quia
1455 2565 1591 2604 loquutus
1605 2570 1649 2593 est
1662 2564 1813 2593 Dominus.

1877 1957 1889 2288 *—..‚-
1883 1903 1899 1946 -ς,
