1906 2846
418 186 450 209 IN
480 186 586 209 Et’tsT.
619 185 664 207 AD
692 185 861 208 mammos.

130 253 177 287 Μὴ
198 252 284 278 τοίνυν
308 249 396 277 πάντα
421 250 465 276 ἐπὶ
487 250 545 281 τοὺς
565 247 738 279 διδασκάλους
762 247 861 286 ἐπιῤῥί·

90 309 185 332 πτετε,
202 295 238 334 μὴ
256 295 344 324 πάντα
359 295 402 323 ἐπὶ
424 294 483 327 τοὺς
503 293 678 332 ἡγουμένους·
694 292 803 321 δύνασθε
822 292 867 321 καὶ

89 347 181 381 ὑμεῖς,
198 342 287 382 φησὶν,
313 341 444 376 ἀλλήλους
465 342 624 378 οἰκοδομεῖν.
640 339 678 369 Ὃ
694 340 738 368 καὶ
755 341 866 368 Θεσσα-

89 391 220 419 λονικεῧσι
240 389 347 428 γράφων
362 387 464 426 ἔλεγεν·
480 382 527 419 Εἷς
548 387 591 415 τὸν
618 386 664 415 ἕνα
688 387 867 424 οἰκοδομεῖτε,

89 435 176 469 καθὼς
188 435 233 464 καὶ
245 439 345 463 ποιεῖτε
355 446 360 450 ·
370 433 416 462 καὶ
431 433 524 468 πάλιν,
536 434 723 471 Παρακαλεῖτε
739 433 868 467 ἀλλήλους
886 440 904 463 C

89 484 116 511 ἐν
132 486 186 514 τοῖς
206 482 293 519 λόγοις
307 480 418 512 τούτοις.
433 481 520 508 Τοῦτο
540 479 585 507 καὶ
606 482 667 516 ὑμῖν
689 482 869 519 παραινοῦμεν

89 531 133 557 ν’ὗν
146 531 232 566 ἡμεῖς.
250 527 365 556 Πλείονα
377 526 427 565 γὰρ
446 528 534 563 ἡμῶν,
547 526 591 555 ἐὰν
613 526 756 564 βούλησθε,
768 527 804 558 εἰς
818 526 868 554 ἀλ-

89 575 184 610 λήλους
194 597 201 611 ,
216 573 414 613 κατορθώσετε·
429 573 474 602 καὶ
495 573 545 611 γὰρ
561 572 671 601 πλείονα
689 572 797 601 σύνεστε
809 571 871 611 χρό-

89 633 132 650 νον
149 621 289 656 ἆλλήλοις,
302 621 347 649 καὶ
361 619 394 649 τὰ
407 619 530 654 αλλήλων
545 620 644 656 μᾶλλον
655 619 731 656 ἡμῶν
744 618 798 646 ἴστε
811 641 817 653 ,
827 617 872 646 καὶ

90 668 123 697 τὰ
144 668 267 703 ἀλλήλων
291 666 468 705 ἐλαττώματα
485 667 532 694 οὐκ
549 667 680 704 ἀγνοεῖτε,
696 665 740 694 καὶ
764 665 872 693 πλείονα

89 715 135 744 καὶ
150 714 302 754 παρῥησίαν
320 713 365 742 καὶ
381 713 487 751 ἀγάπην
505 712 579 752 ἔχετε
599 712 644 741 καὶ
668 711 806 746 συνήθειαν
824 723 829 728 ·
842 712 871 739 οὐ

92 760 175 802 μικρὰ
191 760 218 790 δὲ
232 763 317 789 ταῦτα
333 761 367 793 εἷς
381 759 563 795 διδασκαλίαν,
576 759 635 788 ἀλλ’
649 759 744 787 εἴσοδοι
758 759 871 797 μεγάλαι

90 808 136 837 καὶ
153 807 300 847 εὐκαιρίαν
315 806 360 835 καὶ
377 807 476 844 μᾶλλον
493 808 570 844 ἡμῶν
591 805 734 840 ἐπιπλῆξαι
755 805 800 833 καὶ
820 817 870 832 πα-

91 853 238 892 ρακαλέσαι
252 853 402 888 δυνήσεσθε.
419 852 472 882 Καὶ
496 854 524 880 οὐ
538 855 614 880 τοῦτο
638 851 726 889 μόνον,
750 851 809 880 ἀλλ’
829 851 870 880 ὅτι

475 899 495 908 m

91 901 142 939 ἐγὼ
159 900 206 939 μὲν
230 895 265 933 εἷς
282 902 355 937 εἰμι,
372 901 446 938 ὑμεῖς
472 910 499 928 οε
524 898 633 934 πολλοὶ,
657 898 702 926 καὶ
728 898 869 933 δυνήσεσθε
888 905 905 927 υ

90 948 186 981 πάντες
197 947 254 976 ὅσοι
268 946 342 983 ἐστὲ,
357 941 424 975 εἶναι
440 945 607 974 διδάσκαλοι.
623 945 687 981 Διὸ,
703 946 867 984 παρακαλῶ,

92 993 129 1031 μὴ
142 995 264 1032 ἀμελεῖτε
275 996 320 1022 τοῦ
333 992 501 1033 χαρίσματος
513 992 604 1021 τούτου
617 1003 622 1009 ·
635 994 744 1024 ἕκαστος
757 995 869 1030 γυναῖκα

91 1040 160 1079 ἔχει,
187 1039 262 1079 φίλον
279 1039 350 1078 ἔχει,
365 1039 469 1074 οἰκέτην
487 1038 556 1078 ἔχει,
571 1037 675 1076 γείτονα
701 1037 770 1076 ἔχει·
785 1036 869 1076 τούτῳ

91 1087 290 1122 ε’πιπληττέτω,
306 1086 390 1126 τούτῳ
405 1085 578 1124 παραινείτω.
593 1085 658 1117 Πῶς
675 1084 726 1124 γὰρ
748 1086 795 1112 οὐκ
810 1083 869 1111 οἶτο-

92 1145 150 1170 πον,
161 1133 228 1174 ὑπὲρ
244 1133 292 1172 μὲν
306 1135 404 1173 τροφῆς
419 1133 540 1162 συσσίτια
557 1137 640 1161 ποιεῖν
655 1131 700 1160 καὶ
715 1131 851 1169 συμπόσια
861 1154 868 1166 ,

92 1180 136 1208 καὶ
151 1180 253 1219 ἡμέραν
276 1180 345 1218 ἔχειν
360 1179 459 1215 τακτὴν
483 1178 553 1208 ὥστε
575 1180 774 1217 συγκροτεῖσθαι
788 1177 869 1212 ἀλλή-

91 1227 150 1258 λους
159 1249 167 1261 ‚
183 1226 228 1254 καὶ
241 1225 270 1254 τὸ
282 1226 385 1265 ἑκάστῳ
396 1227 485 1254 λεῖπον
498 1227 556 1254 καθ’
572 1225 665 1254 ἑαυτὸν
680 1225 734 1253 ὄντι
748 1225 869 1259 ἀναπλη-

96 1275 201 1311 ροῦσθαι
219 1271 261 1300 διὰ
282 1274 329 1306 τῆς
348 1272 485 1303 κοινωνίας
499 1294 506 1306 ,
529 1267 591 1307 οἷον,
615 1271 667 1300 εἴτε
694 1273 730 1303 εἰς
755 1270 868 1311 ἐκφορὰν

94 1317 201 1346 ἀπιέναι
216 1318 283 1353 δέοι,
299 1317 349 1346 εἴτε
364 1319 400 1350 εἷς
415 1317 526 1356 ἄριστα,
543 1317 596 1346 εἴτε
611 1316 764 1357 συμπρᾶξαι
776 1317 800 1346 ἔν
817 1329 868 1345 τινι

93 1367 131 1404 τῷ
155 1364 268 1400 πλησίον
279 1376 284 1381 ·
307 1365 343 1396 εἷς
369 1363 395 1391 δὲ
419 1365 515 1402 ἀρετῆς
536 1364 708 1392 διδασκαλίαν
732 1363 768 1401 μὴ
792 1365 869 1392 τοῦτο
888 1379 906 1400 Α

94 1415 194 1446 ποιεῖν;
207 1411 262 1439 Nat
275 1433 282 1447 ,
307 1411 472 1449 παρακαλῶ,
491 1409 582 1447 μηδεὶς
604 1409 736 1447 ἀμελείτω
748 1421 753 1426 ·
777 1409 868 1447 μισθὸν

94 1458 145 1497 γὰρ
160 1457 266 1496 δέχεται
283 1458 357 1495 παρὰ
374 1458 444 1485 Θεοῦ
459 1455 553 1486 πολύν.
573 1456 626 1484 Καὶ
636 1455 678 1484 ἵνα
694 1456 795 1494 μάθῃς,
810 1458 823 1484 ὃ
837 1455 871 1484 τὰ

95 1504 173 1533 πέντε
194 1503 312 1532 τάλαντα
334 1503 529 1540 ἐμπιστευθεὶς,
544 1502 616 1531 ἐστὶν
639 1504 652 1531 ὁ
672 1502 842 1534 διδάσκαλος
859 1504 872 1530 ὁ

97 1551 122 1579 δὲ
133 1550 162 1579 τὸ
177 1550 213 1587 ἓν,
235 1553 249 1579 ὃ
264 1550 394 1588 μαθητής.
409 1549 475 1578 Ἐὰν
499 1549 525 1578 δὲ
550 1549 611 1588 εἴπῃ
629 1551 642 1578 ὁ
666 1549 800 1587 μαθητὴς,
818 1561 871 1587 μα-

97 1596 178 1632 θητής
192 1598 246 1635 εἰμι
259 1596 310 1635 ἐγὼ
320 1619 326 1631 ,
339 1596 384 1624 οὐκ
400 1596 454 1634 ἔχω
470 1596 597 1631 κίνδυνον,
610 1595 655 1624 καὶ
667 1596 694 1624 ὃν
708 1595 787 1624 ἔλαῧε
800 1595 873 1634 παρὰ

97 1646 141 1672 τοῦ
155 1644 225 1672 Θεοῦ
235 1642 321 1679 λόγον,
334 1644 425 1671 τοῦτον
437 1641 480 1670 τὸν
494 1642 578 1670 κοινὸν
592 1641 636 1670 καὶ
647 1642 722 1680 ψιλὸν
734 1642 870 1680 κατακρύ-

892 186 970 208 (ΣᾸΡ.
1000 185 1061 207 xu.

877 1350 914 1368 ‘382

1092 183 1210 206 nomn.
1241 182 1325 205 xxx.
1601 170 1662 210 [10¹

963 249 990 275 2.
1011 247 1051 275 Ne
1073 256 1136 285 ergo
1157 246 1247 274 omnia
1267 243 1416 283 congeratis
1444 243 1471 271 in
1492 242 1627 280 doctores,
1640 252 1672 270 nc

922 293 1015 322 omnia
1036 293 1064 322 in
1088 303 1131 322 eos
1146 292 1192 332 qui
1213 298 1332 332 praesunt
1347 303 1354 319 :
1372 290 1487 320 Potestis
1508 290 1588 319 etiam
1605 300 1671 327 vos,

923 341 1026 380 inquit,
1039 340 1107 369 alter
1121 340 1235 368 alterum
1251 339 1394 368 aedificare.
1409 336 1490 374 Quod
1505 337 1585 366 etiam
1599 336 1673 365 dice-

923 388 969 416 bat
990 387 1110 416 scribens
1131 385 1166 415 ad
1180 385 1434 414 Thessalonicenses
1458 396 1464 411 ε
1481 384 1572 414 Alter
1593 384 1673 412 alte-

925 445 989 463 rum
1004 435 1158 473 (edificate,
1175 436 1250 462 sicut
1266 439 1293 462 et
1301 433 1404 472 facitis
1416 444 1427 466 ,·
1439 439 1464 461 et
1480 442 1582 468 rursus,
1595 431 1674 460 Con·-

924 481 1064 509 salamini
1080 481 1157 508 alter
1168 480 1295 508 alterurn
1310 481 1342 507 in
1354 480 1452 507 verbis
1463 479 1536 506 istis.
1552 477 1610 505 Hoc
1627 487 1674 505 vo-

926 528 967 556 bis
985 538 1092 566 quoque
1109 538 1180 555 nune
1202 526 1356 555 suademus.
1378 525 1460 554 Plura
1482 535 1564 563 quam
1579 535 1638 561 noS,
1652 523 1674 552 si

924 574 1019 610 vultis,
1038 573 1148 613 potestis
1171 573 1239 602 alter
1262 572 1339 601 alteri
1359 572 1430 600 bona
1451 571 1536 600 facere
1553 583 1559 598 :
1577 571 1675 609 saepius

924 621 996 648 enim
1016 621 1085 648 inter
1107 631 1155 649 vos
1174 626 1269 648 mutuo
1292 617 1500 653 conversamini,
1517 623 1543 645 et
1565 627 1606 644 res
1627 627 1673 645 ve-

925 673 992 694 stras
1009 667 1076 695 alter
1091 666 1203 695 alterius
1217 665 1304 704 magis
1319 663 1404 701 scitis,
1420 670 1445 692 et
1460 662 1557 691 delicta
1579 662 1675 690 utrim-

925 723 976 750 que
988 723 1039 741 non
1055 712 1229 751 ignoratis,et
1243 711 1372 750 majorem
1388 709 1542 738 libertatem
1556 708 1674 744 habetis,

925 759 1062 787 caritatem
1074 782 1081 796 ‚
1095 757 1316 787 consuetudinem
1335 769 1340 784 ε
1358 767 1410 785 non
1425 756 1482 784 haec
1502 762 1566 784 sunt
1586 761 1676 783 autem

924 815 1007 844 parva
1031 804 1065 833 ad
1091 804 1265 840 doctrinam,
1290 802 1336 832 sed
1363 802 1455 841 magni
1482 808 1508 830 et
1530 801 1675 840 opportuni

923 852 1012 881 aditus
1026 865 1031 880 :
1047 852 1133 891 magis
1148 863 1228 890 quam
1240 862 1287 880 nos
1299 850 1422 891 poteritis
1440 849 1577 888 increpare
1593 855 1618 877 et
1631 859 1675 877 ex-

924 899 1038 928 hortari.
1053 900 1107 927 Nee
1130 899 1181 927 hoc
1203 899 1309 935 solum,
1325 897 1372 926 sed
1389 897 1517 935 quoniam
1539 906 1587 935 ego
1609 895 1675 934 qui-

922 945 984 974 dem
1005 956 1066 974 sum
1081 956 1165 982 unus,
1179 955 1226 974 vos
1239 951 1329 973 autem
1344 943 1440 981 multi,
1457 942 1579 983 poteritis
1594 942 1676 970 ctiam

924 999 1055 1031 quotquot
1076 992 1138 1020 estis
1155 1002 1246 1021 omnes
1261 1002 1318 1020 esse
1340 991 1473 1020 doctores.
1491 990 1675 1026 Quamobrem

924 1049 989 1077 rogo
1011 1049 1059 1067 vos
1075 1049 1106 1066 ne
1127 1038 1269 1076 negligatis
1288 1037 1359 1066 hanc
1373 1037 1488 1076 gratiam
1507 1049 1512 1064 ε
1531 1037 1675 1075 unusquis-

924 1095 976 1123 que
998 1084 1079 1113 habet
1101 1095 1215 1112 uxorem
1225 1107 1232 1120 ,
1247 1084 1328 1112 habet
1343 1084 1473 1121 amicum,
1489 1083 1571 1112 habet
1587 1083 1675 1111 samu-

924 1133 993 1170 lum,
1014 1132 1095 1161 habet
1117 1132 1237 1161 vicinum
1255 1144 1261 1159 2
1278 1142 1338 1160 eum
1363 1131 1490 1169 increpet,
1502 1141 1563 1159 eum
1582 1130 1675 1159 admo-

924 1185 993 1208 neat.
1009 1177 1153 1214 Quomodo
1162 1178 1234 1206 enim
1248 1188 1301 1205 non
1321 1184 1361 1207 est
1378 1177 1540 1214 absurdunt,
1557 1188 1605 1216 pro
1624 1177 1675 1205 ali-

925 1232 1014 1253 mento
1037 1224 1148 1263 quidem
1172 1224 1259 1252 facere
1285 1223 1422 1261 convivia,
1437 1230 1462 1251 et
1481 1223 1554 1251 diem
1576 1223 1676 1252 habere

923 1271 1100 1300 constitutum
1116 1277 1146 1299 ut
1161 1271 1230 1299 inter
1246 1281 1273 1299 se
1288 1269 1457 1304 conveniant,
1477 1276 1502 1298 et
1520 1269 1594 1307 quod
1614 1269 1676 1297 uni-

923 1318 1021 1356 cuique
1038 1317 1112 1346 deest
1128 1317 1239 1356 implere
1257 1327 1305 1356 per
1324 1315 1475 1344 societatem
1493 1327 1499 1343 ι
1520 1315 1597 1344 verbi
1612 1325 1675 1354 gra-

923 1365 976 1401 tia,
994 1364 1052 1393 sive
1071 1363 1192 1392 eundum
1210 1363 1244 1392 sit
1261 1363 1297 1391 ad
1318 1363 1399 1391 funus
1420 1361 1602 1399 efferendum,
1617 1361 1674 1389 sive

923 1410 959 1439 ad
973 1409 1132 1450 prandium,
1141 1410 1198 1438 sive
1207 1409 1243 1438 sit
1254 1409 1281 1438 in
1292 1409 1383 1448 aliquo
1393 1408 1533 1437 ferendum
1546 1407 1672 1447 proximo

924 1458 1059 1486 auxilium
1074 1469 1080 1484 :
1094 1455 1127 1485 ad
1145 1455 1293 1485 docendam
1307 1463 1396 1484 autem
1411 1455 1540 1483 virtutem
1553 1465 1605 1483 non
1620 1454 1671 1482 hoc

925 1503 1034 1532 facere?
1049 1503 1141 1532 Etiam
1153 1513 1218 1542 rogo
1235 1513 1313 1531 nemo
1323 1502 1443 1541 negligat
1459 1513 1464 1529 :
1479 1501 1590 1540 accipiet
1601 1500 1671 1529 enim

926 1560 1052 1589 magnam
1075 1561 1089 1578 a
1108 1551 1166 1578 Deo
1188 1549 1348 1578 mercedem.
1361 1549 1398 1578 Et
1416 1556 1444 1577 ut
1470 1548 1617 1587 intelligas,
1630 1547 1674 1577 cui

927 1596 1044 1634 quinque
1064 1595 1165 1624 credita
1186 1602 1248 1625 sunt
1267 1595 1382 1631 talenta,
1395 1595 1417 1624 is
1439 1601 1476 1623 est
1497 1594 1592 1623 doctor
1608 1605 1616 1631 3
1631 1593 1675 1622 cui

928 1648 1018 1670 autem
1041 1652 1138 1678 unum,
1151 1641 1312 1681 discipulus.
1328 1641 1358 1671 Si
1378 1641 1480 1670 dixerit
1499 1640 1651 1680 discipulus
1663 1663 1672 1675 ,

503 1754 680 1783 MUTIANO
701 1753 954 1784 SCHOLASTICO
977 1753 1234 1783 INTERPRETE.

130 1851 220 1880 Nolite
229 1850 312 1889 igitur
323 1860 403 1889 super
410 1848 532 1877 doctores
540 1853 634 1876 cuncta
641 1848 752 1886 jactare,
763 1847 845 1875 nolite
856 1846 1006 1875 rectoribus
1017 1853 1112 1875 cuneta
1123 1846 1240 1874 tribuere
1250 1858 1256 1874 2
1267 1846 1381 1875 Potestis
1393 1847 1464 1875 enim
1472 1853 1497 1875 et
1505 1857 1564 1881 vos,
1577 1847 1674 1886 inquit,

99 1905 192 1927 mutuo
207 1909 255 1928 vos
270 1897 411 1927 adificare.
421 1895 501 1932 Quod
512 1903 536 1925 et
545 1895 833 1924 Thessalonicensibus
844 1894 961 1931 dicebat,
976 1894 1095 1924 scribens
1109 1906 1114 1922 ε
1127 1896 1165 1923 In
1179 1905 1270 1923 unum
1280 1894 1487 1933 oedificnmini,
1501 1896 1575 1923 sicut
1587 1902 1615 1923 et
1616 1896 1675 1935 sa-

98 1949 163 1976 citis
173 1958 185 1981 ;
201 1953 226 1975 et
240 1946 353 1975 iterum:
367 1945 570 1974 Consolamini
585 1946 710 1972 invicem
725 1946 757 1972 in
771 1945 955 1974 sermonibus
973 1945 1046 1972 istis.
1058 1943 1116 1972 Hoc
1131 1954 1180 1972 vos
1196 1953 1268 1971 nunc
1283 1942 1364 1971 etiam
1376 1953 1423 1971 nos
1438 1952 1578 1971 monemus
1592 1954 1598 1969 :
1614 1943 1678 1982 plus

97 1993 169 2022 enim
181 1993 204 2023 si
215 1993 356 2023 volueritis
371 2003 404 2021 ex
415 1993 531 2021 invicem
539 1991 682 2031 proficitis,
696 2002 778 2030 quam
789 2002 823 2020 ex
837 1991 924 2019 nobis.
939 1990 1047 2019 Etenim
1059 1990 1177 2030 plurimo
1191 1997 1313 2029 tempore
1325 2000 1386 2018 cum
1401 1989 1518 2018 invicem
1534 1999 1678 2018 conversa-

98 2041 175 2080 mini,
187 2048 212 2070 et
230 2052 290 2080 quae
312 2047 398 2071 vestra
417 2047 480 2069 sunt
494 2040 611 2070 invicem
632 2039 719 2079 magis
734 2039 890 2078 agnoscitis,
904 2046 929 2067 et
945 2038 1012 2068 vitia
1027 2046 1114 2068 vestra
1128 2049 1180 2067 non
1197 2038 1342 2077 ignoratis,
1358 2037 1405 2066 sed
1419 2037 1500 2066 etiam
1517 2037 1676 2076 ampliorem

97 2089 228 2118 fiduciam
251 2096 276 2118 et
298 2089 437 2118 caritatem
458 2095 483 2117 et
506 2087 728 2117 consuetudinem
748 2087 854 2116 habetis
873 2086 908 2116 ad
925 2087 1051 2116 invicem.
1068 2088 1127 2116 Non
1145 2094 1207 2115 sunt
1226 2096 1311 2126 parva
1328 2085 1386 2114 haec
1403 2084 1438 2114 ad
1460 2084 1619 2126 discendum
1642 2085 1676 2113 ab

97 2137 229 2174 invicem,
250 2137 293 2167 vel
311 2136 482 2174 docendum,
502 2136 549 2165 sed
572 2136 665 2176 plures
686 2136 778 2165 aditus
802 2142 828 2165 et
848 2135 1001 2164 occasiones
1024 2135 1180 2175 aptissimae.
1196 2134 1260 2162 Plus
1280 2133 1352 2162 enim
1376 2144 1424 2163 vos
1446 2140 1471 2162 et
1496 2133 1628 2161 consolari
1651 2139 1675 2162 et

96 2183 199 2214 hortari
228 2191 253 2213 et
277 2183 440 2223 redarguere
474 2183 620 2224 poteritis,
647 2190 673 2212 et
699 2194 751 2213 non
774 2183 825 2213 hoc
844 2184 932 2212 solum
947 2195 955 2220 ς
970 2182 1017 2212 sed
1038 2182 1101 2221 quia
1122 2192 1171 2221 ego
1194 2181 1304 2220 quidem
1325 2191 1394 2209 unus
1416 2191 1477 2209 sum
1494 2203 1503 2218 ,
1527 2191 1574 2210 vos
1587 2187 1675 2209 autem

96 2231 219 2271 plurimi,
238 2239 263 2261 et
287 2232 398 2272 poteris,
413 2239 662 2271 quantumcumque
680 2231 753 2267 estis,
771 2243 862 2261 omnes
878 2243 934 2260 esse
952 2231 1085 2260 doctores.
1101 2231 1245 2270 Propterea
1265 2230 1390 2265 obsecro,
1405 2235 1435 2256 ut
1457 2238 1510 2257 non
1532 2227 1675 2267 negligatis

96 2281 148 2310 hoc
169 2280 311 2310 charisma.
323 2281 516 2319 Unusquisque
540 2291 653 2310 uxorem
672 2280 765 2317 habet,
779 2280 899 2309 amicum
921 2280 1013 2316 habet,
1029 2290 1139 2308 servum
1159 2278 1258 2314 habet,
1274 2278 1397 2306 vicinum
1417 2276 1498 2305 habet
1513 2299 1521 2313 ‚
1537 2286 1608 2305 nunc
1628 2276 1674 2304 in-

96 2336 195 2369 crepet,
212 2328 291 2358 modo
309 2336 427 2358 moneat.
444 2328 588 2365 Quomodo
609 2328 680 2358 enim
703 2339 755 2357 non
780 2328 813 2357 sit
838 2329 1006 2365 absurdum,
1021 2327 1144 2357 studium
1168 2337 1259 2367 gerere
1276 2333 1304 2354 ut
1326 2325 1454 2355 convivia
1477 2325 1544 2354 fiant
1556 2347 1564 2361 ‚
1582 2332 1611 2354 nt
1630 2324 1675 2354 die

97 2377 240 2406 constituta
262 2376 289 2405 in
313 2387 398 2406 unum
418 2376 530 2416 plurimi
549 2383 745 2416 congregentur
760 2387 770 2413 3
787 2383 812 2404 et
833 2376 855 2405 si
876 2376 944 2415 quid
969 2375 1114 2414 unicuique
1137 2375 1226 2403 minus
1243 2373 1335 2411 fuerit,
1352 2373 1512 2412 suppleatur
1532 2383 1566 2401 ex
1587 2373 1674 2402 socie—

96 2432 149 2454 tate
169 2431 327 2454 cunctorum
342 2437 351 2462 5
367 2431 391 2453 et
414 2424 471 2454 sive
487 2425 651 2463 ubicumque
670 2424 814 2463 quisquam
831 2425 906 2453 exire
921 2424 1064 2464 disponat,
1081 2424 1138 2453 sive
1160 2422 1318 2452 convivium
1339 2421 1430 2456 saciat,
1447 2431 1537 2449 omnes
1557 2420 1599 2450 illi
1622 2432 1675 2449 au-

97 2473 194 2502 xilium
218 2472 445 2501 subministrant:
464 2473 491 2501 in
513 2472 635 2501 doctrina
658 2482 721 2501 vero
738 2472 847 2501 virtutis
866 2472 988 2501 studium
1007 2472 1095 2501 simile
1119 2482 1171 2500 non
1193 2470 1317 2499 hahere?
1335 2469 1452 2498 Obsecro
1474 2476 1504 2498 ut
1524 2469 1615 2498 nullus
1630 2480 1677 2498 vc-

98 2528 182 2549 strum
205 2521 322 2560 negligat
344 2521 412 2549 hanc
433 2531 541 2550 causam
557 2534 564 2557 ;
579 2520 729 2549 mercedem
751 2521 852 2560 quippe
873 2521 986 2550 multam
1009 2532 1024 2549 a
1040 2521 1096 2549 Deo
1120 2519 1260 2559 percipiet.
1279 2518 1314 2546 Et
1337 2525 1367 2546 ut
1388 2528 1537 2557 agnoscas:
1554 2517 1611 2552 ille,
1632 2517 1676 2546 cui

99 2568 204 2597 suerunt
225 2569 321 2598 talenta
342 2568 460 2607 quinque
481 2568 639 2604 commissa,
654 2568 709 2607 ipse
727 2575 765 2596 cst
781 2569 828 2607 qui
844 2568 958 2598 docendi
981 2569 1041 2597 aliis
1060 2567 1181 2597 studium
1202 2566 1334 2606 impendit
1350 2578 1355 2594 :
1372 2566 1417 2594 ille
1432 2576 1512 2601 vcro,
1529 2565 1570 2593 cui
1592 2576 1675 2593 unum

101 2622 138 2643 cst
160 2615 265 2651 datum,
283 2616 407 2656 discipuli
430 2616 538 2646 videtur
561 2624 662 2656 gestare
682 2627 833 2656 personam.
848 2617 877 2647 Si
901 2617 973 2647 dicat
996 2616 1147 2655 discipulus
1164 2628 1169 2643 :
1185 2615 1243 2654 Ego
1261 2614 1332 2644 cniui
1353 2614 1505 2653 discipulus
1522 2624 1594 2648 sum,
1612 2613 1674 2641 nul-

1688 392 1826 415 [Thessss.

1687 433 1723 447 ιι.

1688 1551 1773 1573 ΜαιιΙι.
1789 1552 1826 1574 25.
