1886 2846
151 330 251 357 1:13.

270 216 330 237 to).
611 214 638 235 S.

263 275 398 314 prophetis
415 282 441 302 ut
457 274 572 303 dicerent
590 273 721 311 gladium,
731 280 755 301 et
767 283 857 301 arcum
870 294 876 304 ,
891 279 913 299 et
927 281 997 299 rum-

264 320 376 359 phwain.
393 321 457 348 Nisi
471 321 610 349 conversi.
621 318 718 356 inquit.
729 319 855 356 fueritis,
867 316 998 354 gladimn

263 378 343 395 suum
366 369 502 399 vitu-alui,
527 377 626 394 arcum
652 376 734 394 suum
751 364 881 392 tetendit.
899 369 925 390 et
940 372 997 399 pu-

261 416 337 441 ruvit
352 414 444 441 illum.
462 414 529 441 Nam
551 412 572 440 si
589 422 675 441 nune.
692 417 749 449 post
767 415 869 437 tantum
893 415 997 445 tempus

260 466 284 487 et
297 458 561 491 consummationem,
578 468 629 485 uon
652 463 734 495 potest
751 454 856 482 nomine
868 451 996 479 sermonis

260 510 362 532 tantuin
388 511 493 537 terrere,
509 503 553 531 seii
569 503 611 530 his
627 502 707 529 etiam
732 499 819 527 verbis
834 497 951 535 indiget,
968 504 996 525 ut

261 549 463 588 comparationis
490 547 609 576 ostendat
638 544 865 583 exsuperationem
885 554 890 570 :
911 542 996 571 multo

262 606 345 631 inagis
361 602 430 622 tunc.
455 595 623 630 Pei-tingens
649 600 737 628 nsque
763 589 802 616 ml
824 589 995 616 divisionem

261 643 368 668 animit-
383 647 408 668 et
433 642 557 677 spiritns.
580 636 653 671 Quid
679 636 727 663 hoc
749 641 787 662 est
797 634 810 662 ἰ’
824 634 995 672 Significavit

261 685 363 722 aliquid
379 685 523 712 terribilius
541 694 546 709 :
564 688 609 709 aut
624 680 694 718 quod
708 679 832 718 spiritum
847 679 947 708 dividit
961 680 996 708 ab

261 732 347 758 auium
363 743 367 756 z
381 737 424 757 aut
442 728 513 766 quod
527 728 605 755 ctiam
622 726 677 764 ipsa
691 724 815 764 pervadit
829 724 994 764 incorporea,

262 787 312 803 uon
333 773 556 813 queiu.·i‹hno‹lum
572 771 678 810 gladius
702 770 789 799 solum
804 781 924 810 corpora.
946 770 996 799 Hic

261 821 372 848 ostendit
381 819 483 857 quodet
495 818 581 846 anima
595 817 732 856 puniatur,
741 823 765 845 et
776 817 849 854 quod
861 827 920 855 quae
934 824 996 845 sunt

261 865 351 891 intima
368 870 498 892 scrutetur
508 884 514 895 ,
527 868 610 889 totum
623 860 726 899 penitus
743 860 890 899 pervadens
906 861 996 889 homi-

261 920 327 937 nem.
338 910 375 936 Et
391 909 529 936 discretor
543 908 751 945 cogitationum
763 913 790 934 et
802 909 996 935 intentionum

259 955 361 982 cordis.
375 955 411 982 Et
429 964 487 981 non
501 960 543 982 est
559 953 623 981 ulla
637 959 772 980 creatura
787 953 943 981 invisibilis
965 955 996 981 in

258 1006 410 1038 conspectu
435 1003 505 1039 ejus.
529 997 578 1026 llic
603 1009 646 1027 eos
670 997 787 1026 maxime
813 997 917 1028 terruit.
937 999 996 1027 Non

257 1046 337 1077 enim.
352 1045 373 1073 si
387 1044 486 1080 adhuc,
497 1043 591 1082 inquit,
606 1043 632 1071 in
643 1042 697 1071 fide
708 1043 793 1077 statis,
806 1042 851 1071 sed
867 1053 919 1071 non
935 1054 995 1071 cum

257 1098 326 1119 certa
341 1098 365 1119 ct
382 1090 459 1129 plena
476 1089 655 1129 persuasione,
672 1088 813 1117 confidatis
828 1100 834 1115 z
849 1088 904 1128 ipse
917 1089 995 1128 judi-

258 1135 328 1163 rabit
342 1145 400 1173 quae
416 1134 515 1162 suntin
531 1132 662 1161 corde:eo
677 1132 747 1160 enim
763 1132 889 1171 pervadit
902 1139 926 1160 et
941 1144 995 1171 pu—

258 1181 331 1209 niens
347 1187 372 1209 et
385 1179 550 1208 exanimans.
567 1179 600 1206 Et
615 1178 682 1216 quid
695 1177 766 1213 dico,
779 1178 875 1216 iuquit,
891 1179 924 1207 de
948 1179 994 1207 ho-

258 1226 397 1254 minihus?
415 1235 476 1253 nam
489 1224 537 1253 etsi
553 1223 626 1252 dicas
649 1224 756 1261 angelos
771 1231 795 1252 ct
809 1224 993 1263 archangelos,

257 1279 282 1300 et
298 1271 444 1300 Cherubim
463 1278 487 1299 et
503 1269 656 1309 Seraphim,
671 1276 695 1297 et
711 1280 906 1308 quamcumque
919 1282 995 1299 crea-

259 1325 354 1353 turam,
371 1319 458 1345 onmia
477 1316 515 1344 illi
531 1316 608 1344 oculo
623 1322 682 1343 sunt
708 1323 808 1354 aperta,
822 1317 910 1344 omnia
925 1318 995 1345 clara

259 1370 283 1391 et
295 1362 443 1395 manifesta,
461 1361 527 1389 nihil
544 1368 582 1389 est
607 1360 679 1399 quod
701 1361 784 1399 possit
809 1372 869 1389 eum
896 1362 993 1391 latere:

262 1410 367 1437 Omnia
381 1414 448 1436 sunt
473 1408 552 1435 nuda
576 1413 603 1435 et
628 1413 729 1444 aperta
757 1407 847 1435 oculis
870 1409 940 1445 ejus,
957 1410 997 1436 acl

260 1464 344 1492 quern
361 1454 442 1481 nohis
454 1463 555 1481 sermo.
571 1454 669 1491 Aperta
685 1459 772 1480 autem
791 1454 884 1481 (Ji-mee
898 1453 997 1481 dicitur

260 1498 504 1539 τετραχηλισμένα,
518 1497 545 1526 id
570 1506 618 1532 est,
640 1498 802 1537 resupinata,
819 1508 833 1526 a
856 1499 996 1538 metapho-

262 1557 290 1574 ra
305 1546 416 1584 pellium
433 1556 491 1583 qua*
511 1544 690 1572 extrahuntur
703 1555 717 1572 a
731 1544 854 1573 victimis.
873 1546 910 1573 L⁷t
928 1546 997 1573 enini

262 1592 368 1630 quando
377 1591 510 1630 quispiam
521 1590 574 1618 illis
582 1590 712 1629 jugulatis
723 1591 818 1629 pellem
829 1601 843 1618 a
853 1601 931 1619 carne
939 1591 997 1619 abs-

262 1637 383 1671 traxerit,
402 1636 490 1665 omnia
509 1646 567 1674 qua)
582 1642 643 1663 sunt
658 1635 729 1663 intus
743 1635 837 1675 aperit,
850 1643 875 1664 et
899 1637 998 1665 nostris

263 1683 347 1711 oculis
363 1682 450 1711 reddit
478 1681 634 1710 manifesta:
651 1681 686 1710 ita
702 1682 781 1710 etiam
800 1683 855 1710 Deo
880 1682 949 1711 clara
974 1691 998 1711 ct

264 1729 400 1757 manifesta
422 1727 556 1767 proposita
579 1734 640 1755 sunt
654 1728 754 1756 omnia.
770 1728 812 1756 Tu
827 1735 916 1756 autem
930 1729 996 1757 mihi

669 213 807 236 1053le
834 213 912 234 ultrix
923 211 1000 233 SOST

1043 207 1184 231 Ancum?
1191 221 1197 228 .
1227 207 1352 230 CONSTA
1359 207 1479 231 NTlNOt‘
1486 223 1493 230 .

1052 267 1123 306 φησὶ,
1140 267 1186 302 τὴν
1206 267 1336 306 ῥομφαίαν
1351 269 1428 296 αὑτοῦ
1444 267 1594 304 στιλὸώσει,
1609 268 1638 297 τὸ
1652 268 1723 301 τόξον
1739 270 1816 296 αὑτοῦ

1051 319 1178 354 ἐνέτεινε,
1195 318 1239 347 καὶ
1262 318 1406 356 ἡτοίμασεν
1424 319 1495 347 αὐτό.
1519 319 1552 348 Εἰ
1566 318 1618 358 γὰρ
1631 323 1674 348 νῦν
1690 319 1757 357 μετὰ
1771 331 1815 348 το-

1051 367 1141 393 σοῦτον
1156 363 1248 404 χρόνον
1262 365 1307 393 καὶ
1321 364 1454 394 τελείωσιν
1470 365 1498 393 οὐ
1514 364 1620 393 δύναται
1634 366 1671 403 τῷ
1682 368 1727 393 τοῦ
1739 364 1815 402 λόγου

1049 409 1158 448 ὀνόματι
1173 409 1341 444 καταπλῆξαι
1357 410 1432 447 μόνον
1442 432 1450 446 ,
1473 409 1541 439 ἀλλὰ
1555 410 1636 438 δεῖται
1651 409 1747 438 τούτων
1763 412 1814 438 τῶν

1050 456 1185 494 ῥημάτιον,
1205 455 1246 484 ἵνα
1263 455 1332 494 δείξῃ
1347 455 1394 491 τὴν
1405 455 1536 495 ὑπεροχὴν
1550 455 1597 491 τὴν
1612 457 1641 484 ἐκ
1652 457 1698 490 τ’ἧς
1710 456 1815 494 συγκρί·

1049 512 1130 534 σεως·
1144 503 1233 540 πολλῷ
1246 503 1345 540 μᾶλλον
1357 501 1425 530 τότε.
1447 501 1638 540 Διικνούμενος,
1651 501 1739 540 φησὶν,
1753 501 1815 541 ἄχρι

1049 549 1177 585 μερισμοῦ
1192 548 1278 585 ψυχῆς
1292 547 1337 575 καὶ
1352 546 1510 585 πνεύματος.
1533 547 1569 575 Τί
1583 549 1638 576 ἐστι
1649 550 1740 583 ‘roffi-03
1761 547 1816 575 Φο-

1049 592 1123 630 ὃερόν
1139 605 1164 620 τι
1179 592 1294 630 ᾐνίξατο,
1322 591 1360 621 'll
1378 592 1428 631 γὰρ
1443 592 1482 621 ὅτι
1496 592 1525 621 τὸ
1539 595 1644 630 πνεῦμα
1655 592 1750 631 διαιρεῖ
1763 591 1816 620 ἀπὸ

1047 640 1094 673 τῆς
1108 639 1195 677 ψυχῆς
1208 661 1215 674 ,
1230 639 1313 678 λέγει·
1336 638 1352 673 ἢ
1376 638 1415 667 ὅτι
1431 637 1476 667 καὶ
1493 639 1577 666 αὐτῶν
1592 640 1643 666 τῶν
1668 636 1816 675 ἀσωμάτων

1048 684 1193 720 διικνεῖται,
1209 686 1236 714 οὐ
1254 684 1339 717 καθὼς
1353 687 1369 719 ἡ
1382 684 1502 723 μάχαιρα
1517 683 1593 721 μόνον
1610 685 1661 712 τῶν
1676 682 1816 721 σωμάτων.

1049 731 1186 759 Δείκνυσιν
1207 732 1332 765 ἐνταῦθα,
1354 731 1393 759 ὅτι
1408 730 1453 759 καὶ
1473 733 1489 765 ἦ
1506 729 1578 769 ψυχὴ
1594 728 1752 764 κολάζεται,
1771 729 1816 758 καὶ

1049 775 1089 804 ὅτι
1116 776 1149 804 τὰ
1177 776 1302 805 ἐνδότατα
1331 776 1510 814 διερευνᾶται,
1538 774 1583 804 καὶ
1610 775 1668 803 ὅλον
1695 774 1727 802 δι’
1756 773 1816 802 ὅλου

1049 823 1186 850 διικνεῖται
1210 822 1254 851 τὸν
1281 822 1425 861 ἄνθρωπον.
1455 821 1507 850 Καὶ
1521 821 1637 860 κριτικὸς
1652 819 1816 858 {montiosum

1049 867 1094 896 καὶ
1115 868 1219 895 ἐννοιῶν
1245 867 1362 906 καρδίας.
1389 866 1442 899 Καὶ
1465 868 1510 895 οὐκ
1528 867 1583 895 ἔστι
1612 865 1694 898 κτίσις
1717 863 1817 904 ἀφανὴς

1050 913 1158 942 ἐνώπιον
1176 914 1262 942 αὐτοῦ.
1289 913 1422 940 Ἐνταῦθα
1441 911 1533 944 αὐτοὺς
1551 911 1666 949 μάλιστα
1680 910 1816 949 ἑφόὸησεν.

1050 957 1086 987 ⁰0
1110 958 1137 988 δὲ
1160 958 1251 996 λέγει,
1274 957 1349 987 τοῦτό
1374 958 1447 986 ἐστι·
1474 959 1510 995 μὴ
1534 956 1601 995 γὰρ,
1620 957 1642 985 εἷ
1656 956 1714 992 ἔτι,
1729 955 1817 994 φησὶν,

1050 1005 1076 1033 ἐν
1099 1006 1131 1042 τῇ
1151 1003 1240 1032 πίστει
1264 1003 1411 1038 ἑστήκατε,
1438 1003 1475 1040 μὴ
1497 1002 1564 1041 μετὰ
1587 1000 1765 1041 πληροφορίας
1779 1000 1816 1035 δὲ,

1050 1050 1183 1088 Οαῤῥεῖτε·
1209 1049 1285 1080 αὐτὸς
1306 1048 1339 1076 τὰ
1361 1050 1386 1077 ἐν
1406 1050 1438 1086 τῇ
1458 1048 1555 1087 καρδίᾳ
1575 1052 1674 1086 κρινεῖ·
1695 1048 1748 1076 ἐκεῖ
1766 1045 1818 1085 γὰρ

1050 1094 1178 1123 διαὸαίνει
1204 1094 1247 1123 καὶ
1263 1094 1378 1127 κολάζων
1401 1094 1446 1122 καὶ
1462 1093 1597 1127 ἐξετάζων.
1628 1092 1681 1122 Καὶ
1703 1092 1729 1121 τί
1749 1091 1818 1130 λέγω

1048 1141 1109 1180 περὶ
1133 1140 1277 1180 ἀνθρώπων
1288 1161 1295 1174 ,
1320 1139 1384 1179 φησί
1393 1152 1400 1175 ;
1424 1139 1473 1168 κᾶν
1503 1140 1553 1178 γὰρ
1583 1139 1707 1178 ἀγγέλους
1731 1138 1817 1177 εἴπῃς,

1049 1187 1096 1215 κᾶν
1118 1187 1295 1225 ἀρχαγγέλους
1307 1209 1314 1222 ,
1338 1186 1384 1214 κᾶν
1404 1186 1437 1215 τὰ
1457 1186 1606 1225 Χερουὸὶμ,
1623 1185 1670 1214 κᾶν
1683 1185 1716 1214 τὰ
1732 1185 1816 1224 Σερα-

1049 1233 1114 1271 φὶμ,
1145 1232 1192 1261 κᾶν
1223 1232 1278 1260 οἵαν
1302 1232 1400 1266 δήποτε
1428 1231 1527 1260 κτίσιν·
1556 1232 1642 1260 πάντα
1671 1230 1817 1260 ἐκκεκαλυ-

1049 1290 1113 1307 πται
1131 1273 1168 1316 τῷ
1183 1279 1310 1316 ὀφθαλμῷ
1325 1277 1434 1316 ἐκείνῳ,
1451 1277 1538 1305 πάντα
1554 1276 1622 1311 δῆλά
1637 1277 1692 1304 ἐστι
1706 1275 1751 1304 καὶ
1766 1286 1817 1315 φα-

1049 1324 1129 1363 νερὰ,
1155 1324 1226 1352 οὐδέν
1253 1325 1308 1352 ἐστι
1325 1323 1355 1351 τὸ
1376 1324 1463 1351 λαθεῖν
1487 1322 1562 1351 αὐτὸν
1584 1321 1708 1350 δυνατόν·
1725 1321 1817 1350 Πάντα

1049 1370 1135 1408 γυμνὰ
1158 1370 1202 1398 καὶ
1230 1368 1460 1407 τετραχηλισμένα
1482 1373 1534 1400 τοῖς
1555 1369 1698 1407 ὀφθαλμοῖς
1723 1368 1816 1402 αὐτοῦ,

1049 1417 1112 1454 πρὸς
1126 1416 1152 1444 ὃν
1167 1418 1230 1452 ἡμῖν
1244 1417 1257 1443 ὁ
1269 1414 1352 1452 λόγος.
1369 1414 1607 1453 Τετραχηλισμένα
1621 1409 1692 1442 εἶπεν
1703 1413 1756 1442 ἀπὸ
1766 1410 1815 1452 ’με-

1049 1466 1162 1499 ταφορᾶς
1174 1462 1226 1488 τῶν
1241 1460 1378 1498 δερμάτων
1391 1462 1443 1488 τῶν
1463 1459 1516 1488 ἀπὸ
1529 1462 1580 1488 τῶν
1595 1458 1765 1498 σφαζομένων
1779 1461 1816 1486 ἱε-

1051 1506 1124 1545 ρείων
1137 1506 1319 1543 ἐξελκομένων.
1334 1504 1439 1544 εὨσπερ
1451 1505 1501 1545 γὰρ
1516 1507 1611 1540 ἐκεῖνα,
1627 1504 1731 1534 ἐπειδὰν
1745 1505 1815 1544 σφά-

1052 1552 1094 1585 ξας
1109 1564 1147 1585 τις
1162 1552 1214 1580 ἀπὸ
1228 1553 1274 1585 τῆς
1289 1552 1384 1590 σαρκὸς
1399 1551 1553 1590 παρελκύσῃ
1568 1551 1598 1579 τὸ
1612 1551 1710 1590 δέρμα,
1729 1551 1816 1579 πάντα

1050 1598 1083 1626 τὰ
1097 1598 1168 1626 ἔνδον
1182 1597 1418 1633 ἀποκαλύπτεται,
1433 1596 1478 1625 καὶ
1493 1597 1559 1632 δῆλα
1573 1596 1673 1634 γίνεται
1688 1599 1740 1628 τοῖς
1751 1597 1816 1633 ἡμε-

1050 1643 1133 1682 τέροις
1147 1644 1304 1682 ὀφθαλμοῖς·
1321 1642 1389 1670 οὕτω
1403 1642 1447 1671 καὶ
1467 1644 1504 1681 τῷ
1522 1644 1584 1682 Θεῷ
1599 1643 1666 1677 δῆλα
1681 1641 1818 1680 πρόκειται

1049 1687 1144 1715 πάντα.
1168 1686 1206 1715 Σὺ
1223 1687 1250 1715 δέ
1267 1698 1311 1723 μοι
1326 1685 1372 1714 Οέα
1383 1708 1390 1721 ,
1405 1688 1461 1719 πῶς
1479 1686 1519 1715 ἀεὶ
1536 1687 1589 1714 τῶν
1603 1687 1762 1723 σωματικῶν
1779 1685 1816 1712 εἰ·

1050 1731 1130 1759 κόνων
1148 1731 1229 1759 δεῖ-,αι
1242 1743 1247 1747 ·
1267 1730 1331 1769 ὅπερ
1343 1725 1374 1765 ἦν
1389 1731 1435 1764 τῆς
1448 1729 1581 1762 ἀσθενείας
1593 1731 1644 1758 τῶν
1660 1728 1816 1757 ἀκουόντων.

682 1835 856 1864 MUTIANO
878 1835 1133 1867 SCHOLASTICO
1156 1836 1408 1867 INTERPRE'I'E.

264 1928 395 1965 gladium,
411 1927 590 1966 romphaeam,
607 1932 631 1954 et
648 1936 738 1954 arcum
749 1939 754 1954 :
766 1926 831 1955 Nisi
845 1930 1065 1965 convertamini,
1078 1929 1177 1966 inquit,
1192 1929 1389 1968 rhomphoeam
1417 1937 1499 1956 suam
1519 1929 1659 1962 vibravit,
1674 1932 1700 1956 et
1715 1935 1815 1956 arcum

265 1986 349 2004 suum
365 1975 496 2008 tetendit,
512 1981 539 2001 et
552 1975 668 2012 paravit
686 1974 778 2002 illum.
792 1974 821 2002 Si
837 1974 907 2002 enim
922 1982 980 2013 post
993 1983 1063 2004 tauta
1079 1982 1208 2016 tempora,
1224 1983 1249 2005 et
1262 1982 1322 2016 post
1332 1974 1531 2015 perfectionem,
1545 1985 1598 2004 non
1609 1980 1696 2014 potest
1709 1973 1816 2003 nomine

266 2022 393 2050 sermonis
407 2028 509 2050 tantum
523 2027 630 2055 terrere,
647 2020 691 2048 sed
716 2031 782 2059 opus
796 2020 876 2050 habet
899 2022 978 2051 ctiam
999 2023 1057 2052 istis
1071 2023 1171 2059 verbis,
1186 2030 1214 2052 ut
1231 2023 1351 2052 ostendat
1368 2023 1538 2051 eminentiam
1552 2031 1586 2050 ex
1601 2021 1796 2061 comparatione
1809 2032 1816 2048 .·

267 2069 352 2097 multo
361 2068 445 2106 magis
457 2075 529 2096 tunc.
542 2068 768 2102 I’enetrabilior,
780 2068 876 2106 inquit,
887 2080 976 2109 usque
987 2071 1028 2098 ad
1037 2071 1207 2099 divisionem
1219 2073 1325 2100 animoe
1336 2077 1364 2099 et
1374 2071 1503 2109 spiritus.
1511 2068 1585 2105 Quid
1595 2075 1634 2097 est
1643 2068 1715 2096 hoc?
1725 2067 1816 2096 Terri-

267 2117 352 2145 bilius
364 2114 466 2153 aliquid
481 2114 644 2153 significavit
656 2137 663 2150 ,
678 2121 723 2142 aut
737 2115 800 2152 quia
816 2115 939 2154 spiritum
953 2117 1059 2146 dividet
1073 2117 1107 2146 ab
1121 2117 1219 2153 anima,
1233 2124 1278 2146 aut
1292 2118 1355 2156 quia
1373 2124 1398 2146 et
1414 2117 1471 2156 ipsa
1486 2116 1639 2155 incorporea
1654 2121 1773 2154 penetrat
1791 2120 1815 2143 et

267 2162 404 2203 pertingit,
418 2172 468 2190 non
481 2168 582 2190 tantum
593 2161 661 2190 sicut
677 2161 782 2200 gladius
797 2173 916 2202 coi-pora.
934 2164 984 2193 Hic
1001 2164 1116 2194 ostendit
1127 2165 1189 2203 quia
1205 2172 1229 2194 et
1241 2164 1330 2194 anima
1347 2164 1479 2204 punitur,
1494 2171 1519 2192 et
1531 2163 1592 2202 quia
1610 2162 1733 2191 interiora
1748 2171 1815 2190 exa-

267 2211 414 2246 minantur,
425 2215 511 2237 totum
524 2219 570 2247 per
582 2215 666 2237 totum
679 2216 795 2247 penetrat
809 2209 951 2241 hominem.
965 2213 1005 2241 Et
1020 2214 1160 2242 discretor
1175 2219 1217 2241 est
1237 2214 1447 2252 cogitationum
1459 2218 1486 2240 et
1501 2212 1693 2240 intentionum
1704 2209 1816 2245 cordis,

267 2265 294 2286 et
307 2268 365 2285 non
379 2263 421 2286 est
435 2262 569 2285 creatura
584 2256 698 2284 occulta
710 2259 742 2284 in
755 2264 908 2296 conspectu
923 2261 993 2298 ejus.
1009 2260 1060 2288 Hic
1074 2270 1118 2289 eos
1132 2260 1249 2289 maxime
1262 2259 1416 2289 tc1·ruit.Ne
1430 2259 1497 2287 forte
1511 2257 1599 2286 adhuc
1611 2257 1639 2286 in
1653 2257 1707 2286 fide
1721 2263 1818 2286 stantes

268 2316 320 2334 non
332 2315 393 2333 cum
408 2304 510 2342 integra
526 2303 701 2332 satisfactione
714 2304 850 2333 confiditis
859 2327 866 2340 ‚
878 2305 934 2344 ipse
948 2318 1006 2345 quae
1019 2308 1046 2336 in
1057 2307 1135 2337 corde
1147 2314 1209 2336 sunt
1222 2307 1354 2336 discernet
1366 2319 1371 2334 τ
1383 2306 1421 2335 ibi
1433 2305 1504 2335 enim
1518 2304 1640 2334 ascendet
1652 2311 1677 2334 et
1692 2303 1816 2344 puniens,

267 2359 292 2381 et
302 2351 466 2380 examinans.
478 2350 512 2378 Et
519 2350 584 2388 quid
595 2350 655 2378 dieo
665 2350 698 2379 de
707 2350 882 2380 hominibus?
892 2359 917 2380 at
929 2354 950 2381 si
962 2355 1068 2392 angelos
1079 2354 1160 2391 dicas,
1171 2361 1198 2383 at
1211 2355 1233 2383 si
1243 2353 1425 2392 archangelos,
1433 2360 1459 2381 at
1471 2353 1493 2382 si
1505 2351 1696 2390 Cherubim,at
1708 2350 1730 2380 si
1739 2351 1817 2380 Sera-

267 2399 353 2438 phim,
367 2405 393 2426 at
405 2397 425 2425 si
441 2397 521 2425 aliam
533 2397 677 2434 quamlibet
693 2405 850 2435 creaturam,
862 2399 951 2427 onmia
968 2401 1082 2430 revelata
1093 2408 1154 2430 sunt
1167 2401 1244 2430 oculo
1258 2401 1325 2440 ejuS,
1340 2399 1428 2429 omnia
1442 2405 1532 2439 aperta
1546 2405 1572 2428 et
1585 2398 1736 2436 manifesta,
1749 2397 1816 2427 nihil

267 2453 305 2474 est
319 2444 391 2483 quod
405 2454 465 2472 eum
480 2444 563 2483 possit
576 2443 670 2472 latere:
682 2445 787 2473 Omnia
803 2446 883 2474 nuda
897 2453 923 2474 et
939 2455 1041 2487 aperta
1055 2455 1121 2477 sunt
1137 2449 1228 2477 oculis
1240 2449 1312 2488 ejus,
1325 2449 1366 2476 ad
1376 2457 1459 2487 quem
1476 2448 1556 2475 nobis
1568 2455 1661 2475 sermo
1675 2451 1728 2474 est.
1740 2444 1817 2481 Quid

267 2497 356 2519 autem
370 2496 419 2526 cst,
436 2490 549 2527 Aperta
562 2492 574 2516 ?
590 2489 632 2518 Ex
644 2490 797 2530 metaphora
814 2491 941 2530 pellium,
956 2504 1014 2530 quae
1030 2493 1063 2522 dc
1078 2494 1228 2533 pecudibus
1241 2494 1428 2523 detrahuntur.
1446 2493 1521 2522 Sicut
1535 2492 1605 2521 enim
1627 2501 1688 2520 cum
1702 2490 1816 2531 pecudes

268 2537 395 2566 occiderit
408 2536 476 2574 quis,
485 2543 509 2565 et
520 2547 553 2565 ex
564 2537 689 2566 carnibus
703 2537 848 2567 detraxerit
860 2539 967 2578 pellem,
979 2541 1067 2569 omnia
1082 2541 1207 2570 interiora
1220 2541 1382 2578 revelantur,
1395 2547 1420 2569 et
1430 2546 1520 2579 aperta
1532 2545 1592 2568 sunt
1603 2537 1687 2567 oculis
1699 2538 1795 2567 nostris
1806 2550 1812 2566 :

269 2585 306 2613 sic
320 2591 344 2612 et
360 2585 416 2612 Deo
430 2590 517 2622 aperta
533 2584 669 2621 subjacent
682 2585 781 2614 omnia.
798 2586 841 2614 Tu
856 2593 944 2616 autem
957 2587 1062 2616 attende
1076 2589 1155 2617 etiam
1172 2589 1232 2623 hoc,
1245 2587 1378 2628 quomodo
1392 2597 1494 2626 semper
1509 2596 1575 2625 opus
1587 2585 1666 2614 habet
1681 2585 1813 2625 corporeis
