1886 2846
463 159 496 182 ΙΝ
524 159 631 182 ffl‘tsT.
662 158 706 181 AD
733 158 900 182 HEBRAEOS·
929 156 1007 180 cAl‘.
1037 157 1073 179 ΙΙ.
1103 155 1220 180 nomn..
1250 156 1298 180 IV.
1627 145 1673 180 63

109 220 194 255 θεῖς’.
207 222 248 250 Οὐ
269 220 402 260 φαντασίᾳ
421 220 480 250 οὐδὲ
503 221 597 256 εἰκόνι,
620 220 709 259 φησὶν,
730 221 789 249 ἀλλ’
812 221 878 254 ἀλη-
896 225 914 248 Β
931 217 1200 257 nempe‚Similiter.
1216 218 1275 247 Non
1289 217 1461 257 perspeciein
1474 223 1499 246 et
1515 217 1671 257 imaginem,

108 266 165 303 θείᾳ
175 278 182 284 ·
198 267 255 296 ἐπεὶ
267 267 314 303 τὸ,
328 266 544 305 Παραπλησίως,
560 268 589 296 οὐ
604 266 726 300 σώζεται.
741 261 808 295 Εἶτα
828 265 878 295 δεί-
930 264 1028 303 inquit,
1045 263 1093 293 sed
1106 264 1218 293 veritate
1233 264 1374 293 ostendens
1387 274 1443 292 esse
1458 264 1650 294 fraternitatem
1665 277 1671 292 :

108 311 153 346 ξας
166 312 213 348 τὴν
231 312 398 352 ἀδελφότητα
409 335 417 348 ,
431 312 477 340 καὶ
497 312 545 348 τὴν
560 312 648 341 αἰτίαν
660 312 748 347 τίθησι
769 314 817 347 τῆς
836 313 875 341 οἷ-
928 309 1047 349 alioquin
1065 309 1150 346 illud,
1166 310 1320 345 Similiter,
1337 320 1389 339 non
1406 316 1496 339 staret.
1509 310 1614 338 Deinde
1627 311 1671 338 as-

107 359 246 397 κονομίας·
262 358 360 391 ’Ὅπως
379 358 422 387 διὰ
433 361 478 387 τοῦ
494 358 618 394 θανάτου,
630 358 705 398 φησὶ,
718 357 875 397 καταργήσῃ
928 356 978 385 sert
988 356 1068 385 etiam
1081 366 1188 385 eausam
1199 355 1405 395 dispensationis
1416 367 1422 383 :
1440 357 1478 384 Ut
1487 367 1540 394 per
1550 363 1671 385 mortem

106 404 150 434 τὸν
168 405 199 434 τὸ
221 404 317 443 κράτος
338 405 433 444 ἔχοντα
449 408 494 434 τοῦ
520 404 648 441 θανάτου,
672 404 808 440 τουτέστι,
831 403 876 433 τὸν
929 402 1087 432 destmeret
1099 413 1180 438 eum,
1192 404 1243 442 qui
1253 403 1381 431 hahebat
1391 404 1492 431 mortis
1507 404 1671 442 imperium,

106 450 238 480 διάὸολον.
250 451 383 480 Ἐνταῦθα
408 451 438 480 τὸ
463 450 614 488 θαυμαστὸν
634 450 774 486 δείκνυσιν,
785 449 826 479 ὅτι
841 450 874 478 δι’
929 449 984 477 hoc
1000 456 1052 487 est,
1072 449 1232 478 diabolum.
1247 448 1298 477 Hic
1311 447 1427 478 ostendit
1442 447 1516 486 quod
1530 455 1569 477 est
1584 448 1671 477 mira-

105 491 135 525 οὗ
156 497 301 536 ἐκράτησεν
323 498 336 524 6
361 496 496 532 διάῧολος,
519 496 563 525 διὰ
589 495 681 526 τούτου
695 496 797 532 ἡττήθη
807 519 814 532 ,
830 496 874 524 καὶ
928 494 991 532 hile,
1001 505 1096 535 nempe
1105 494 1178 533 quod
1188 505 1326 535 perquam
1337 494 1401 523 vicit
1412 493 1545 531 diabolus,
1557 505 1670 534 peream

104 542 171 582 ὅπερ
186 542 294 582 ἰσχυρὸν
308 538 340 578 ’ἦν
360 543 431 582 αὐτῷ
446 542 527 571 ὅπλον
539 542 607 571 κατὰ
619 545 667 577 τῆς
678 542 846 580 οἰκουμένης,
862 545 876 571 ὁ
927 541 1015 570 victus
1029 541 1096 579 fuit,
1112 548 1138 570 et
1150 552 1209 581 qnae
1221 548 1295 570 erant
1309 541 1333 570 ei
1347 552 1421 570 arma
1437 541 1528 570 valida
1541 541 1672 570 adversus

104 587 227 623 θάνατος,
251 588 337 628 τούτῳ
358 589 435 617 αὐτὸν
459 588 569 623 ἔπληξευ
580 590 593 616 6
609 588 723 628 Χριστός
734 600 740 606 ·
759 587 825 617 ι’καὶ
845 588 874 618 τὸ
928 586 1020 616 orbem
1035 594 1128 625 terrae,
1143 597 1237 627 nempe
1251 598 1339 624 mors,
1355 597 1405 627 per
1420 597 1478 616 eam
1494 587 1572 615 illum
1587 587 1672 616 Chri-

104 633 230 669 πολὺτῆς
249 635 385 672 δυνάμεως
405 637 450 663 τοῦ
465 635 620 669 νικήσαντος
643 634 775 673 ἐμφαίνει.
792 633 875 674 Ὁρᾷς
927 640 984 662 stus
996 634 1068 663 feriit
1082 634 1168 672 :quod
1177 635 1234 673 ejus
1241 633 1360 672 quivicit
1372 644 1498 673 magnam
1508 633 1610 662 indicat
1624 645 1672 673 po.

102 680 162 710 ὅσον
174 683 188 709 6
206 681 316 714 θάνατος
328 681 470 719 εἰργάσατο
481 680 561 709 καλόν
570 693 577 715 ;
587 680 639 709 Καὶ
654 679 793 719 ἀπαλλάξῃ
804 703 810 716 ,
826 692 874 719 φη-
928 680 1133 710 ῑευῑῐαῐιιΝἱάεε
1139 687 1268 719 quantum
1276 680 1377 709 bonum
1385 691 1456 709 mors
1463 679 1588 708 feccritI’i
1597 681 1623 708 5.
1631 681 1672 709 Et

102 726 144 762 σὶ,
157 726 276 760 τούτους,
291 725 347 755 ὅσοι
360 726 433 765 φόδῳ
447 726 559 754 θανάτου
576 726 619 754 διὰ
644 726 742 758 παντὸς
759 729 804 754 τοῦ
827 729 872 765 ζῇν
927 727 1063 755 liberaret
1077 737 1140 763 eos,
1157 729 1207 766 qui
1227 729 1328 756 timore
1344 729 1445 756 mortis
1457 737 1510 766 per
1523 733 1617 755 totam
1625 730 1671 755 vi-

101 771 188 811 ἔνοχοι
209 767 277 807 ἦσαν
293 772 420 805 δουλείας.
442 771 521 804 Τίνος
537 771 622 800 ἕνεκεν
639 771 776 811 ςρίττετε,
792 772 873 812 φησὶ,
890 778 908 802 C
927 780 986 801 tam
997 775 1117 802 obnoxii
1127 780 1211 802 erant
1223 775 1367 802 servituti.
1380 773 1448 810 Cur,
1460 773 1566 811 inquit,
1578 773 1671 802 horre-

101 817 127 846 τί
141 817 276 847 δεδοίκατε
286 818 329 847 τὸν
345 818 559 856 καταργηθέντα;
574 818 662 847 οὐκέτι
674 818 781 857 φοῧερός
793 821 874 854 ἐστιν,
925 819 980 847 tis?
994 819 1062 858 qnid
1077 819 1175 848 timetis
1189 829 1258 855 eam,
1273 830 1332 858 qna:
1342 826 1382 848 est
1393 818 1490 847 abolita
1503 818 1636 858 planeque
1646 826 1672 848 et

101 863 170 893 ἀλλὰ
181 864 349 900 πεπάτηται,
362 864 614 903 καταπεφρόνηται,
631 865 739 900 εὐτελής
755 867 811 894 ἐστι
828 865 873 894 καὶ
926 863 1012 894 inanis
1026 871 1051 893 et
1065 865 1148 894 otiosa
1162 865 1175 893 Ρ
1195 866 1253 894 Non
1269 872 1307 893 est
1321 865 1440 904 amplius
1458 864 1604 899 terribilis,
1623 864 1670 893 sed

100 910 201 942 οὐδενὸς
223 909 300 943 ἄξιος.
313 910 348 939 Τί
370 910 398 938 δέ
413 911 494 946 ἐστιν,
508 909 590 939 ὗὈσοι
609 910 682 950 <potin
703 910 814 939 Θανάτου
829 910 873 939 διὰ
925 917 964 938 est
975 910 1142 947 conculcata,
1154 917 1302 948 contemta,
1317 910 1378 939 vilis
1391 917 1416 939 et
1430 910 1543 950 abjecta,
1553 917 1578 939 et
1591 910 1671 950 plane

99 955 196 989 παντὸς
212 959 257 985 τοῦ
274 958 320 994 ζῇν
334 956 421 995 ἔνοχοι
434 952 501 992 ἦσαν
519 956 652 991 δουλείας
667 956 694 984 τί
714 959 789 985 τοῦτο
799 979 806 992 ‚
823 968 872 996 φτ,-
925 954 1027 983 nullius
1042 954 1130 994 pretii.
1154 953 1229 990 Quid
1244 961 1282 983 est
1297 961 1402 989 autem,
1420 955 1481 983 Eos
1495 956 1547 994 qui
1568 956 1670 983 timore

99 1001 157 1037 σίν;
172 1002 238 1031 Ὅτι
251 1004 265 1030 6
284 1002 328 1030 τὸν
348 1003 458 1030 θάνατον
476 1001 598 1034 δεδοικὼς
608 1025 616 1037 ,
629 1002 717 1034 δοῦλός
733 1004 803 1038 ἐστι,
825 1003 871 1031 καὶ
924 1002 1026 1028 mortis
1034 1010 1087 1037 per
1098 1006 1190 1028 totam
1206 1002 1300 1028 vitam
1314 1001 1435 1028 obnoxii
1447 1006 1531 1028 erant
1546 1002 1670 1028 servitu-

99 1048 186 1077 πάντα
205 1048 348 1087 ὑφίσταται
361 1047 426 1086 ὑπὲρ
441 1051 486 1077 τοῦ
509 1047 546 1086 μὴ
569 1049 722 1076 ἀποθανεῖν·
738 1048 755 1083 ἢ
771 1050 870 1083 ἐκεῖνο,
925 1048 970 1074 li?
989 1046 1055 1084 quid
1072 1046 1123 1075 hoc
1142 1046 1205 1074 cst?
1224 1045 1306 1084 Quod
1325 1046 1371 1084 qui
1388 1053 1502 1075 mortem
1521 1046 1611 1083 timet,
1631 1054 1670 1075 est

96 1093 135 1122 ὅτι
150 1093 246 1126 πάντες
268 1094 354 1123 δοῦλοι
371 1089 440 1129 ἦσαν
458 1095 503 1122 τοῦ
525 1093 652 1129 θανάτου,
668 1094 748 1133 φησὶ,
766 1095 811 1123 καὶ
830 1096 867 1133 τῷ
922 1102 1017 1120 servus
1029 1098 1073 1128 ‚et
1087 1091 1200 1120 sustinet
1214 1091 1305 1120 omnia
1321 1102 1353 1120 ne
1365 1092 1497 1120 moriatur
1510 1104 1516 1120 ε
1531 1100 1577 1121 aut
1591 1092 1670 1130 illud,

96 1139 208 1178 μηδέπω
222 1140 300 1169 αὐτὸν
313 1139 439 1169 λελύσθαι
451 1141 609 1180 ἐκρατοῦντο
620 1152 626 1157 ·
641 1139 674 1176 ἢ,
688 1140 748 1178 Ἱεὶ
758 1141 795 1178 μὴ
808 1144 868 1170 w&-
921 1137 995 1176 quod
1005 1148 1097 1166 omnoe
1108 1144 1184 1166 erant
1192 1137 1263 1166 servi
1274 1137 1378 1174 mortis,
1389 1138 1494 1176 etquod
1506 1149 1535 1167 ea
1548 1139 1669 1168 nondum

95 1186 200 1225 το,]ὅτι
212 1186 286 1227 φόὸῳ
300 1187 415 1223 διηνεκεῖ
426 1187 537 1220 συνέζων
548 1189 572 1216 οἱ
586 1187 729 1226 ἄνθρωποι.
749 1187 806 1216 Ἀεὶ
817 1188 868 1226 γὰρ
921 1191 989 1213 esset
1009 1184 1126 1221 abolita,
1147 1185 1205 1223 ejus
1230 1183 1373 1212 dominatu
1395 1185 1555 1213 tenebantur
1579 1197 1585 1212 :
1608 1193 1667 1223 aut,

96 1233 318 1268 ἄποτεθνήξεσθαι
333 1234 531 1272 προσδοκῶντες
541 1256 548 1269 ,
568 1233 614 1262 καὶ
631 1233 675 1262 τὸν
699 1233 809 1263 θάνατον
825 1234 867 1262 δε·
885 1241 904 1263 D
921 1231 993 1270 quod
1005 1232 1032 1259 in
1047 1237 1175 1270 perpetuo
1191 1236 1264 1259 metu
1279 1229 1401 1259 Visserent
1414 1230 1552 1265 homineS‚
1565 1242 1669 1271 semper

95 1278 227 1315 δοικότες,
236 1280 360 1317 οὐδεμιᾶς
373 1279 469 1314 ἡδονῆς
480 1279 601 1314 αἴσθησιν
615 1279 706 1308 Mean
720 1278 849 1314 ἠδύναντο
858 1301 866 1315 ,
921 1284 1106 1317 exspectantes
1129 1287 1156 1306 se
1171 1277 1315 1306 morituros
1325 1300 1333 1314 ‚
1347 1283 1373 1306 et
1394 1284 1508 1306 mortem
1520 1277 1669 1308 formidan-

95 1327 141 1354 τοῦ
152 1325 233 1365 φόὸου
248 1325 339 1354 τούτου
355 1325 483 1364 παρόντος
494 1327 596 1358 αὐτοῖς·
612 1329 690 1355 τοῦτο
700 1325 752 1365 γὰρ
763 1325 868 1365 ᾐνίξατο
921 1331 959 1353 tes
970 1347 979 1362 ,
995 1323 1098 1353 nullius
1113 1323 1261 1363 voluptatis
1275 1334 1383 1352 sensum
1397 1331 1520 1363 poterant
1533 1324 1667 1365 accipere,

97 1370 189 1408 εἰπὼν,
201 1371 253 1400 Διὰ
273 1371 371 1404 παντὸς
381 1375 427 1400 τοῦ
441 1373 498 1410 ζῇν.
519 1371 656 1401 Δείκνυσιν
676 1373 789 1401 ἐνταῦθα
807 1371 868 1405 τοὺς
921 1383 982 1401 cum
994 1372 1040 1401 hic
1048 1383 1153 1412 semper
1165 1371 1203 1401 eis
1215 1371 1319 1401 adesset
1333 1378 1421 1401 metus
1436 1384 1442 1399 ε
1456 1371 1508 1401 hoc
1519 1372 1591 1401 enim
1604 1373 1667 1402 sub-

96 1416 280 1455 θλιὸομένους,
291 1416 352 1450 τοὺς
370 1417 575 1454 ἐλαυνομένους,
596 1417 656 1451 τοὺς
675 1417 867 1456 διωκομένους,
919 1418 1050 1448 indicavit
1059 1441 1068 1457 ,
1084 1417 1193 1454 dicens,
1207 1419 1267 1447 Per
1281 1425 1374 1447 totam
1388 1421 1494 1447 vitam.
1510 1418 1560 1448 Hic
1574 1426 1666 1448 osten-

96 1462 155 1496 τοὺς
165 1463 211 1492 καὶ
222 1463 347 1503 πατρίδος
358 1463 404 1492 καὶ
416 1463 504 1496 οὐσίας
515 1463 560 1492 καὶ
578 1466 630 1492 τῶν
642 1463 729 1493 ἄλλων
742 1464 866 1493 ἁπάντων
919 1465 960 1494 dit
974 1475 1018 1494 eos
1031 1465 1077 1504 qui
1092 1464 1266 1504 affliguntur,
1282 1464 1329 1503 qui
1345 1464 1533 1504 expelluntur,
1553 1465 1599 1504 qui
1611 1466 1667 1505 pri—

94 1509 351 1550 ἀποστερουμένους,
360 1509 434 1545 ἥδιον
446 1510 584 1548 διάγοντας
595 1510 640 1539 καὶ
652 1510 866 1550 ἐλευθεριώτερον
919 1517 1018 1539 vantur
1033 1509 1120 1549 patria
1131 1516 1156 1538 et
1169 1509 1284 1538 fortunis
1294 1516 1320 1538 et
1331 1509 1392 1538 aliis
1405 1509 1530 1538 omnihus
1539 1532 1548 1544 ‚
1562 1510 1666 1548 jucun-

97 1556 202 1585 ἐκείνων
216 1557 268 1584 τῶν
287 1557 313 1584 ἐν
335 1559 421 1595 τρυφῇ
442 1556 472 1585 τὸ
491 1556 575 1585 παλαι
599 1556 794 1596 τυγχανόντων,
814 1559 867 1586 τῶν
919 1556 982 1586 dius
993 1567 1024 1585 ac
1036 1556 1149 1585 liberius
1159 1555 1266 1595 degere,
1277 1566 1359 1594 quam
1369 1556 1389 1584 ii
1402 1555 1448 1594 qui
1458 1555 1523 1584 olim
1534 1555 1667 1594 degebant

97 1601 178 1640 μηδὲν
189 1601 314 1630 τοιούτων
326 1602 474 1637 παθόντων,
489 1603 541 1630 τῶν
565 1602 775 1641 εὐθηνουμένων·
792 1602 815 1631 εἴ
835 1616 865 1642 γε
921 1603 949 1633 in
968 1602 1084 1642 deliciis,
1100 1613 1182 1642 quam
1197 1602 1216 1631 ii
1234 1602 1335 1641 quibus
1355 1603 1426 1632 nihil
1446 1602 1578 1631 acciderat
1593 1603 1666 1642 ejus-

129 1688 142 1703 *
160 1688 286 1721 [Pei-gunt
296 1689 324 1713 A.
334 1689 362 1713 B.
374 1694 400 1713 et
411 1688 534 1716 Commel.
546 1693 570 1716 οὑ
583 1693 670 1720 Hom-2:21
686 1694 748 1718 ἀλλὰ
760 1695 854 1724 ἀληθείᾳ
938 1698 948 1710 e
967 1690 1075 1723 [Vei-ba,
1096 1695 1115 1716 εἰ
1129 1695 1163 1723 μὴ
1181 1694 1258 1717 τοῦτο.
1271 1689 1304 1714 ab
1315 1689 1389 1714 nobis
1404 1695 1429 1714 et
1440 1690 1536 1715 savilio
1552 1690 1647 1715 inclusa
1658 1710 1663 1720 ‚

96 1730 176 1756 δεμ-ν),-
188 1733 228 1757 riva
240 1730 390 1762 ἀδελφότητα.
405 1731 454 1754 εἶτα
465 1732 503 1754 καὶ
514 1734 555 1758 τὴν
568 1729 661 1764 αἰτίαν-1
903 1728 996 1755 absunt
1009 1730 1034 1755 in
1047 1731 1075 1754 Α.
1089 1731 1117 1755 Β.
1130 1728 1268 1759 Commi„
1282 1737 1327 1754 nec
1337 1730 1461 1762 expressit
1470 1738 1499 1754 ea
1511 1730 1630 1762 Maiiam]

129 1768 141 1786 b
160 1765 272 1800 [ἐνταῦθα
283 1773 309 1794 τὸ
319 1771 375 1795 πολὺ
386 1775 424 1797 τῆς
434 1767 533 1800 iidem]

515 1867 691 1896 MUTIANO
713 1867 965 1897 SCHOLASTICO
987 1868 1240 1898 INTERPRETE.

94 1965 183 2004 imago
194 1976 202 2002 ς
219 1963 320 2002 alioqui
335 1964 406 2002 quod
419 1963 491 1993 dixit
502 1965 672 1994 Proximius
682 1987 690 2001 ‚
704 1975 757 1994 non
769 1972 795 1994 et
809 1965 909 2002 stabit3
926 1965 973 1995 sed
986 1975 1049 1994 vere
1067 1964 1184 1994 ostendit
1205 1964 1407 1994 fraternitatem.
1423 1965 1528 1994 Deinde
1541 1966 1621 1995 etiam
1636 1975 1662 1996 et

93 2022 200 2041 eausam
215 2013 291 2052 ponit
303 2012 526 2052 dispensationis:
542 2013 579 2041 Ut
589 2023 642 2051 per
654 2020 787 2050 mortem,
802 2013 901 2052 inquit,
919 2013 1050 2042 aboleret
1065 2022 1142 2046 eum,
1152 2013 1203 2050 qui
1215 2018 1388 2050 potestatem
1404 2013 1533 2042 habebat
1546 2016 1660 2052 mortis,

93 2060 147 2088 hoe
161 2066 214 2097 est,
232 2058 394 2088 diabolum.
410 2058 461 2087 Hie
475 2058 636 2088 admirabile
646 2059 777 2099 quiddam
794 2060 973 2097 demonstrat,
989 2059 1052 2098 quia
1068 2069 1114 2098 per
1129 2058 1203 2097 quod
1223 2065 1381 2098 potestatem
1394 2058 1511 2088 hahebat
1522 2058 1660 2099 diabolus,

92 2118 140 2147 per
153 2107 205 2136 hoc
223 2107 313 2136 victus
327 2113 381 2135 est:
394 2117 469 2135 arma
483 2118 543 2146 quae
557 2107 596 2136 illi
612 2108 721 2137 suerunt
734 2108 813 2137 sortia
826 2108 970 2138 adversum
982 2106 1124 2142 mundum,
1134 2106 1186 2135 hoc
1198 2113 1237 2135 est
1248 2117 1329 2142 mors,
1345 2117 1393 2145 per
1403 2117 1433 2135 ea
1445 2105 1523 2135 illum
1536 2107 1660 2138 Christus

91 2154 232 2194 percussit.
244 2154 295 2183 Hic
307 2155 521 2194 magnitudinem
536 2155 644 2185 virtutis
658 2157 716 2196 ejus
727 2157 773 2195 qui
786 2157 853 2185 vicit
868 2156 994 2185 insinuat.
1005 2154 1120 2184 Intueris
1133 2161 1263 2193 quantum
1277 2154 1378 2183 bonum
1395 2160 1503 2194 operata
1515 2161 1553 2183 est
1565 2157 1660 2185 mors?

92 2202 132 2230 Et
147 2201 294 2236 liberavit,
305 2201 403 2240 inquit,
419 2212 479 2240 eos,
495 2210 635 2243 quotquot
649 2205 752 2233 timore
767 2206 868 2233 mortis
881 2214 934 2243 per
942 2213 1058 2232 omnem
1071 2204 1167 2231 vitam
1181 2203 1302 2230 obnoxii
1315 2207 1402 2230 erant
1417 2201 1659 2238 servituti.Quarc

91 2249 225 2278 tremitis?
233 2259 315 2288 qnare
327 2249 428 2278 timetis
439 2260 576 2289 eam‚quae
587 2253 644 2291 jam
654 2251 827 2281 condemnata
839 2258 877 2281 est
887 2252 901 2280 3‘
910 2253 971 2281 Jam
981 2250 1110 2280 terribilis
1121 2259 1173 2278 non
1187 2248 1290 2286 est,sed
1299 2249 1453 2278 conculcata
1464 2255 1513 2286 est,
1525 2256 1657 2278 contemta

90 2303 139 2334 est,
147 2303 266 2325 extrema
279 2296 348 2325 sacta
360 2304 409 2332 est,
419 2304 444 2326 et
453 2298 554 2327 nullius
566 2299 694 2328 momenti
705 2306 752 2328 est.
764 2298 838 2335 Quid
849 2306 938 2328 autem
947 2305 998 2337 est,
1015 2299 1131 2327 Timore
1141 2298 1241 2326 mortis
1249 2307 1302 2336 per
1311 2306 1425 2326 omnem
1434 2298 1529 2325 vitam
1540 2298 1659 2326 obnoxii

90 2351 175 2373 erant
187 2345 341 2373 servituti?
351 2345 405 2373 Aut
415 2344 466 2374 hoc
473 2345 558 2383 dixit,
572 2346 635 2385 quia
647 2347 694 2386 qni
706 2354 819 2376 mortem
833 2347 907 2376 timet
923 2357 1017 2376 servus
1031 2352 1086 2383 est,
1101 2352 1126 2375 ct
1136 2345 1226 2375 omnia
1240 2344 1351 2384 patitur,
1363 2354 1396 2373 ne
1405 2344 1554 2374 moriatur:
1567 2351 1615 2373 ant
1626 2344 1658 2373 il-

90 2389 138 2419 lud
149 2413 157 2428 ,
170 2390 233 2430 quia
247 2390 316 2420 servi
328 2401 420 2420 omues
431 2399 505 2421 erant
520 2394 626 2431 mortis,
638 2401 663 2423 et
677 2394 740 2433 quia
753 2393 866 2423 necdum
877 2401 951 2423 crant
968 2393 1060 2429 soluti,
1077 2392 1235 2422 tenebantur
1245 2391 1281 2420 ab
1294 2402 1340 2420 ea:
1354 2397 1401 2420 aut
1411 2391 1475 2430 quia
1484 2401 1547 2420 eum
1562 2390 1659 2420 timore

89 2445 220 2479 perpetuo
236 2438 363 2468 vivebant
373 2438 496 2469 homines
506 2451 612 2481 semper
626 2453 653 2471 se
663 2442 730 2471 mori
745 2449 938 2482 exspectantes,
953 2442 1058 2471 nullum
1073 2440 1221 2480 voluptatis
1233 2449 1340 2469 sensum
1354 2449 1448 2479 capere
1459 2445 1594 2479 poterant,
1605 2438 1656 2468 hoc

89 2485 186 2515 timore
205 2486 278 2526 apud
291 2497 335 2515 eos
351 2495 490 2517 manente:
502 2488 553 2518 hoe
569 2489 640 2519 enim
655 2490 831 2530 significavit,
844 2490 947 2528 dicens,
963 2491 1022 2519 Per
1035 2500 1150 2519 omnem
1163 2491 1269 2518 vitam.
1281 2487 1334 2517 Hic
1343 2486 1508 2517 demonstrat
1521 2485 1657 2515 contribw

91 2532 168 2573 latos,
181 2534 412 2573 persequutionem
425 2546 515 2575 passos
527 2558 534 2571 ,
549 2543 572 2565 et
589 2536 674 2576 patria
690 2544 714 2566 et
730 2537 877 2567 substantia
891 2544 916 2567 et
932 2537 1032 2567 cacteris
1047 2535 1173 2565 omnibus
1189 2534 1308 2575 privatos
1324 2533 1435 2563 liberius
1447 2532 1552 2572 degere.
1565 2539 1590 2561 et
1604 2532 1655 2561 1ιο-
