1886 2846
88 1103 107 1118 ι.
122 1097 176 1119 Cur.
189 1103 216 1119 ιο

88 1135 123 1149 ¹2.

85 1195 119 1216 lb.
131 1201 154 1223 9.
167 1200 203 1222 ²7·

85 1470 150 1491 Itum.
164 1468 224 1492 ms.

251 196 315 241 146

245 275 360 309 possent
374 269 420 307 qui
434 268 502 308 lapsi
513 275 575 296 sunt
589 268 684 296 iterum
699 267 868 306 baptizentur
879 288 885 298 ,
899 271 923 293 ct
935 275 979 292 rc-

246 316 398 344 missioncm
424 326 470 354 per
492 315 657 354 baptismum
671 314 759 343 denuo
785 312 929 350 accipiant,
955 316 981 337 ct

245 361 399 389 ostendisset
412 371 493 399 quam
505 361 526 389 si
539 371 578 389 ms
589 359 733 393 horrenda,
747 357 899 396 subjungit:
914 355 981 383 Ter-

244 418 279 435 ra
299 409 375 435 enim
396 417 470 445 soepe
486 409 650 434 venientem
670 414 754 443 super
768 414 798 431 se
810 403 908 430 bibens
927 402 981 428 im-

245 455 334 488 brem,
350 459 378 481 et
392 455 560 491 germinans
578 452 696 479 herbam
713 453 904 486 opportunam
921 446 982 474 illis

242 509 374 537 per-quos
389 498 503 533 colitur,
514 498 617 534 accipit
627 495 853 523 benedictionem
865 502 883 520 a
894 492 958 520 Deo
969 503 980 526 ;

241 546 393 585 profer-ens
404 551 499 572 autem
513 546 611 581 spinas
623 548 649 569 e!
663 539 785 568 tribulos
797 540 919 577 reproba
929 544 981 574 est,

243 598 269 619 et
285 591 440 618 maledicto
453 591 585 627 prm-ima
603 598 610 612 :
626 587 709 624 cujus
726 586 939 613 consummatio
949 585 980 612 in

242 638 478 665 combustionem.
494 633 650 661 Timeamus
669 641 751 670 ergo,
769 640 785 659 o
800 629 890 658 dilecti
906 642 912 657 :
929 640 980 659 non

241 689 302 711 sunt
322 682 396 710 Pauli
413 681 452 708 lim
471 679 563 712 miuae,
588 688 639 705 non
659 683 720 705 sunt
737 676 818 706 verba
833 676 948 705 hominis
972 689 977 705 :

241 735 301 756 sunt
314 727 430 766 Spiritus
442 724 524 752 sancti
536 746 543 757 ‚
560 729 621 751 sunt
635 722 753 755 Christi,
767 722 813 761 qui
829 722 855 751 iu
871 722 929 761 ipso
939 722 979 751 lo-

240 773 339 811 quitur.
356 772 435 799 Estne
447 779 509 807 crgo
521 768 618 807 aliquis
633 768 750 797 mundus
766 767 800 797 ab
815 767 858 796 his
873 768 980 807 spinis?

240 817 318 852 Quod
331 817 351 844 si
367 816 446 843 ctiam
461 824 578 843 essemus
588 813 681 842 mundi
692 836 700 851 ‚
717 824 750 842 ne
759 813 911 852 sicquidem
922 824 980 843 con-

239 861 320 890 fidere
332 867 476 900 oporteret,
490 859 538 889 sed
549 860 642 889 timere
651 867 677 889 et
689 867 810 895 tremere,
820 870 852 889 ne
864 860 891 888 in
903 860 980 889 nobis

238 907 385 946 germinent
400 907 483 946 spinae
499 919 504 934 ι
522 917 582 935 cum
602 913 691 935 autem
708 905 756 935 toti
775 906 881 945 penitus
896 906 980 935 simus

238 953 320 992 spince
340 960 364 981 et
381 952 487 988 tribuli,
511 952 657 987 undenam,
678 952 723 981 dic
743 962 843 990 quaeso,
861 952 979 981 confidi—

238 1009 307 1034 mus,
319 1006 343 1027 et
351 999 441 1038 supini
454 998 599 1037 ignavique
609 997 770 1027 reddimur?
780 998 847 1036 quid
859 998 979 1037 estquod

238 1055 284 1073 nos
299 1045 361 1073 facit
380 1045 490 1083 ignavos
509 1051 534 1073 et
554 1043 701 1073 socordes?
717 1043 746 1073 Si
767 1044 789 1072 is
811 1043 856 1082 qui
872 1044 980 1072 videtur

238 1097 320 1125 stare,
333 1090 412 1119 debet
427 1090 520 1118 timere
537 1100 570 1118 ne
583 1089 661 1118 cadat
675 1101 681 1117 ε
699 1099 760 1117 nam
780 1091 831 1128 qui
848 1090 978 1127 videtur,

238 1136 336 1174 inquit,
345 1143 431 1171 stare,
443 1136 544 1164 videat
555 1146 590 1164 ne
604 1136 692 1164 cadat
706 1147 714 1162 .-
725 1135 770 1173 qui
782 1134 889 1171 cecidit,
898 1146 980 1173 quam

237 1183 316 1211 debet
331 1193 387 1211 esse
399 1182 529 1211 sollicitus
544 1188 573 1210 ut
590 1181 734 1219 resurgat?
749 1181 777 1209 Si
792 1181 893 1210 Paulus
906 1181 981 1210 timet

237 1239 270 1257 ne
287 1239 349 1257 cum
363 1228 423 1257 aliis
435 1226 638 1266 praedicaverit,
651 1227 708 1266 ipse
723 1228 770 1255 fiat
783 1227 923 1266 reprobus,
933 1227 979 1265 qui

237 1282 276 1304 est
287 1275 354 1304 adeo
368 1274 470 1314 probus
482 1286 488 1301 :
501 1284 547 1302 nos
557 1274 603 1312 qui
615 1274 670 1313 jam
684 1274 745 1302 facti
759 1284 852 1302 sumus
862 1274 979 1314 reprobi,

238 1330 385 1359 quamnam
400 1330 571 1358 assequemur
586 1319 691 1348 veniam
701 1341 708 1355 ,
725 1330 786 1347 cum
798 1319 867 1347 nihil
881 1320 977 1348 timea-

595 207 610 229 S
617 222 624 229 .
652 207 709 230 ,ΙΟΛ
716 207 733 229 Ν
740 207 757 229 N
764 206 791 229 ts
816 204 995 228 cumsosr-

987 1346 1024 1365 10³

1026 203 1043 225 Δ
1050 202 1166 225 netuli?
1173 215 1180 224 .
1208 201 1271 225 cON
1276 202 1334 225 STA
1340 203 1461 227 N'nnot‘
1467 219 1475 226 .

1035 263 1079 290 καὶ
1100 262 1147 296 τὴν
1171 262 1213 290 διὰ
1233 264 1278 291 τοῦ
1300 263 1408 304 λουτροῦ
1429 264 1519 303 ἄφεσιν
1542 265 1620 294 πάλιν
1641 267 1741 303 λαθεῖν,
1757 267 1801 296 καὶ

1036 308 1119 341 δείξας
1132 308 1162 337 τὸ
1176 309 1282 347 φρικτὸν
1298 311 1342 338 τοῦ
1359 309 1529 348 πράγματος,
1542 311 1646 349 ἐπάγει·
1661 313 1699 348 Γῆ
1719 313 1770 352 γὰρ
1785 316 1801 347 ἡ

1035 356 1130 384 πιοῦσα
1148 354 1190 382 τὸν
1206 356 1247 383 ἐπ’
1261 356 1340 390 αὐτῆς
1360 356 1486 388 πολλάκις
1504 356 1645 395 ἐρχόμενον
1659 359 1740 393 ὑετὸν,
1756 359 1802 388 καὶ

1000 403 1018 426 C
1035 400 1160 430 τίκτουσα
1176 401 1287 439 βοτάνην
1307 401 1408 431 εὔθετον
1423 401 1528 435 ἐκείνοις
1543 403 1575 431 δι’
1596 402 1638 435 οὓς
1654 403 1698 431 καὶ
1717 415 1801 443 γεωρ-

1035 449 1135 484 γεῖται,
1156 446 1354 484 μεταλαμῧάνει
1378 447 1496 485 εὐλογίας
1516 448 1568 477 ἀπὸ
1585 452 1630 477 τοῦ
1652 450 1735 478 Θεοῦ·
1755 451 1802 478 ἐκ-

1036 492 1148 530 φέρουσα
1174 491 1201 521 δὲ
1223 492 1335 524 ἀκάνθας
1360 492 1404 520 καὶ
1426 493 1573 532 τριὸολους,
1596 494 1735 532 ἀδόκιμος,
1757 493 1802 524 καὶ

1035 537 1151 577 κατάρας
1167 534 1298 577 ἐγγύς-ἧς
1312 538 1341 567 τὸ
1356 537 1429 570 τέλος
1449 541 1484 571 εἷς
1507 541 1609 568 καῦσιν.
1633 540 1800 578 Φοὸηθῶμεν

1034 582 1087 622 οἶν,
1103 587 1248 625 ἀγαπητοί·
1264 587 1311 616 οὐκ
1328 587 1383 616 ἔστι
1399 586 1505 616 Παύλου
1520 587 1586 623 αὕτη
1600 589 1616 622 ἡ
1631 588 1741 624 ἀπειλὴ,
1754 590 1801 617 οὐκ

1034 632 1103 661 ἔστιν
1120 631 1255 672 ἀνθρώπου
1268 633 1302 660 τὰ
1320 632 1439 671 ῥήματα·
1455 635 1499 661 τοῦ
1516 632 1669 670 Πνεύματός
1684 635 1735 662 εἷσι
1755 637 1801 662 τοῦ

1033 677 1106 716 ἁγίου
1116 700 1122 712 ,
1137 681 1181 706 τοῦ
1202 679 1316 717 Χριστοῦ
1332 680 1376 706 τοῦ
1391 678 1529 710 λαλοῦντος
1551 680 1576 707 ἐν
1592 680 1672 717 αὐτῷ.
1682 673 1749 717 Ἆρα
1763 678 1802 711 τίς

1033 725 1102 753 ἐστιν
1114 725 1127 751 ὁ
1141 723 1237 753 τούτων
1249 726 1300 752 τῶν
1314 725 1432 752 ἀκανθῶν
1450 724 1576 762 καθαρός;
1589 725 1622 752 Εἴ
1634 723 1660 753 δὲ
1675 723 1720 752 καὶ
1733 719 1801 762 ἦμεν

1033 769 1158 808 καθαροὶ,
1178 769 1236 799 οὐδὲ
1251 768 1318 798 οὕτω
1338 770 1442 809 θαῤῥεῖν
1464 771 1556 808 ἐχρῆν,
1572 769 1640 798 ἀλλὰ
1659 769 1801 799 δεδοικέναι

1032 815 1076 843 καὶ
1098 814 1203 854 τρέμειν
1224 815 1326 853 μήποτε
1346 815 1457 843 ἄκανθαι
1480 815 1663 854 βλαστήσωσιν
1683 817 1709 844 ἐν
1725 817 1799 854 ἡμῖν·

997 876 1016 898 1)
1032 861 1094 891 ὅταν
1117 860 1143 890 δὲ
1165 861 1220 890 ὅλοι
1241 862 1272 890 δι’
1297 861 1356 889 ὅλου
1378 861 1489 889 ἄκανθαι
1510 862 1582 899 ὦμεν
1601 860 1646 889 καὶ
1668 860 1800 901 τρίὸολοι,

1032 907 1110 936 πόθεν
1131 909 1284 948 θαρροῦμεν,
1298 906 1355 936 εἶπέ
1377 919 1435 944 μοι,
1452 907 1496 935 καὶ
1517 906 1604 935 ὕπτιοι
1624 907 1761 945 moy-50:13
1774 907 1801 935 τί

1031 953 1060 981 τὸ
1074 955 1164 982 ποιοῦν
1179 955 1249 990 ἡμᾶς
1270 953 1408 990 ρᾳθυμεῖν;
1423 952 1455 980 Εἰ
1469 953 1482 979 ὁ
1498 951 1579 980 δοκῶν
1599 951 1719 987 ἑστάναι,
1731 951 1800 991 ὀφεί-

1030 1000 1070 1027 λει
1087 997 1228 1027 δεδοικέναι
1242 997 1278 1036 μὴ
1291 997 1359 1035 πέσῃ
1368 1009 1373 1014 ·
1386 996 1420 1025 ‘O
1432 997 1514 1025 δοκῶν
1526 996 1576 1036 γὰρ
1587 996 1695 1026 ἑστάναι
1704 1019 1712 1034 ‚
1723 996 1798 1037 φησὶ,

1033 1044 1152 1083 βλεπέτω
1172 1043 1208 1082 μὴ
1231 1043 1298 1082 πέσῃ
1311 1055 1316 1060 ·
1331 1045 1345 1071 ὁ
1365 1042 1452 1072 πεσὼν
1477 1044 1533 1075 πῶς
1553 1042 1650 1082 ὀφείλει
1671 1047 1800 1082 μεριμνᾷν

1031 1091 1099 1120 ὥστε
1114 1091 1271 1124 ἀναστῆναι;
1286 1090 1318 1118 Εἴ
1331 1089 1436 1120 Παῦλος
1455 1088 1573 1127 <praealtam
1589 1088 1626 1126 μή
1641 1100 1697 1122 πως
1711 1089 1801 1123 ἄλλοις

1031 1136 1156 1175 κηρύξας,
1169 1135 1246 1167 αὐτὸς
1261 1134 1385 1172 ἀδόκιμος
1400 1134 1523 1172 γένηται,
1539 1133 1584 1163 καὶ
1603 1133 1701 1163 δέδοικε
1717 1134 1747 1163 τὸ
1761 1134 1799 1172 μὴ

1031 1181 1150 1221 γενέσθαι
1174 1181 1310 1218 ἀδόκιμος,
1324 1183 1337 1209 ὁ
1359 1179 1427 1208 οὕτω
1447 1180 1568 1217 δόκιμος·
1586 1181 1663 1216 ἡμεῖς
1682 1182 1706 1209 οἱ
1725 1180 1800 1219 γενό-

1032 1239 1104 1265 μενοι
1118 1227 1169 1262 ἤδη
1185 1227 1320 1264 ἀδόκιμοι,
1334 1226 1392 1254 τίνα
1411 1226 1500 1263 ἕξομεν
1517 1226 1658 1265 ἀπολογίαν
1673 1226 1717 1254 καὶ
1732 1238 1799 1265 συγ-

1031 1273 1148 1312 γνώμην,
1171 1272 1262 1301 οὐδένα
1284 1271 1362 1310 edem
1385 1271 1502 1310 ἔχοντες,
1517 1272 1574 1299 ἀλλ’
1595 1273 1630 1304 ὡς
1652 1271 1799 1308 συνήθειαν,

1031 1320 1099 1347 οὕτω
1118 1320 1276 1357 πληροῦντες
1303 1317 1347 1346 τὸν
1374 1316 1590 1356 χριστιανισμὸν,
1610 1316 1656 1345 καὶ
1679 1317 1799 1356 ἀφοσιού-

237 1377 298 1396 mus
314 1389 322 1403 ‚
348 1366 394 1395 sed
415 1373 550 1404 tamquam
571 1365 788 1393 consuetudinem
814 1365 978 1393 Christiani—
996 1375 1014 1396 A
1032 1363 1295 1403 μενοι;(1)οὸηθῶμεν
1308 1363 1403 1398 τοίνυν,
1415 1362 1560 1401 ἀγαπητοί·
1574 1362 1799 1393 Ἀποκαλύπτεται

237 1422 324 1440 smum
335 1412 510 1450 impleamus,
525 1417 549 1439 ct
561 1421 590 1438 eo
606 1410 700 1439 leviter
713 1410 914 1449 defungamur?
931 1411 979 1439 Ti-

237 1468 356 1487 meamus
367 1467 430 1495 ergo
441 1479 448 1493 ,
464 1467 480 1485 o
491 1455 599 1492 dilecti3
613 1456 771 1485 Revelalur
780 1458 857 1484 enim
866 1458 911 1485 ira
925 1457 980 1485 Dei

235 1504 271 1531 de
286 1503 356 1532 coelo
367 1515 375 1530 .·
396 1503 557 1539 timeamus3
577 1501 710 1529 revelatur
727 1501 797 1530 enim
818 1512 870 1530 non
891 1501 977 1530 solum

235 1548 365 1576 adversus
382 1547 561 1586 impietatem,
577 1546 624 1575 sed
637 1546 717 1574 etiam
731 1547 861 1575 adversus
872 1557 978 1575 omnem

234 1594 417 1632 iniquitatem,
430 1599 454 1621 et
471 1602 583 1631 parvam
596 1599 621 1620 et
639 1602 772 1631 magnam.
788 1592 838 1620 Hic
851 1592 976 1620 subindi—

234 1646 275 1668 cat
292 1639 340 1668 Dei
359 1638 551 1677 benignitatem
566 1644 590 1666 et
605 1638 781 1667 clementiam.
796 1638 915 1667 Imbrem
929 1649 978 1666 au-

235 1693 287 1714 tem
305 1685 371 1714 dicit
389 1684 557 1721 doctrinam3
573 1691 598 1712 et
616 1683 689 1722 quod
707 1683 830 1723 superius
847 1684 953 1713 dicebat
968 1707 975 1721 ,

1030 1411 1081 1450 γὰρ
1103 1410 1166 1449 ὀργὴ
1183 1413 1228 1438 τοῦ
1250 1412 1320 1438 (θεοῦ
1341 1410 1386 1438 ἀπ’
1406 1410 1530 1448 οὐρανοῦ·
1543 1409 1716 1448 φοὸηθῶμεψ
1730 1412 1800 1440 ἀπο-

1030 1456 1193 1485 καλύπτεται
1213 1455 1264 1494 γὰρ
1285 1457 1331 1485 οὐκ
1353 1456 1394 1484 ἐπ’
1414 1454 1536 1483 ἀσέὸειαν
1557 1454 1643 1492 μόνον,
1665 1455 1733 1485 ἀλλὰ
1753 1457 1799 1486 καὶ

1030 1502 1072 1531 ἐπὶ
1091 1506 1178 1530 πᾶσαν
1202 1501 1315 1536 ἀδικίαν,
1334 1500 1378 1529 καὶ
1405 1500 1501 1539 μικρὰν
1525 1501 1570 1529 καὶ
1596 1500 1724 1539 μεγάλην.
1736 1500 1799 1530 Ἑν-

1029 1549 1112 1575 ταῦθα
1123 1550 1167 1575 τοῦ
1182 1548 1252 1575 Θεοῦ
1263 1547 1292 1575 τὸ
1306 1546 1488 1585 φιλάνθρωπον
1503 1545 1655 1574 αἰνίττεται.
1665 1546 1756 1576 (Υετὸν
1771 1547 1798 1576 δὲ

1028 1592 1075 1628 τὴν
1104 1592 1273 1620 διδασκαλίαν
1299 1591 1376 1630 φησί·
1396 1591 1441 1620 καὶ
1464 1590 1528 1631 ὅπερ
1548 1590 1671 1630 ἀνωτέρω
1693 1591 1797 1631 ἔλεγεν,

1029 1638 1195 1677 Ὀφείλοντες
1217 1633 1282 1666 εἶναι
1305 1638 1458 1666 διδάσκαλοι
1477 1637 1519 1666 διὰ
1537 1637 1580 1666 τὸν
1600 1637 1703 1677 χρόνον,
1723 1642 1798 1668 τοῦτο

1030 1684 1074 1713 καὶ
1089 1684 1200 1714 ἐνταῦθά
1212 1695 1286 1723 φησι.
1302 1683 1354 1712 Καὶ
1369 1684 1505 1722 πολλαχοῦ
1519 1683 1591 1713 ὑετὸν
1606 1683 1654 1718 τὴν
1671 1683 1798 1713 διδασκα-

657 1797 832 1827 MUTIANO
853 1797 1107 1827 SCHOLASTICO
1130 1797 1347 1827 INTERPRET
1353 1797 1384 1827 E.

234 1895 361 1924 dicuntur
376 1893 542 1923 audiamus?
558 1894 655 1923 Dicens
667 1895 738 1923 enim
757 1895 819 1933 quia
835 1895 1000 1934 impossibile
1021 1903 1059 1925 est
1071 1906 1114 1925 cos
1129 1895 1174 1933 qui
1197 1895 1349 1924 ceciderunt
1361 1894 1493 1934 baptizari
1505 1895 1619 1933 iterum,
1629 1902 1654 1924 ct
1668 1906 1715 1935 per
1725 1895 1795 1925 lava-

235 1952 311 1970 crum
326 1941 507 1970 remissionem
521 1941 656 1981 accipere;
667 1942 842 1971 etostendens
854 1943 1050 1971 terribilitatem
1063 1943 1118 1977 rei,
1133 1943 1212 1971 insert
1230 1955 1236 1970 :
1255 1943 1345 1971 Terra
1360 1944 1437 1971 enim
1445 1952 1520 1980 saepe
1533 1944 1700 1972 venientem
1711 1953 1797 1983 super

238 1997 270 2017 se
282 1989 381 2016 bibens
395 1989 516 2015 imbrem
527 2009 535 2024 ‚
545 1994 572 2016 et
585 1999 727 2027 generans
739 1989 859 2018 herbam
875 1996 1067 2028 opportunam
1082 1990 1159 2025 illis,
1171 2000 1189 2018 a
1200 1990 1303 2028 quibus
1316 1989 1439 2025 colitur,
1450 1990 1555 2028 accipit
1571 1989 1798 2019 benedictionem

235 2045 254 2063 a
270 2035 351 2068 Deo;
361 2035 512 2073 proferens
527 2041 623 2063 autem
634 2038 734 2073 spinas
749 2043 775 2065 et
792 2037 924 2074 tribulos,
936 2039 1058 2076 reproba
1071 2043 1114 2066 est
1133 2043 1159 2066 ez
1175 2037 1333 2065 maledicto
1345 2038 1480 2075 proxima
1497 2048 1508 2064 .·
1520 2038 1602 2075 cujus
1616 2047 1798 2066 consumma-

237 2084 279 2109 tio
291 2083 323 2109 in
333 2082 569 2109 combustionem.
582 2081 738 2110 Timeamus
753 2093 827 2121 ergo,
841 2083 1011 2112 dilectissimi
1025 2095 1031 2111 :
1046 2094 1098 2112 non
1110 2090 1172 2112 sunt
1182 2083 1224 2111 hae
1235 2082 1314 2111 minae
1328 2081 1417 2119 Pauli,
1433 2092 1485 2110 non
1495 2088 1557 2110 sunt
1564 2081 1681 2110 hominis
1695 2082 1795 2111 verba:

235 2128 355 2168 Spiritus
369 2128 452 2156 sancti
467 2135 539 2164 sunt,
553 2127 651 2156 Christi
663 2136 724 2157 sunt
734 2129 866 2167 loquentis
880 2131 907 2160 in
921 2142 961 2160 eo.
972 2131 1040 2166 Quis
1056 2141 1171 2169 namque
1184 2137 1222 2159 est
1233 2129 1268 2158 ab
1281 2130 1338 2159 istis
1350 2128 1435 2168 spinis
1447 2127 1588 2157 mundus?
1601 2130 1636 2157 Αι
1647 2129 1669 2157 si
1680 2139 1796 2159 essemus

238 2174 351 2211 mundi,
365 2185 451 2213 neque
465 2177 503 2204 sic
517 2182 674 2214 praesumtos
684 2186 731 2204 nos
745 2187 800 2205 esse
814 2185 933 2217 oportet,
946 2178 992 2207 sed
1006 2179 1099 2207 timere
1112 2185 1137 2207 et
1150 2184 1263 2206 tremere
1272 2199 1281 2214 ‚
1297 2187 1330 2205 ne
1340 2177 1406 2206 forte
1419 2175 1552 2215 pullulent
1566 2175 1593 2204 in
1606 2175 1684 2205 nobis
1696 2176 1778 2215 spinae
1789 2187 1796 2205 =

235 2233 295 2251 cum
306 2229 395 2250 autem
407 2222 453 2251 toti
463 2233 511 2261 per
523 2229 608 2250 totum
620 2222 702 2262 spinae
713 2223 796 2252 simus
805 2231 830 2252 et
843 2226 949 2262 tribuliy
962 2226 1032 2254 unde
1045 2225 1245 2265 praesumimus,
1257 2224 1302 2252 dic
1314 2223 1392 2260 mihi,
1409 2230 1434 2251 et
1447 2223 1537 2261 supini
1550 2223 1707 2252 efficimur?
1720 2224 1796 2260 Quid

235 2274 274 2296 est
289 2267 362 2305 quod
373 2278 419 2295 nos
435 2267 498 2295 facit
511 2267 672 2306 negligentes
683 2268 696 2295 P
711 2268 740 2296 Si
754 2269 824 2297 enim
838 2271 884 2307 qui
900 2277 1009 2310 putatur
1022 2278 1106 2307 stare,
1121 2270 1199 2299 debet
1214 2270 1306 2299 timere
1320 2280 1353 2298 ne
1365 2269 1443 2298 cadat
1460 2281 1466 2296 :
1485 2269 1542 2307 Qui
1551 2275 1684 2308 putatur,
1697 2269 1796 2308 inquit,

235 2321 324 2349 stare,
339 2315 442 2343 videat
454 2324 490 2343 ne
498 2315 585 2343 cadat
599 2326 607 2341 :
618 2314 663 2352 qui
678 2315 757 2351 cadit,
772 2317 907 2354 quomodo
919 2329 970 2346 non
983 2318 1061 2347 debet
1074 2318 1206 2347 sollicitus
1220 2328 1286 2353 esse,
1299 2324 1328 2346 ut
1341 2317 1428 2345 valeat
1443 2326 1580 2355 resurgere
1589 2316 1602 2344 ἱ)
1611 2316 1640 2345 Si
1651 2316 1796 2345 Paulusti-

235 2368 289 2390 met
300 2384 307 2398 ,
322 2372 355 2390 ne
365 2362 433 2390 sorte
447 2361 507 2390 aliis
521 2361 679 2401 praedican5‚
694 2362 751 2402 ipse
763 2364 892 2402 reprobus
905 2366 962 2400 fiat,
978 2366 1025 2404 qui
1042 2366 1080 2395 sic
1092 2373 1148 2394 erat
1166 2365 1325 2405 probabilis,
1339 2371 1364 2393 et
1378 2371 1465 2392 tamen
1483 2363 1557 2392 timet
1572 2373 1605 2392 ne
1613 2362 1746 2392 efficiatur
1754 2373 1797 2392 re-

235 2408 335 2446 probus
350 2420 356 2436 :
369 2419 416 2437 nos
426 2409 473 2447 qui
485 2409 547 2437 sacti
559 2419 651 2438 snmus
660 2409 717 2449 jam
728 2411 847 2450 reprobi,
862 2423 940 2449 quam
952 2414 1058 2442 veniam
1071 2413 1241 2450 habebimus,
1257 2413 1364 2441 nullum
1379 2412 1500 2440 timorem
1513 2410 1651 2447 habentes,
1665 2409 1709 2438 sed
1721 2410 1797 2441 velut

235 2455 454 2485 consuetudinem
472 2456 627 2494 quamdam,
642 2456 681 2485 sic
694 2457 833 2497 implentes
848 2459 1088 2495 Christianitatem,
1102 2467 1127 2489 et
1139 2460 1213 2490 velut
1226 2460 1410 2488 solennitatem
1423 2457 1567 2497 quamdam
1577 2456 1708 2486 solventes
1717 2457 1731 2486 Ρ
1742 2457 1796 2486 Τί-

235 2511 355 2530 meamus
367 2502 461 2541 igitur,
475 2502 661 2541 dilectissimi;
678 2504 866 2533 Revelabitur
880 2507 956 2533 enim
974 2508 1019 2535 ira
1032 2508 1089 2535 Dei
1101 2508 1138 2535 tle
1149 2507 1220 2535 coelo
1236 2518 1244 2533 .-
1259 2506 1401 2534 timeamus
1407 2516 1416 2542 ;
1431 2503 1592 2534 revelabitur
1603 2503 1675 2532 enim
1687 2514 1738 2532 non
1750 2515 1794 2533 so-

235 2547 290 2575 lum
302 2558 380 2587 super
391 2549 563 2589 impietatem,
577 2551 623 2579 sed
635 2551 714 2580 etiam
727 2552 817 2590 Super
827 2563 939 2581 omnem
950 2555 1142 2592 iniquitatem.
1156 2553 1231 2590 Quid
1247 2560 1295 2590 est,
1307 2554 1396 2592 Super
1412 2561 1525 2580 omnem
1536 2552 1721 2589 iniquitatem
1731 2555 1745 2580 Ρ
1759 2552 1795 2581 Et

236 2594 364 2624 minorem
379 2602 404 2625 et
417 2606 549 2635 magnam.
562 2597 613 2627 llic
624 2597 835 2628 misericordiam
852 2599 900 2629 Dei
914 2600 1078 2638 magnificat.
1098 2601 1214 2630 lmhrem
1230 2607 1317 2630 autem
1332 2598 1482 2629 doctrinam
1499 2597 1585 2636 inquit
1600 2610 1605 2626 :
1624 2604 1649 2626 et
1662 2597 1735 2637 quod
1745 2608 1793 2627 su-
