1906 2846
384 181 414 202 {N
444 180 548 202 El'ls's.
578 180 621 202 AD
650 180 815 203 HEBREOS.

55 242 162 275 τούτων,
179 241 215 278 μὴ
232 243 275 269 τοῦ
291 242 506 277 τετελευτηκότος
522 243 607 281 ἕτερος
621 242 682 279 ἔλθῃ
697 245 710 271 ὁ
722 243 827 281 ἐχθρὸς,

53 288 98 316 καὶ
115 287 158 315 τὸν
184 288 280 325 κλῆρον
299 287 466 323 διαδέξηται·
489 289 548 317 οὔτε
564 290 615 329 γὰρ
632 290 740 322 Θάνατος
758 291 826 318 ἐστιν

54 335 122 369 ἐκεῖ,
138 333 196 362 οὔτε
210 333 338 372 ἀπέχθεια
347 346 353 351 ·
369 335 395 362 αἱ
408 335 503 370 σκηναὶ
515 338 567 364 τῶν
579 336 659 374 ἁγίων
673 336 723 365 εἶσὶ
733 336 810 373 μόναι
821 347 826 351 ·

53 380 80 406 ἓν
102 378 129 408 δὲ
149 383 202 412 τοῖς
219 379 301 417 ἁγίοις
316 379 423 412 ἐκείνοις
439 381 594 418 ἀγαλλίασις
607 404 614 416 ,
636 380 722 420 χαρὰ,
739 382 827 419 εὐφρο-

53 424 118 459 σύνη
131 436 137 442 ·
153 424 237 459 Φωνὴ
260 425 327 465 γὰρ,
350 425 439 464 φησὶν,
464 427 647 463 ἀγαλλιάσεως
667 429 693 455 ἐν
719 431 828 460 σκηναῖς

53 471 171 500 δικαίων.
186 470 294 500 Ait-‘mot'
310 473 373 507 εἰσι,
388 472 462 504 τέλος
474 474 519 500 οὐκ
538 472 657 511 ἔχουσαι.
674 474 734 511 Οὐχ
749 467 826 501 αὗται

52 519 88 556 τῷ
103 517 190 557 χρόνῳ
202 517 422 553 καταπίπτουσιν,
440 519 468 547 οὗ
485 518 544 551 τοὺς
559 518 735 556 κεκτημένους
751 518 827 556 alfaei<

53 563 153 598 ὅουσιν,
169 565 227 592 ἀλλ’
243 563 386 598 ἑστήκασιν
405 565 430 592 ἐν
453 565 527 602 ἀκμῇ
553 565 678 599 διηνεκεῖ,
700 565 823 596 εἰκότως·

52 611 81 639 οὐ
104 609 155 648 γάρ
180 609 236 638 ἐστί
258 622 284 638 τι
311 610 424 648 φθαρτὸν
451 611 510 639 οὐδὲ
525 610 651 649 ἐπίκηρον
674 612 741 645 ἐκεῖ,
758 610 826 639 ἀλλὰ

51 656 137 685 πάντα
153 656 271 685 ἀθάνατα
287 656 331 684 καὶ
346 655 478 693 ἀκήρατα.
497 657 602 684 Οὐκοῦν
617 656 773 693 κενώσωμεν
791 658 826 688 εἰς

52 701 148 737 ταύτην
164 701 210 736 τὴν
227 701 368 738 οἰκοδομὴν
384 700 416 729 τὰ
432 701 559 740 χρήματα
570 711 575 716 ·
592 703 620 730 οὖ
645 702 682 730 δεῖ
696 701 824 730 τεκτόνων

51 750 125 786 ἡμῖν,
147 747 204 776 οὐδὲ
219 749 349 786 ἐργατῶν·
366 749 391 775 αἱ
404 749 455 775 τῶν
474 747 594 781 πενήτων
609 752 694 786 χεῖρες
708 747 754 779 τὰς
769 759 824 776 τοι-

53 793 132 826 αύτας
147 794 328 830 οἰκοδομοῦσιν
343 793 443 829 οἰκίας,
467 795 490 822 οἱ
511 794 607 832 χωλοὶ,
625 795 648 822 οἱ
670 794 777 832 τυφλοὶ,
802 796 825 822 οἱ

52 839 183 879 ἀνάπηροῑ
198 850 203 855 ·
218 835 288 868 οὗτοι
311 839 410 871 ἐκείνας
423 839 469 871 τὰς
486 839 569 872 οἰκίας
582 839 756 876 οἰκοδομοῦσι.
775 840 825 868 Καὶ

53 884 89 923 μὴ
107 884 259 923 θαυμάσῃς,
275 884 339 913 ὅπου
355 897 383 923 γε
399 885 444 913 καὶ
458 885 594 923 βασιλείαν
607 887 670 922 ἡμῖν
683 880 754 914 οὗτοι
764 897 826 925 προ-

51 931 149 964 ξενοῧσι
159 954 166 967 ,
180 931 226 959 καὶ
239 930 389 971 παρξιησίαν
402 934 465 969 ἡμῖν
481 931 581 960 διδόασι
601 931 665 971 πρὸς
685 932 728 960 τὸν
743 932 822 960 Θεόν.

91 1074 123 1103 ‘H
150 1075 200 1114 γὰρ
223 1075 386 1113 ἐλεημοσύνη
403 1075 483 1113 τέχνη
511 1075 549 1107 τίς
563 1076 633 1104 ἐστιν
651 1074 745 1114 ἀρίστη
756 1096 763 1110 ,
779 1074 824 1104 καὶ

51 1121 193 1160 προστάτις
202 1124 253 1150 τῶν
265 1121 444 1160 ἐργαζομένων
461 1121 541 1156 αὐτήν
553 1131 559 1136 ·
576 1121 638 1160 φίλη
650 1121 701 1160 γὰρ
712 1123 748 1160 τῷ
761 1123 823 1160 Θεῷ
833 1147 842 1157 „

51 1169 107 1196 ἐστι
117 1189 124 1201 ‚
137 1167 182 1196 καὶ
196 1168 306 1202 πλησίον
319 1167 428 1202 ἕστηκεν
445 1168 522 1196 αὐτοῦ
531 1190 538 1203 ,
553 1166 619 1206 ὑπὲρ
629 1169 664 1195 ὧν
681 1166 711 1195 ἂν
726 1167 822 1205 βούλη-

53 1223 113 1248 ται,
128 1212 239 1244 εὐκόλως
257 1215 365 1242 αἰτοῦσα
378 1213 466 1253 χάριν,
488 1213 566 1251 μόνον
591 1212 621 1241 ἂν
646 1212 682 1250 μὴ
698 1213 822 1247 ἀδικῆται

53 1260 115 1296 παρ’
129 1260 203 1295 ἡμῶν
213 1268 219 1273 ·
236 1259 366 1287 ἀδικεῖται
378 1259 418 1295 δὲ,
433 1259 494 1287 ὅταν
508 1259 534 1291 ἐξ
549 1260 671 1298 ἁρπαγῆς
686 1259 766 1294 αὐτὴν
782 1260 823 1297 ἐρ-

53 1303 210 1342 γαζώμεθα·
235 1305 270 1335 ὡς
292 1304 337 1332 ἐὰν
353 1300 370 1342 ἦ
386 1304 503 1342 καθαρὰ,
519 1306 619 1340 πολλὴν
635 1309 688 1338 τοῖς
704 1305 822 1343 ἀναπέμ-

52 1361 145 1378 πουσιν
163 1349 243 1384 αὐτ-ἠν
260 1349 350 1378 δίδωσι
363 1349 410 1384 τὴν
425 1351 585 1389 παρρησίαν.
599 1351 723 1387 Τοσαύτη
741 1353 822 1386 αὐτῆς

50 1398 67 1430 ἡ
91 1395 164 1434 ἰσχὺς
175 1418 182 1431 ,
202 1395 240 1423 ὅτι
261 1395 305 1423 καὶ
321 1395 386 1433 ὑπὲρ
400 1396 648 1434 προσκεκρουκότων
664 1397 764 1431 δεῖται,
778 1398 822 1426 καὶ

52 1441 118 1480 ὑπὲρ
145 1441 349 1479 ἡμαρτηκότων.
375 1440 447 1475 Αὕτη
475 1441 645 1480 διαῤῥήγνυσι
668 1442 701 1470 τὰ
720 1443 802 1480 δεσμὰ
815 1466 823 1479 ,

51 1487 108 1516 λύει
128 1487 157 1515 τὸ
179 1487 284 1521 σκότος,
299 1486 421 1515 egi-avom
436 1486 465 1515 τὸ
480 1489 531 1525 πῦρ
541 1509 548 1520 ,
572 1489 680 1516 θανατοῐ
692 1488 736 1516 τὸν
751 1488 822 1517 σκώ-

50 1535 137 1567 ληκα,
153 1532 294 1561 ἀπελαύνει
319 1532 362 1560 τὸν
387 1534 438 1560 τῶν
453 1532 563 1561 ὀδόντων
586 1533 718 1571 βρυγμόν“
740 1533 824 1572 ταύτῃ

52 1578 119 1615 μετὰ
135 1579 235 1612 πολλῆς
249 1578 337 1610 ἀδείας
363 1578 510 1616 ἀνοίγονται
525 1580 576 1606 τῶν
591 1580 707 1617 οὐρανῶν
729 1580 756 1607 αἱ
776 1580 825 1608 πύ-

845 180 886 201 CA
894 181 924 202 1¹.

955 181 1014 203 xu.
1552 169 1622 213 4215

882 241 951 270 ditas
975 243 1078 272 transiit
1099 243 1134 272 ad
1157 243 1288 272 inimicos.
1303 244 1384 272 Tales
1399 248 1460 271 sunt
1472 252 1513 270 res
1528 241 1624 270 huma-

882 298 930 316 nae.
945 288 974 316 In
987 289 1057 318 raelis
1067 296 1157 318 autem
1170 289 1238 318 nihil
1247 296 1285 318 est
1295 289 1391 317 borum
1401 288 1475 327 quod
1486 288 1603 317 verearis
1614 299 1620 323 ;

882 343 976 373 nempe
992 345 1023 363 ne
1037 345 1098 364 cuin
1114 336 1162 364 iste
1176 335 1330 369 decesserit,
1346 334 1415 363 alius
1429 334 1517 363 veniat
1532 334 1623 362 inimi-

881 390 940 414 cus,
956 387 980 408 et
997 381 1121 410 succedat
1137 381 1289 410 hereditati.
1310 382 1377 410 Nam
1396 391 1482 419 neque
1496 391 1566 409 mors
1583 387 1622 408 est

882 425 949 461 illic,
966 436 1013 454 nec
1025 427 1192 464 inimicitioe;
1207 427 1262 456 sola
1280 434 1341 455 sunt
1354 433 1507 455 sanctorum
1529 426 1620 455 taber-

881 472 976 501 nacula
993 485 998 500 :
1015 473 1042 501 in
1061 473 1114 502 illis
1127 481 1216 502 autem
1232 474 1329 502 sanctis
1343 480 1381 502 est
1394 473 1547 509 exsultatio,
1558 483 1622 511 gau-

881 519 970 556 dium,
986 520 1078 548 laetitia
1097 532 1103 547 ε
1120 522 1182 548 For
1197 521 1280 555 enim,
1296 519 1384 558 inquit
1396 542 1403 553 ‚
1416 520 1622 548 exsultationis
1636 521 1702 564 Ptal.
1725 528 1777 549 ¹¹7-

880 572 922 594 est
941 568 973 594 in
993 567 1191 595 tabernaculis
1201 569 1359 607 justorum.
1381 566 1450 595 Sunt
1466 573 1573 602 aeterna,
1587 566 1622 593 fi·
1639 559 1673 575 '³‘

880 622 939 640 nem
952 622 1003 640 nou
1018 612 1143 640 habentia
1157 625 1162 640 ε
1177 623 1206 641 ea
1221 620 1340 652 tempore
1352 622 1404 640 non
1419 618 1558 646 corruunt,
1571 622 1623 640 non

881 665 985 686 mutant
997 669 1170 697 possessores,
1183 659 1229 688 sed
1244 666 1313 688 stant
1328 658 1355 687 in
1369 665 1497 698 perpetuo
1511 658 1575 686 ssore
1591 669 1622 686 ac

879 703 972 742 vigore
982 716 989 739 ;
1000 711 1025 733 et
1039 705 1144 734 merito.
1162 706 1222 734 Non
1236 712 1274 734 est
1288 705 1359 734 enim
1374 704 1431 733 illic
1445 704 1548 742 aliquid
1563 714 1622 732 cor-

880 750 1009 789 ruptibile
1021 761 1105 788 neque
1116 751 1271 790 temporale,
1278 750 1324 780 sed
1334 757 1395 779 sunt
1408 750 1498 779 omnia
1513 749 1622 778 immor-

880 796 942 824 talia
957 803 982 824 et
993 796 1158 835 incorrupta.
1174 797 1203 825 In
1220 796 1270 825 boe
1288 796 1432 825 aedificium
1453 794 1624 824 effundamus

879 843 1006 881 pecunias
1024 854 1030 870 τ
1051 853 1103 871 non
1118 843 1202 871 sabris
1215 850 1253 871 est
1267 842 1345 871 nobis
1358 853 1441 882 opus,
1460 852 1512 870 non
1532 852 1624 880 opera-

879 888 925 917 riis
937 900 942 915 :
955 899 1104 927 pauperum
1116 900 1211 917 manus
1224 889 1272 917 bas
1284 888 1354 917 cedes
1367 888 1513 925 aedificant,
1521 886 1622 924 claudi,

879 936 954 971 caeci,
966 936 1054 964 mutili
1070 947 1076 962 z
1089 936 1118 964 hi
1131 936 1191 964 illas
1204 935 1348 964 aedificant.
1362 936 1416 964 Nec
1431 935 1548 971 mireris,
1563 945 1625 963 cum

879 983 958 1010 etiam
979 992 1090 1020 regnum
1109 981 1161 1020 ipsi
1185 982 1261 1010 nobis
1283 981 1436 1017 concilient,
1450 988 1475 1009 et
1487 980 1521 1009 ad
1537 981 1625 1009 Deum

878 1028 942 1056 dent
957 1028 1034 1056 nobis
1049 1027 1189 1057 fiduciam.

920 1074 1097 1112 Eleemosyna
1117 1074 1188 1101 enim
1207 1081 1246 1101 est
1260 1073 1478 1113 praestantissima
1501 1072 1624 1111 quaedam

878 1129 936 1153 ars,
950 1126 976 1147 et
990 1129 1050 1157 qua)
1073 1118 1258 1158 patrocinatur
1283 1118 1320 1147 eis
1340 1119 1388 1156 qui
1410 1125 1532 1147 exercent
1547 1128 1623 1146 eam:

878 1172 917 1193 est
930 1165 1002 1194 enim
1013 1166 1070 1193 Deo
1085 1164 1188 1201 amica,
1201 1171 1226 1192 ct
1239 1174 1343 1203 semper
1360 1164 1384 1192 ei
1406 1174 1489 1203 prope
1506 1171 1560 1200 est,
1576 1174 1625 1203 pro

878 1213 977 1251 quibus
989 1212 1056 1241 velit
1070 1212 1149 1241 facile
1162 1218 1252 1251 petens
1264 1211 1378 1250 gratiam
1388 1233 1396 1249 ,
1413 1211 1435 1240 si
1452 1212 1532 1240 modo
1547 1222 1561 1240 a
1577 1222 1624 1240 no-

877 1259 919 1288 his
934 1259 959 1287 ei
975 1269 1026 1287 non
1042 1259 1089 1287 fiat
1101 1258 1217 1298 injuria3
1233 1258 1263 1286 sit
1278 1265 1367 1286 autem
1381 1280 1389 1293 ‚
1405 1257 1512 1296 quando
1528 1268 1561 1286 ex
1575 1269 1620 1287 ra—
1637 1246 1781 1305 Πξὲῖζῗζᾜζ

877 1305 940 1345 pina
955 1315 1012 1334 eam
1028 1304 1142 1333 facimus
1158 1316 1164 1331 :
1180 1303 1253 1342 quod
1269 1303 1291 1332 si
1310 1304 1345 1332 sit
1359 1314 1426 1343 pura
1445 1314 1476 1332 ac
1502 1304 1603 1332 sincera
1615 1326 1622 1337 ,
1635 1310 1750 1337 improba-

878 1352 990 1380 multam
1000 1350 1048 1379 dat
1059 1349 1186 1378 fiduciam
1197 1350 1229 1378 iis
1239 1350 1284 1388 qui
1294 1360 1401 1378 sursum
1415 1360 1474 1378 eam
1486 1349 1621 1378 emittunt.
1637 1344 1682 1361 ''¹¹''

879 1398 974 1427 Tantae
990 1404 1052 1426 sunt
1066 1397 1123 1436 ejus
1135 1396 1221 1431 vires,
1236 1403 1266 1424 ut
1290 1396 1370 1424 etiam
1386 1406 1435 1435 pro
1455 1396 1488 1425 iis
1505 1403 1627 1435 precetur

879 1444 927 1482 qui
944 1443 1012 1483 lapsi
1028 1449 1089 1472 sunt
1108 1442 1209 1481 quique
1226 1449 1380 1482 peccarunt.
1403 1442 1466 1470 Haec
1485 1442 1628 1481 perfringit

880 1490 989 1518 vincula
1001 1513 1006 1524 ,
1018 1489 1103 1518 solvit
1118 1488 1239 1517 tenebras
1251 1511 1259 1525 ‚
1275 1488 1365 1527 ignem
1378 1488 1542 1527 exstinguit,
1562 1499 1626 1516 ver—

880 1546 950 1564 mem
965 1535 1105 1572 interimit,
1116 1534 1230 1574 expellit
1242 1534 1384 1563 stridorem
1399 1534 1522 1563 dentium
1539 1546 1544 1561 :
1562 1533 1627 1562 huic

882 1591 943 1608 cum
954 1591 1049 1619 magna
1065 1580 1206 1609 securitate
1219 1580 1380 1620 aperiuntur
1394 1587 1476 1619 portae
1489 1580 1626 1610 caelorum.

1046 182 1162 204 nouit..
1195 183 1303 205 X‘x'xu.

465 1677 493 1705 M
501 1677 589 1706 UTIA
595 1677 644 1706 ΝΟ
668 1677 925 1706 SCHOLASTICO
948 1678 1202 1707 INTERPRETE.

53 1763 106 1784 stra
121 1757 245 1785 translata
263 1763 311 1785 est.
326 1756 402 1785 Talis
416 1756 486 1784 enim
499 1763 537 1784 cst
553 1755 732 1784 humanarum
749 1767 837 1784 rerum
852 1757 877 1784 iu
894 1757 943 1785 bac
955 1756 1168 1796 peregrinatione
1183 1756 1310 1785 conditio.
1323 1757 1353 1784 In
1368 1757 1439 1786 caelis
1451 1765 1539 1786 autem
1555 1758 1625 1787 nihil

49 1804 103 1833 tale
112 1803 259 1834 verendum
271 1810 319 1841 est,
336 1814 367 1832 ne
384 1804 462 1840 forte,
477 1803 569 1842 aliquo
582 1803 720 1839 moriente,
734 1804 859 1832 inimicus
878 1804 1003 1832 adveniat
1022 1810 1048 1832 et
1069 1803 1226 1832 hereditatis
1237 1804 1299 1842 jura
1317 1804 1447 1844 suscipiat
1460 1817 1466 1832 :
1480 1805 1536 1834 illic
1553 1805 1625 1834 enim

48 1860 134 1889 neque
147 1861 218 1879 mors
232 1850 286 1878 ulla
301 1850 368 1887 erit,
383 1861 467 1889 neque
483 1851 609 1879 inimicus
624 1850 695 1879 ullus
707 1851 839 1885 exstabit,
859 1850 903 1879 sed
923 1850 1091 1879 tabernacula
1107 1850 1161 1878 sola
1175 1851 1360 1889 justorum.ln
1372 1851 1470 1880 sanctis
1485 1858 1575 1880 autem
1589 1852 1622 1880 il-

48 1897 82 1926 lis
97 1897 241 1926 exsultatio
255 1899 305 1926 erit
322 1904 347 1926 et
369 1896 498 1936 gaudium
517 1905 541 1926 et
555 1897 713 1936 jucunditas
727 1898 887 1937 sempiterna
901 1910 906 1925 :
923 1899 996 1932 Vox,
1020 1897 1124 1936 inquit,
1145 1897 1352 1925 exsultationis
1369 1899 1400 1924 in
1423 1899 1623 1927 tabernaculis

43 1947 201 1984 justorum.
214 1945 321 1974 AEterna
333 1955 446 1984 namque
461 1952 533 1978 sunt,
545 1945 651 1973 nullum
663 1945 790 1974 habentia
805 1946 961 1974 terminum.
974 1946 1028 1974 Ista
1043 1955 1107 1974 vero
1118 1944 1233 1973 aediflcia
1249 1951 1369 1983 tempore
1383 1952 1587 1982 consumuntur,
1596 1953 1622 1975 et

49 1992 215 2031 possidentes
226 1992 341 2021 diversis
350 1992 584 2021 vicissitudinibus
597 2000 702 2022 mutant
716 2005 721 2020 r
736 1993 781 2021 illa
796 2004 859 2022 vero
874 1993 1045 2022 tabernacula
1057 1999 1213 2032 permanent
1228 1992 1255 2020 in
1268 1991 1360 2030 vigore
1376 1999 1515 2031 perpetuo,
1526 1999 1551 2021 et
1561 2004 1622 2022 me-

49 2038 102 2067 rito
114 2052 119 2067 ε
133 2039 201 2068 nibil
211 2039 313 2068 scilicet
323 2039 360 2068 ibi
373 2039 558 2078 corruptibile,
569 2039 637 2068 nibil
651 2050 759 2079 prorsus
773 2040 916 2080 temporale
930 2063 937 2075 ‚
946 2039 991 2069 sed
1007 2046 1102 2068 cuncta
1117 2038 1279 2067 immortalia
1289 2045 1315 2067 et
1326 2038 1454 2067 inviolata
1466 2039 1620 2078 persistunt.

48 2085 79 2114 In
95 2085 153 2114 hzec
171 2086 253 2124 igitur
269 2085 383 2115 aedificia
403 2086 559 2115 studeamus
571 2093 674 2115 nostras
696 2097 826 2115 evacuare
844 2086 980 2126 pecuiiia5‚
995 2097 1043 2116 nec
1055 2086 1147 2122 fabris,
1163 2095 1210 2114 nec
1219 2085 1395 2114 structoribus
1405 2108 1413 2122 ‚
1428 2096 1476 2114 nec
1491 2087 1620 2126 operariis

47 2142 114 2172 opus
127 2132 295 2162 habebimus.
310 2134 407 2162 Manus
423 2143 538 2172 namque
550 2144 699 2173 pauperum
714 2134 779 2162 tales
794 2134 889 2162 domos
901 2133 1050 2170 mdisicant5
1059 2132 1159 2167 claudi,
1169 2132 1242 2167 caeci,
1253 2131 1296 2160 vel
1312 2131 1414 2161 debiles
1426 2132 1470 2161 isti
1484 2140 1558 2171 sunt,
1571 2135 1617 2173 qui

47 2177 140 2207 domos
151 2178 211 2206 illas
221 2178 369 2216 aedificant5
385 2185 409 2207 et
426 2189 478 2207 non
491 2179 606 2213 mireris,
621 2179 754 2218 siquidem
774 2191 820 2219 per
841 2180 905 2209 istos
925 2179 1002 2209 nobis
1019 2186 1044 2208 et
1062 2189 1175 2218 regnum
1195 2178 1296 2207 caeleste
1316 2179 1484 2218 providetur,
1494 2190 1541 2219 per
1552 2179 1617 2210 istos

46 2225 127 2254 etiam
138 2225 268 2254 fiduciam
280 2226 428 2265 accipimus
438 2225 512 2265 apud
524 2227 620 2255 Deum.

86 2273 263 2312 Eleemosyna
278 2273 378 2312 quippe
392 2274 488 2303 artifex
502 2284 598 2312 magna
614 2273 749 2310 consistit,
762 2281 786 2303 et
801 2274 960 2303 auxiliatrix
973 2284 1065 2303 eorum
1081 2274 1127 2312 qui
1151 2273 1230 2302 istam
1246 2273 1374 2302 fiduciam
1390 2274 1491 2303 faciunt
1506 2287 1512 2302 ε
1529 2275 1615 2305 amica

45 2330 161 2358 namque
171 2319 220 2348 Dei
237 2319 376 2354 consistit,
392 2327 417 2348 ct
435 2331 540 2359 semper
557 2320 580 2348 ei
598 2320 748 2360 propinqua
763 2327 801 2349 est
817 2332 823 2348 :
840 2332 889 2357 pro
903 2321 1121 2359 quibuscumque
1144 2320 1284 2358 voluerit,
1304 2320 1383 2349 facile
1405 2321 1497 2359 gratim
1515 2332 1615 2351 munus

45 2368 187 2406 impetrat,
203 2373 306 2394 tantum
321 2365 342 2395 si
357 2377 372 2394 a
389 2366 465 2395 nobis
479 2377 530 2395 non
546 2367 675 2401 laedatur,
692 2367 713 2395 si
731 2367 832 2396 nullam
848 2367 965 2407 patiatur
979 2367 1123 2407 injuriam;
1146 2367 1275 2406 injuriam
1299 2374 1388 2395 autem
1414 2368 1537 2407 patitur,
1552 2379 1614 2398 cum

45 2425 79 2444 ex
94 2413 194 2453 rapinis
210 2424 267 2442 cam
282 2413 407 2443 volumus
422 2414 525 2453 operari
541 2426 547 2442 :
563 2414 585 2442 si
598 2425 660 2443 vero
675 2414 755 2443 suerit
768 2416 884 2453 munda,
895 2426 1021 2454 magnam
1035 2422 1143 2455 prmstat
1153 2414 1342 2444 confidentiam
1350 2415 1535 2444 tribuentibus
1545 2427 1614 2455 eam,

46 2461 188 2490 intervenit
202 2461 281 2489 ctiam
296 2471 344 2499 pro
359 2460 577 2499 delinquentibus
591 2472 597 2488 :
614 2468 686 2490 tanta
701 2468 740 2490 est
754 2462 811 2501 ejus
826 2462 911 2491 virtus
927 2469 1052 2500 tantaque
1064 2462 1191 2501 potentia.
1207 2461 1261 2491 Sed
1277 2462 1356 2490 etiam
1370 2462 1478 2491 vincula
1490 2470 1614 2502 peccato-

48 2519 108 2537 rum
125 2509 179 2548 ipsa
194 2508 336 2544 dissolvit,
351 2509 426 2548 fugat
437 2509 558 2538 tenebras
568 2531 575 2543 ,
592 2509 740 2548 exstinguit
760 2509 849 2548 ignem
862 2532 869 2546 ‚
884 2510 1030 2539 mortificat
1044 2520 1162 2539 vermem
1173 2532 1181 2546 ‚
1196 2509 1307 2549 expellit
1321 2509 1464 2538 stridorem
1478 2509 1610 2540 dentium.

51 2555 119 2584 Huic
130 2566 190 2585 curn
203 2556 289 2584 multa
305 2555 402 2584 fiducia
421 2563 503 2596 porta·
519 2557 576 2585 creti
605 2557 778 2596 aperiuntur,
796 2564 820 2586 et
846 2557 928 2588 veluti
952 2557 1044 2596 regina
1073 2557 1207 2595 intrante,
1223 2556 1314 2586 nullus
1335 2557 1501 2596 janitorum,
1522 2558 1614 2588 nullus

207 2618 280 2637 TOM.
298 2620 352 2637 xit.

1454 2611 1492 2639 98
