1906 2846
124 332 180 352 ,11..Ι.
189 332 224 358 7,,7

115 1209 143 1228 Px
154 1209 179 1228 ιΙ.
204 1209 253 1236 ''t'‘-

280 173 346 218 :isti

276 245 310 273 ris
324 246 337 273 ἰ’
365 255 451 273 aunon
470 255 519 283 pro
545 243 663 281 pecuniis
685 253 711 270 es
732 242 878 279 aliquando
904 252 1013 281 peregre

275 291 406 329 profectus
418 291 431 317 1·
441 299 525 317 :innon
541 288 629 315 onmia
644 287 746 315 curiose
758 287 885 315 scrutaris
896 288 909 314 i‘
924 297 1012 315 annon

240 340 249 360 7
275 335 380 373 quando
390 333 531 369 iuvenci-is,
547 338 609 360 tunc
621 331 734 360 confidis
743 332 756 359 ,Ἴ
767 333 902 369 Quoerite,
911 331 1010 370 inquit,

280 389 305 409 et
322 381 558 409 1'11.2›ni‹111‘s.Nan1
574 390 633 417 qum
645 386 812 417 qtlaeruntur‚
825 389 921 417 magna
939 386 1015 418 egent

615 184 641 204 S.
671 184 751 205 JOAN
760 184 775 205 N
784 184 810 205 ts
836 184 1015 205 CHRYSOST.

1049 184 1063 204 A
1072 183 1201 205 nctuffl‘.
1230 183 1291 205 CON
1299 184 1497 206 'sTvm'l'lxolu

1067 254 1130 271 ποτε
1151 243 1217 282 ὑπὲρ
1232 243 1394 281 χρημάτων,
1410 243 1468 281 οὐχὶ
1488 244 1574 273 πάντα
1590 246 1762 285 περιεργάζῃ;
1780 248 1828 284 οὐχ

1065 290 1126 317 ὅταν
1142 287 1233 326 εὕρῃς,
1253 288 1312 316 τότε
1332 290 1448 327 θαρρεῖς
1463 289 1587 325 Ζητεῖτε,
1601 291 1679 328 φησὶ,
1692 291 1736 320 καὶ
1751 293 1827 330 εὑρή-

1064 345 1132 362 σετε.
1147 334 1190 362 Τὰ
1211 333 1261 372 γὰρ
1289 333 1435 371 ζητούμενα
1457 335 1556 368 πολλῆς
1578 335 1660 364 δεῖται
1684 337 1826 375 μερίμνης,

1065 380 1109 408 καὶ
1133 379 1249 417 μάλιστα
1263 379 1307 407 ἐπὶ
1323 382 1391 408 Θεοῦ
1404 390 1409 396 ·
1427 379 1513 408 πολλὰ
1537 379 1588 418 γὰρ
1609 380 1641 408 τὰ
1663 381 1826 419 κωλύματα,

274 426 454 455 sollieitudine
466 448 473 457 ,
490 426 515 454 in
531 427 586 455 Deo
609 426 727 454 maxime
742 437 748 452 x
765 426 849 454 multa
866 425 936 454 enim
951 433 1012 455 sunt
1031 433 1048 455 C
1064 425 1150 455 πολλὰ
1171 425 1204 453 τὰ
1225 427 1428 461 ἐπισκοτοῦντα,
1451 425 1538 454 πολλὰ
1556 426 1590 455 τὰ
1611 426 1732 464 εἴργονται
1752 430 1827 465 ἡμῶν

271 482 329 509 qua*
351 471 493 509 prohibent
509 494 516 507 ‚
533 471 615 499 multa
630 478 691 499 suut
706 481 764 509 (pite
784 471 927 500 offundunt
942 478 1011 500 tene-

272 518 350 553 bras,
369 517 452 545 multa
474 523 535 545 sunt
559 528 617 554 quse
643 527 748 544 sensum
771 523 892 544 nostrum
909 524 1010 545 arcent.

271 563 346 591 Sicut
361 563 430 591 cuim
446 562 483 590 sol
499 569 537 591 est
556 562 726 597 manifestus,
741 568 766 589 ct
781 561 906 590 omnibus
918 562 945 590 in
961 573 1012 591 me-

270 608 315 636 dio
329 609 504 647 proponitur,
520 619 567 636 nce
588 618 655 646 opus
671 614 708 635 cst
723 614 753 635 ut
764 618 824 635 eum
843 618 1010 646 quaeramus3

270 654 310 682 siu
336 661 423 682 autem
447 665 493 682 uos
510 654 580 692 ipsos
600 653 778 689 infodimus,
794 653 897 682 etiamsi
919 654 1008 682 omnia

271 700 442 736 invertaluus,
458 700 542 727 multo
553 699 643 727 labore
662 698 737 727 nobis
748 709 816 738 opus
830 706 869 727 est
883 706 910 727 ut
925 699 1007 728 solem

270 747 421 774 intueamur
437 758 443 773 :
460 746 495 773 ita
514 746 557 773 hic
572 756 677 784 quoque
689 768 696 782 ,
711 746 734 774 si
754 746 781 774 in
802 746 938 785 profundo
952 757 1008 774 ma-

269 792 355 819 larum
369 791 564 830 cupiditatum,
582 791 604 819 si
619 791 645 819 in
666 791 781 820 tenebris
803 791 886 820 animi
906 799 1010 831 pertur-

269 838 406 866 bationum
422 845 447 866 et
462 849 552 866 rerum
569 838 738 867 saecularium
753 849 801 868 nos
812 838 988 867 infoderimus
999 862 1007 875 ,

268 883 316 910 vix
343 893 449 911 sursum
465 883 673 922 transpicimus,
691 884 740 912 vix
762 884 933 922 emergimus.
954 884 1007 919 Qui

270 935 309 956 cst
325 928 426 957 inferne
440 928 565 966 infossus,
579 940 633 967 quo
647 930 733 968 magis
742 940 848 958 sursum
863 930 1007 969 aspexerit,

267 983 297 1002 eo
311 974 397 1012 magis
412 974 485 1003 venit
495 973 530 1002 ad
545 974 638 1003 solem.
652 975 795 1003 Pulvercm
809 986 871 1013 ergo
887 976 1009 1004 excutia—

267 1029 337 1054 mus,
350 1019 503 1058 impositam
517 1020 659 1059 caligiucm
679 1031 836 1059 rumpamus
854 1031 859 1047 :
877 1019 957 1049 densa
972 1027 1010 1049 est

265 1071 290 1093 et
305 1072 440 1105 compacta
455 1088 462 1101 ‚
480 1076 527 1094 nce
543 1065 606 1094 sinit
622 1076 669 1094 nos
681 1076 787 1094 sursum
797 1066 922 1106 aspicere.
933 1067 1010 1101 Quo-

268 1110 347 1139 modo
360 1117 466 1147 autem,
486 1111 575 1148 inquit
586 1132 594 1145 ‚
610 1111 778 1150 dirumpitur
798 1122 828 1139 ea
854 1111 963 1140 nubes?
980 1111 1008 1140 Si

265 1157 455 1186 attraxerimus
470 1157 559 1185 radios
573 1157 702 1195 spiritalis
717 1157 780 1186 solis
789 1179 798 1193 ‚
810 1157 873 1186 solis
883 1158 1006 1196 justitiae‚

265 1204 287 1233 si
302 1215 396 1233 manus
407 1204 443 1232 ad
458 1204 554 1232 caelnm
563 1204 719 1232 attollamus
730 1216 736 1231 :
747 1205 895 1242 Elevatio,
908 1205 1004 1243 inquit,

266 1261 406 1279 manuum
426 1260 556 1278 mearum
580 1250 759 1289 sacrIficium
783 1253 982 1290 vespertinum
999 1263 1007 1278 :

265 1296 287 1324 si
311 1306 373 1324 cum
400 1295 523 1324 manibus
547 1302 663 1324 mentem
692 1306 796 1334 quoque
825 1297 1007 1325 sustollamus.

1065 472 1112 507 τὴν
1127 472 1256 506 αἴσθησιν.
1270 470 1376 509 ”Ώσπερ
1391 470 1442 509 γὰρ
1465 473 1478 500 ὁ
1498 471 1571 506 ἥλιός
1595 473 1652 500 ἐστι
1675 473 1768 507 δ’ἦλος,
1784 473 1829 501 καὶ

1065 519 1101 550 εἷς
1113 517 1192 556 μέσον
1206 522 1272 546 πᾶσι
1285 517 1438 555 πρόκειται,
1452 516 1497 545 καὶ
1511 519 1539 546 οὗ
1555 517 1666 555 δεόμεθα
1682 521 1727 546 τοῖοΙ
1741 520 1826 553 ζητεῖν

1066 563 1142 592 αὐτόν
1154 575 1160 581 ·
1181 563 1211 591 ἂν
1227 563 1315 601 μέντοι
1332 562 1514 601 κατορύξωμεν
1536 562 1657 598 ἑαυτοὺς,
1671 564 1720 592 κᾶν
1742 564 1829 593 πάντα

1065 609 1296 649 περιστρέφωμεν,
1320 609 1418 637 πολλοῦ
1438 608 1548 646 δεόμεθα
1567 609 1664 645 πόνου,
1678 609 1747 638 ὥστε
1766 611 1828 639 ἷδεῖν

1064 655 1128 694 πρὸς
1138 655 1182 684 τὸν
1193 655 1266 690 ἥλιον
1279 666 1284 672 ·
1295 654 1363 683 οὕτω
1372 654 1404 688 δὴ
1417 654 1462 682 καὶ
1471 656 1591 691 ἐνταῦθα,
1606 654 1652 684 ἐὰν
1663 656 1689 683 ἐν
1703 657 1742 694 τῷ
1756 657 1828 695 βυθῷ

1064 703 1115 730 τῶν
1131 703 1273 738 ἐπιθυμιῶν
1295 703 1346 729 τῶν
1361 701 1481 739 πονηρῶν
1492 723 1499 736 ,
1514 700 1558 729 ἐὰν
1574 701 1600 729 ἓν
1614 702 1652 740 τῷ
1673 700 1759 740 σκότῳ
1775 703 1828 730 τῶν

1063 748 1154 775 παθῶν
1169 746 1214 775 καὶ
1228 749 1280 775 τῶν
1295 747 1426 784 βιωτικῶν
1447 746 1610 785 πραγμάτων
1627 747 1827 786 κατορύττωμεν

1064 791 1183 828 ἑαυτοὺς,
1201 792 1276 830 μόλις
1290 792 1480 830 διαὸλέπομεν,
1495 792 1570 829 μόλις
1585 792 1778 830 ἀνακύπτομεν.
1793 792 1827 821 ‘O

1063 839 1136 868 κάτω
1149 838 1394 877 κατορωρυγμένος,
1410 838 1464 877 ὅσῳ
1477 837 1506 866 ἂν
1527 838 1581 866 ἅνω
1598 838 1697 876 βλέπῃ,
1712 838 1827 877 τοσούτῳ

1062 884 1127 923 πρὸς
1142 883 1185 912 τὸν
1204 884 1278 918 ἥλιον
1297 883 1412 923 ἔρχεται.
1431 883 1660 921 Ἀποτινοιξώμεθα
1681 883 1767 912 τοίνυν
1783 884 1826 912 τὸν

1027 943 1045 965 1)
1062 933 1125 970 χοῦν
1138 953 1145 966 ‚
1169 930 1358 969 ἀναῤῥηξωμεν
1379 929 1427 965 τὴν
1450 929 1617 967 ἐπικειμένην
1643 932 1707 967 ἡμῖν
1728 929 1825 969 ἀχλύν·

1062 976 1148 1011 πυκνή
1163 976 1201 1008 τίς
1217 978 1273 1004 ἔστι
1288 977 1334 1005 καὶ
1356 975 1483 1014 στεγανὴ,
1499 975 1544 1004 καὶ
1559 977 1606 1004 οὐκ
1628 975 1735 1014 ἀφίησιν
1758 978 1830 1013 ἡμᾶς

1063 1022 1221 1060 ἀναὲλέψαι.
1238 1021 1290 1050 Καὶ
1305 1023 1360 1054 πῶς
1378 1021 1581 1060 διαρρήγνυται,
1597 1021 1692 1059 φησὶν,
1704 1023 1721 1056 ἡ
1733 1021 1829 1060 νεφέλη

1064 1067 1130 1101 αὕτη
1140 1066 1221 1102 ;Ἐὰν
1231 1066 1441 1104 ἕπισπασώμεθα
1452 1069 1497 1095 τοῦ
1507 1069 1601 1101 νοητοῦ
1612 1066 1688 1101 ἡλίου
1697 1066 1743 1099 τὰς
1755 1068 1830 1096 ἀκτῖ-

1063 1125 1118 1148 νας,
1131 1115 1176 1141 τοῦ
1187 1113 1262 1147 ἡλίου
1274 1114 1320 1146 τῆς
1333 1112 1507 1147 δικαιοσύνης,
1521 1112 1565 1140 ἐὰν
1577 1111 1623 1144 τὰς
1634 1117 1725 1152 χεῖρας
1735 1114 1772 1144 εἷς
1786 1112 1830 1141 τὸν

1063 1158 1171 1196 οὐρανὸν
1195 1158 1312 1198 αἴρωμεν
1324 1169 1329 1175 ·
1345 1157 1492 1195 Ἔπαρσις,
1507 1157 1585 1195 φησὶ,
1599 1159 1651 1186 τῶν
1666 1160 1762 1197 χειρῶν
1779 1170 1828 1196 μου

1064 1204 1138 1233 θυσία
1160 1204 1285 1242 ἑσπερινή
1296 1216 1301 1221 ’
1322 1204 1366 1232 ἐὰν
1382 1203 1449 1241 μετὰ
1470 1205 1521 1231 τῶν
1535 1204 1632 1242 χειρῶν
1647 1203 1693 1230 καὶ
1713 1203 1757 1231 τὸν
1772 1207 1829 1232 νοῦν

1064 1249 1249 1287 ἀναλάὲωμεν.
1261 1249 1332 1277 Ἴστε
1346 1249 1370 1276 οἱ
1389 1247 1555 1285 μεμυημένοι
1568 1247 1594 1275 τί
1607 1247 1677 1285 λέγω
1691 1259 1697 1264 ·
1710 1248 1782 1287 τάχα
1802 1249 1829 1277 δὲ

1063 1295 1107 1323 καὶ
1124 1294 1311 1332 ἐπιγινώσκετε
1328 1294 1358 1322 τὸ
1371 1293 1464 1331 λεχθὲν
1474 1316 1481 1328 ,
1495 1293 1541 1321 καὶ
1555 1298 1680 1332 συνορᾶτε
1694 1293 1759 1332 ὅπερ
1772 1296 1829 1333 ᾐνι-

264 1340 346 1369 Scitis
359 1351 419 1378 quac
429 1340 491 1369 dico
504 1363 512 1377 ,
529 1351 577 1369 vos
589 1341 634 1378 qui
651 1341 787 1380 mysteriis
802 1341 863 1369 estis
885 1341 983 1369 initiati
999 1353 1006 1369 :
1026 1349 1045 1370 Α
1063 1340 1156 1378 ξᾶμην.
1172 1340 1334 1377 Ἐπάρωμεν
1348 1340 1383 1371 εἷς
1397 1338 1461 1377 ὕψος
1474 1337 1520 1373 τὴν
1536 1338 1662 1367 διάνοιαν.
1677 1334 1746 1368 Οἶδα
1759 1340 1828 1368 πολ-

264 1386 374 1415 fortasse
385 1386 542 1425 cognoscitis
564 1385 638 1424 quod
659 1386 762 1414 dictum
783 1393 838 1423 cst,
856 1387 1007 1426 perspicitis

263 1431 335 1470 quod
347 1432 424 1460 tacite
439 1432 527 1462 innui:
542 1433 657 1461 Sursum
676 1432 799 1460 tollamus
823 1439 940 1460 nostram
956 1443 1004 1461 co-

263 1477 429 1515 gitationem.
441 1477 511 1506 Novi
523 1488 570 1516 ego
581 1478 679 1506 multos
690 1478 763 1505 viros
775 1488 788 1505 a
797 1484 865 1506 terra
876 1478 930 1506 sere
938 1488 1006 1517 pen-

262 1523 353 1551 dentes
366 1545 375 1559 ,
391 1530 416 1551 ct
433 1523 503 1551 ultra
524 1523 634 1551 modum
661 1534 754 1551 manus
773 1523 942 1552 extendentes
954 1547 962 1561 ‚
980 1531 1006 1553 et

263 1578 332 1606 :egre
346 1569 458 1597 serentes
471 1568 542 1606 quod
557 1579 608 1597 non
624 1569 751 1597 sublimes
765 1569 824 1597 fieri
840 1569 961 1608 possint,
977 1577 1003 1598 et

262 1614 298 1642 ita
314 1620 450 1652 precantes
465 1624 526 1642 cum
542 1624 637 1653 magna
649 1614 730 1642 animi
743 1614 889 1643 alacritate.
899 1615 944 1644 Sic
955 1626 1002 1644 vos

262 1659 323 1688 volo
339 1670 443 1698 semper
456 1670 526 1695 esse3
543 1660 582 1688 sin
598 1670 649 1688 non
660 1670 764 1699 semper
777 1683 783 1697 ,
801 1660 894 1689 saltem
909 1671 994 1700 saepe:

1061 1386 1120 1418 λοὺς
1135 1386 1231 1423 ἄνδρας
1245 1384 1297 1423 ἐγὼ
1307 1408 1314 1420 ,
1329 1384 1422 1423 σχεδὸν
1435 1383 1619 1424 κρεμαμένους
1630 1383 1683 1413 ἀπὸ
1701 1386 1749 1420 τῆς
1765 1386 1827 1424 γ’ἥς,

1060 1432 1105 1460 καὶ
1120 1431 1187 1469 πέρα
1202 1433 1246 1459 τοῦ
1268 1430 1364 1469 μέτρου
1387 1429 1433 1463 τὰς
1455 1433 1548 1469 χεῖρας
1567 1429 1749 1463 ἀνατείνοντας
1758 1453 1767 1465 ,
1781 1431 1827 1459 καὶ

1060 1479 1224 1515 ἀθυμοῦντας
1244 1476 1284 1505 ὅτι
1307 1476 1343 1513 μὴ
1366 1476 1474 1504 δυνατὸν
1490 1477 1714 1514 μετεωρισθῆναι,
1725 1475 1771 1504 καὶ
1785 1474 1828 1504 οὔ·

1058 1535 1110 1555 τως
1129 1523 1285 1562 εὐχομένους
1306 1521 1373 1560 μετὰ
1393 1521 1548 1561 προθυμίας.
1562 1521 1656 1554 Οὕτως
1675 1523 1744 1559 ὑμῗίς
1758 1516 1826 1549 εἶναι

1058 1569 1187 1607 βούλομαι
1199 1568 1240 1597 ἀεί
1252 1580 1257 1586 ·
1271 1569 1294 1596 εἷ
1309 1568 1335 1596 δὲ
1347 1568 1384 1606 μὴ
1401 1568 1455 1603 ἀεὶ,
1472 1567 1520 1597 κᾶν
1532 1568 1671 1601 πλεονάκις
1683 1579 1689 1585 ·
1705 1569 1727 1596 εἷ
1745 1567 1772 1597 δὲ
1787 1566 1823 1605 μὴ

1057 1615 1212 1650 πλεονάκις,
1225 1614 1273 1643 κᾶν
1290 1614 1420 1652 ὀλιγάκις,
1437 1614 1485 1642 κᾶν
1501 1615 1526 1642 ἐν
1541 1619 1599 1646 ταῖς
1621 1615 1753 1649 ἑωθιναῖς,
1774 1613 1823 1642 κᾶν

1057 1663 1082 1690 ἐν
1098 1665 1156 1693 ταῖς
1172 1662 1330 1699 ἑσπεριναῖς.
1348 1660 1416 1689 Εἰπὲ
1429 1660 1480 1699 γάρ
1495 1671 1552 1698 μοι,
1570 1659 1694 1688 ἐκτείνειν
1707 1659 1754 1692 τὰς
1767 1663 1822 1697 χεῖ-

686 1773 860 1802 MUTIANO
883 1773 1134 1802 SCHOLASTICO
1159 1772 1413 1801 INTERPRETE.

261 1869 426 1909 perrexisti?
440 1869 542 1908 Nempe
556 1879 605 1908 pro
620 1870 740 1909 pecuniis
756 1877 849 1899 cuncta
865 1871 969 1899 curiose
983 1871 1132 1910 perquiris,
1147 1881 1243 1910 nempe
1257 1880 1317 1898 cum
1337 1880 1380 1899 eas
1396 1869 1544 1906 inveneris,
1562 1877 1625 1898 tunc
1641 1870 1776 1899 confidens
1789 1881 1819 1899 ac

259 1916 426 1955 praesumtior
446 1916 569 1944 efficeris.
586 1917 731 1955 Quoerste,
747 1917 835 1956 inquit
848 1940 855 1953 ‚
875 1925 903 1947 et
925 1920 1087 1947 invenietis.
1113 1918 1180 1953 Quae
1199 1925 1357 1956 quaeruntur
1378 1917 1466 1954 enim,
1484 1917 1569 1945 multa
1593 1927 1655 1945 cura
1678 1927 1746 1956 opus
1766 1917 1818 1945 lia-

260 1963 322 1992 bent
334 1986 342 1998 ‚
359 1964 476 1992 maxime
491 1964 518 1992 in
533 1975 611 1994 causa
627 1965 676 1994 Dei
690 1978 696 1994 :
710 1966 794 1994 multa
807 1966 907 2005 quippe
925 1973 986 1995 sunt
1002 1966 1193 2006 impedientia,
1211 1966 1294 1994 multa
1315 1964 1484 2005 prohibentia
1499 1987 1509 2000 ,
1527 1964 1612 1993 multa
1629 1964 1819 1994 obumbrantia

259 2011 423 2039 intellectum
444 2018 574 2040 nostrum.
594 2012 669 2041 Sicut
684 2013 756 2041 enim
770 2012 810 2041 sol
823 2019 862 2042 cst
876 2013 987 2051 quidem
999 2014 1086 2042 clarus
1098 2036 1106 2051 ,
1124 2021 1148 2042 et
1161 2014 1187 2042 in
1200 2013 1319 2042 medium
1333 2012 1436 2041 cunctis
1451 2012 1603 2051 propositus
1615 2034 1625 2050 ‚
1639 2019 1664 2041 et
1684 2022 1737 2041 non
1751 2022 1819 2051 opus

258 2057 388 2086 habemus
405 2069 465 2086 eum
485 2069 621 2096 quaerere;
635 2059 658 2087 si
672 2069 734 2088 vero
748 2060 922 2099 nosmetipsos
932 2060 958 2088 in
971 2060 1144 2088 inferioribus
1160 2059 1352 2088 obumbramus
1364 2082 1371 2093 ,
1385 2069 1416 2086 ac
1432 2058 1455 2086 si
1474 2058 1573 2096 ubique
1586 2068 1635 2087 nos
1653 2058 1816 2087 circumver-

259 2115 347 2133 semus
360 2127 367 2139 ,
382 2105 468 2134 multo
479 2105 570 2134 labore
587 2116 654 2145 opus
665 2106 840 2141 babebimus,
860 2113 888 2135 ut
901 2107 984 2135 solem
1003 2107 1095 2135 videre
1107 2107 1240 2146 possimus
1253 2118 1260 2133 t
1272 2107 1310 2135 sic
1324 2113 1349 2135 et
1367 2106 1393 2134 in
1414 2105 1464 2134 hac
1487 2115 1577 2140 causa,
1591 2105 1613 2134 si
1635 2105 1661 2134 in
1684 2105 1818 2144 profundo

261 2149 439 2188 cupiditatum
451 2150 585 2179 malarum
598 2173 606 2188 ,
619 2151 642 2179 si
655 2151 681 2179 in
697 2151 813 2180 tenebris
825 2152 978 2191 passionum
988 2174 996 2189 ‚
1011 2159 1036 2180 et
1050 2153 1223 2181 saecularibus
1234 2153 1313 2181 rebus
1326 2152 1470 2180 obruamus
1485 2151 1670 2190 nosmetipsos,
1684 2151 1733 2180 vix
1743 2157 1818 2190 potc-

261 2196 344 2225 rimus
365 2197 456 2226 oculos
474 2198 590 2237 aperire,
612 2198 659 2226 vix
680 2199 856 2238 respicimus,
874 2199 924 2228 vix
945 2199 1087 2229 intuemur.
1108 2200 1161 2235 Qui
1183 2200 1210 2228 in
1232 2199 1403 2228 inferioribus
1422 2199 1534 2227 obrutus
1554 2198 1644 2235 fuerit,
1667 2205 1767 2236 quanto
1784 2198 1818 2226 ad

260 2243 395 2281 superiora
407 2243 529 2282 quisquis
543 2244 673 2281 intendit,
692 2251 766 2273 tanto
780 2245 980 2284 appropinquat
993 2245 1028 2274 ad
1043 2246 1134 2274 solem.
1154 2245 1332 2274 Excutiamns
1351 2244 1434 2283 igitur
1459 2244 1598 2283 pulverem
1608 2266 1615 2279 ‚
1630 2243 1818 2283 dirumpamus

260 2292 469 2330 superjacentem
484 2298 508 2320 et
523 2291 720 2331 imprimentem
733 2302 780 2320 nos
792 2292 917 2320 nebulam
933 2305 939 2321 ε
956 2292 1037 2321 densa
1048 2293 1159 2331 quidem
1174 2300 1212 2321 est
1229 2299 1254 2321 et
1270 2300 1342 2321 arcta
1355 2315 1362 2326 ,
1374 2299 1397 2320 et
1409 2302 1460 2320 non
1475 2302 1523 2320 nos
1534 2291 1664 2330 permittit
1678 2291 1817 2330 inspicere.

261 2336 295 2365 Et
309 2337 443 2375 quomodo
456 2337 639 2377 dirumpitur,
654 2338 758 2377 inquis,
774 2338 831 2367 haze
843 2338 926 2367 nubes
940 2339 954 2366 Ξ)
965 2339 994 2368 Si
1009 2340 1044 2367 ad
1061 2349 1109 2368 nos
1133 2339 1299 2368 attrahamus
1320 2337 1410 2366 radios
1430 2337 1493 2366 solis
1515 2336 1637 2376 justitiae.
1661 2337 1818 2372 Elevatio‚

261 2381 345 2420 inquit
357 2405 364 2418 ,
382 2394 522 2412 manuum
535 2394 665 2412 mearum
675 2385 852 2424 sacrificium
863 2387 1071 2423 vespertinum.
1084 2386 1152 2414 Cum
1164 2385 1289 2414 manibus
1300 2384 1380 2413 etiam
1391 2391 1506 2412 mentem
1519 2383 1664 2413 elevemus.
1679 2382 1760 2412 Scitis
1771 2383 1818 2420 qui

262 2428 358 2457 imbuti
375 2429 436 2457 estis
448 2452 455 2465 ,
470 2430 600 2468 quidnam
614 2430 746 2466 arbitror,
763 2431 837 2470 quod
860 2432 1010 2471 agnoscatis
1030 2433 1102 2471 quod
1117 2433 1236 2468 dicitur,
1252 2439 1277 2461 et
1292 2431 1389 2461 videtis
1409 2430 1476 2470 quid
1496 2429 1657 2469 Significavi.
1675 2429 1818 2458 Elevemus

263 2473 288 2500 in
309 2473 393 2501 altum
414 2482 527 2503 mentem
550 2483 678 2505 nostram.
697 2477 769 2506 Novi
785 2478 875 2517 plures
889 2478 962 2507 viros
985 2489 1033 2517 ego
1045 2502 1052 2515 ‚
1065 2489 1132 2518 pene
1147 2478 1291 2518 pendentes
1305 2489 1339 2506 ex
1352 2484 1422 2506 terra
1442 2488 1523 2516 supra
1537 2475 1647 2505 modum
1659 2498 1666 2512 ,
1682 2482 1708 2504 et
1722 2485 1817 2504 manus

261 2519 429 2548 extendentes
438 2542 446 2557 ,
465 2528 490 2549 et
503 2522 666 2552 exanimatos
676 2546 684 2561 ‚
701 2524 763 2562 quia
777 2534 830 2553 non
845 2531 957 2564 possunt
971 2525 998 2553 in
1013 2536 1101 2554 aerem
1111 2524 1252 2565 suspendi,
1264 2531 1289 2553 et
1302 2534 1362 2552 cum
1378 2530 1448 2552 tanta
1461 2522 1597 2552 alacritate
1610 2528 1724 2552 orantes.
1740 2522 1780 2550 lta
1792 2528 1818 2550 et

262 2574 308 2593 vos
323 2575 376 2592 esse
389 2564 510 2595 desidero
524 2578 642 2607 semper-3
655 2570 715 2598 etsi
730 2581 782 2599 non
797 2581 913 2610 semper,
935 2571 1027 2602 saltem
1041 2572 1138 2610 saepius
1147 2583 1159 2608 ;
1174 2571 1197 2600 si
1211 2580 1263 2599 non
1278 2570 1373 2609 saepius
1388 2569 1430 2599 vel
1444 2568 1618 2608 plerumque,
1632 2567 1675 2597 vel
1685 2567 1712 2596 in
1727 2573 1818 2596 matu-
