1906 2846
217 183 285 223 3234
550 192 579 214 s.
608 191 748 214 sommis
775 189 956 212 cumsosr.
987 191 1143 212 Ancuffir.
1172 190 1441 214 CONSTANTlNOP.

215 254 272 282 lum
293 253 398 282 vultum
414 252 510 280 intueri
533 263 538 277 :
561 261 648 279 annon
661 257 794 289 oporteret
808 260 869 278 cum
883 250 955 278 omni
1009 251 1054 278 καὶ
1065 250 1176 289 νυμφίον
1188 252 1214 280 ἐν
1226 252 1344 290 οὐρανοῖς
1359 252 1495 290 ἀμφότερα
1509 252 1586 288 ὄντα,
1601 252 1667 281 ὥστε
1681 252 1717 291 μὴ
1730 253 1778 290 μό-

215 300 352 328 alacritate
364 299 446 327 animi
460 298 548 326 omnia
562 297 717 336 suscipere?
732 298 832 335 Regem
845 296 956 334 quidem
1009 308 1050 324 νον
1066 295 1261 331 καταξιωθῆναι
1277 297 1339 326 ἰδεῖν
1351 319 1360 333 ,
1374 298 1442 325 ἀλλὰ
1454 297 1498 325 καὶ
1512 301 1685 336 προηγεῖσθαι
1700 301 1778 328 αὐτοῦ

216 354 350 375 terrenum
373 352 401 372 ut
423 344 510 372 solum
524 342 676 380 videamus,
692 353 761 382 saepe
774 353 834 381 quae
850 349 913 371 sunt
927 343 954 371 in
962 364 1000 382 ,ΠΟ
1011 341 1077 378 μετὰ
1087 342 1234 379 λαμπάδων
1243 363 1250 376 ,
1264 342 1309 371 καὶ
1321 342 1395 381 ἐγγὺς
1407 344 1484 371 αὐτοῦ
1498 337 1573 378 εἶναι,
1583 343 1627 371 καὶ
1641 344 1779 376 διαπαντὸς

216 391 341 419 manibus
359 389 406 418 etsi
427 388 574 416 necessaria
595 388 738 427 abjicimus
754 400 760 416 :
782 388 841 416 caeli
865 394 957 416 autem
973 392 992 414 Α
1009 383 1076 417 εἶναι
1094 389 1151 426 μετ’
1166 389 1259 424 αὐτοῦ,
1278 388 1303 416 τί
1319 389 1366 416 οὐκ
1380 388 1432 417 ἔδει
1447 393 1547 424 ποιεῖν’,
1559 388 1585 417 τί
1603 387 1630 416 δὲ
1646 389 1674 417 οὐ
1690 389 1778 427 πράτ-

216 437 315 474 Regem
329 441 353 462 et
367 433 490 462 eumdem
505 444 641 473 sponsum,
655 440 686 462 ut
698 443 751 462 nou
765 433 853 462 solum
863 432 957 462 videre
1009 445 1077 469 τειν;
1093 433 1118 462 τί
1133 433 1159 462 δὲ
1173 435 1221 472 οὐχ
1232 433 1386 472 ὑπομένειν;
1400 434 1461 470 Διὸ,
1473 434 1621 473 παρακαλῶ
1631 457 1638 469 ,
1653 432 1778 471 λάὸωμέν

215 480 346 518 digneris,
371 479 419 508 sed
439 480 518 508 ctiam
534 479 670 519 praecedas
693 489 755 508 cum
770 479 954 518 lampadibus»,
1009 492 1068 508 τινα
1087 479 1167 508 πόθον
1183 479 1287 508 ἐκείνων
1302 482 1353 509 τῶν
1369 482 1489 519 ἀγαθῶν,
1509 480 1666 518 ποθῆσωμεν
1682 481 1779 508 ἐκεῖνον

216 533 241 554 et
253 525 288 554 sis
300 536 383 565 prope
395 525 496 565 ipsum,
510 532 535 554 et
547 532 676 565 perpetuo
686 525 723 554 sis
736 535 798 554 cum
810 525 877 564 ipso,
890 524 958 563 quid
1009 525 1052 553 τὸν
1067 525 1193 564 νυμφίον,
1217 520 1288 563 ὦμεν
1309 526 1433 565 παρθένοι
1447 526 1494 561 τὴν
1515 527 1599 561 ἀληθῆ
1621 524 1778 565 παρθενίαν·

216 581 268 600 11011
277 578 408 610 oporteret
416 571 523 599 facere?
537 570 603 608 quid
614 581 666 599 non
677 581 766 609 agere,
776 570 843 608 quid
854 580 905 599 non
916 577 956 599 to-
1010 571 1056 606 τὴν
1074 571 1125 610 γὰρ
1139 574 1186 607 τῆς
1204 573 1290 610 ψυχῆς
1304 571 1445 610 παρθενίαν
1468 573 1584 606 ἐπιζητεῖ
1603 574 1616 600 ὁ
1632 570 1777 606 Δεσπότης.

215 618 323 646 lerare?
340 617 405 646 Ideo
425 628 489 656 rogo
502 628 550 646 vos
566 617 706 657 capiamus
721 617 830 656 aliquod
846 617 957 646 illorum
1010 618 1087 647 Μετὰ
1098 618 1194 652 ταύτης
1209 618 1366 656 εἰσέλθωμεν
1379 619 1414 651 εἰς
1428 618 1472 647 τὸν
1484 618 1606 656 οὐρανὸν,
1622 617 1658 655 μὴ
1675 617 1779 656 ἔχοντες

215 663 349 692 bonorum
359 662 721 699 desiderium,desideremus
729 663 807 692 illum
818 674 956 702 sponsum,
1010 665 1116 700 σπῖλον,
1140 664 1157 699 ἢ
1172 664 1275 703 ῥυτίδα,
1295 664 1311 698 ἤ
1331 676 1356 692 τι
1371 666 1423 692 τῶν
1443 663 1582 700 τοιούτων,
1605 663 1647 692 ἵνα
1663 663 1708 692 καὶ
1725 664 1776 691 τῶν

215 709 300 738 simus
312 720 373 738 vera
385 709 542 748 virginitate
555 710 674 748 virgines
687 721 693 737 :
705 710 801 738 animae
813 710 885 738 enim
899 710 957 739 vir·
1009 710 1210 749 ἐπηγγελμένων
1230 713 1294 748 ἡμῖν
1309 711 1413 748 ἀγαθῶν
1428 709 1594 748 ἐπιτύχωμεν
1604 721 1610 727 ·
1629 704 1666 737 ὧν
1678 708 1779 748 γένοιτο

216 755 354 793 ginitatem
376 755 488 793 requirit
511 756 652 784 Dominus.
672 756 742 784 Cum
764 767 794 784 ea
818 756 845 784 in
862 756 959 784 caelum
1011 756 1110 789 πάντας
1123 758 1194 795 ἡμᾶς
1209 760 1366 795 μετασχεῖν,
1377 755 1468 795 χάριτι
1482 755 1526 784 καὶ
1539 754 1730 795 φιλανθρωπίᾳ.

216 801 356 837 intremus,
380 811 428 830 nec
449 801 597 830 habeamus
617 802 751 831 maculam
773 808 820 830 aut
841 812 956 840 rugam,

215 852 262 874 aut
275 846 379 884 aliquid
392 847 548 886 hujusmodi
562 859 568 875 t
580 855 610 877 ut
623 859 798 887 assequamur
810 848 881 877 bona
896 858 958 887 pro-

216 891 313 920 missa:
328 903 387 931 quae
401 892 481 922 detur
495 893 572 923 nohis
589 895 713 933 consequi
732 893 818 933 gratia
830 900 856 922 et
875 893 955 922 beni-

215 944 326 976 gnitate.

636 1045 812 1074 MUTIANO
835 1044 1089 1074 SCHOLASTICO
1111 1043 1364 1073 INTERPRETE.

211 1134 268 1173 ejus
280 1133 376 1164 faciem
390 1135 508 1163 contueri
523 1147 530 1163 ε
545 1144 632 1164 nonne
647 1134 801 1164 debueratis
813 1145 876 1163 cum
889 1135 963 1163 omni
977 1134 1113 1164 alacritate
1125 1141 1221 1164 cuncta
1234 1134 1392 1174 suscipere?
1406 1134 1601 1173 Imperatorem
1614 1134 1642 1163 in
1653 1140 1723 1163 terra
1734 1134 1774 1164 vi-

210 1179 305 1209 demus
316 1187 341 1209 et
354 1180 522 1209 admiramur
534 1193 540 1208 :
556 1191 618 1210 cum
633 1188 722 1210 autem
735 1188 760 1209 et
773 1182 966 1220 Imperatorem
980 1180 1108 1210 videbitis
1121 1181 1202 1210 simul
1217 1187 1242 1209 et
1256 1191 1398 1221 sponsum,
1416 1180 1502 1209 multo
1519 1179 1637 1219 amplius
1651 1180 1776 1208 alacriter

208 1226 312 1255 debetis
325 1226 449 1256 universa
462 1226 583 1255 facienda
597 1227 740 1266 suscipere.
757 1228 835 1256 Certo
849 1227 999 1266 cognoscite
1012 1227 1085 1265 quod
1097 1227 1148 1256 ista
1163 1234 1266 1256 terrena
1281 1227 1376 1255 umbra
1389 1232 1452 1254 sunt
1471 1239 1477 1254 :
1492 1226 1539 1254 illa
1554 1226 1663 1262 veritas,
1678 1225 1774 1254 videre

207 1273 401 1312 Imperatorem
409 1280 435 1302 et
449 1284 578 1312 sponsum
590 1274 617 1302 in
629 1274 712 1311 caelis,
726 1281 751 1302 et
764 1274 854 1313 dignae
868 1274 927 1302 fieri
941 1285 1002 1302 eum
1016 1274 1166 1313 praecedere
1178 1285 1240 1302 cum
1251 1272 1432 1313 lampadibus,
1449 1279 1475 1300 et
1483 1273 1562 1311 juxta
1574 1272 1665 1311 ipsum
1674 1281 1738 1308 esse,
1749 1278 1777 1300 et

207 1330 269 1348 cum
282 1320 328 1349 illo
342 1327 469 1360 perpetuo
483 1331 646 1360 permanere.
663 1321 739 1357 Quid
751 1331 799 1350 vos
812 1331 864 1349 non
879 1328 1001 1360 oporteat
1018 1322 1114 1358 faeere,
1129 1320 1195 1359 quid
1214 1331 1265 1349 non
1280 1330 1369 1359 agere,
1386 1319 1453 1358 quid
1465 1329 1519 1348 non
1533 1320 1670 1348 tolerare?
1684 1319 1776 1349 Obse-

207 1376 253 1395 cro
265 1366 359 1405 igitur,
371 1373 401 1395 ut
411 1367 574 1406 accipiamus
584 1367 611 1396 in
623 1374 737 1396 mentem
748 1374 865 1396 nostram
874 1367 1008 1396 bonorum
1017 1367 1181 1396 desiderium
1194 1367 1362 1395 futurorum:
1374 1366 1593 1405 concupiscamus
1603 1366 1680 1395 illum
1691 1376 1774 1406 spon-

206 1423 268 1441 sum
284 1412 435 1442 efficiamur
454 1413 583 1451 virgines,
590 1423 653 1442 vera
675 1413 829 1452 virginitate
849 1413 965 1442 decorati
979 1425 985 1440 :
999 1413 1094 1441 animae
1114 1413 1214 1452 quippe
1225 1413 1409 1452 virginitatem
1422 1412 1556 1441 Dominus
1567 1423 1582 1441 a
1593 1413 1670 1442 nobis
1681 1413 1775 1452 inqui-

207 1459 251 1488 rit.
262 1459 331 1487 Cum
343 1459 394 1488 hac
406 1459 591 1498 ingrediamur
602 1459 630 1488 in
643 1459 749 1496 caelum,
762 1466 792 1488 ut
804 1470 857 1488 non
866 1459 1012 1488 habeamus
1023 1459 1157 1487 maculam
1168 1460 1212 1488 vel
1221 1470 1318 1498 rugam
1328 1459 1371 1488 vel
1382 1458 1486 1497 aliquid
1496 1459 1664 1498 hujusmodi,
1676 1467 1706 1488 ut
1713 1470 1775 1499 per—

208 1506 350 1546 cipiamus,
365 1506 434 1535 bona
450 1517 509 1544 quae
523 1506 656 1546 promissa
669 1513 731 1535 sunt
745 1518 751 1534 z
766 1517 825 1544 quae
837 1517 885 1535 nos
902 1517 995 1536 omnes
1012 1506 1147 1546 contingat
1159 1506 1273 1546 adipisci
1283 1507 1368 1546 gratia
1381 1513 1407 1535 et
1420 1506 1559 1535 clementia
1568 1507 1678 1535 Domini
1692 1507 1777 1536 nostri

208 1554 271 1582 Jesu
285 1553 395 1590 Christi,
407 1564 468 1582 cum
482 1564 534 1591 quo
547 1552 620 1582 Patri
634 1553 728 1592 gloria,
740 1563 792 1582 una
805 1563 865 1582 cum
880 1560 971 1582 sancto
987 1553 1105 1592 Spiritu,
1119 1554 1275 1593 imperium,
1290 1554 1387 1592 honor,
1401 1564 1472 1582 nunc
1486 1560 1511 1582 et
1525 1564 1637 1593 semper,
1649 1561 1675 1583 et
1687 1554 1713 1582 in
1726 1564 1775 1583 sae-

209 1600 269 1629 cula
287 1601 455 1631 saeculorum.
470 1602 562 1630 Amen„
