1906 2846
132 528 225 547 Crucem

101 559 157 579 scire
173 558 213 577 deli
210 564 238 577 nc-

102 597 150 609 111115
161 593 184 608 ut

100 621 202 639 Christus

102 651 159 671 tulit.

97 1485 237 1508 loono-23.

255 178 323 220 ,538
587 184 615 205 5.
644 183 782 206 smmis
809 183 988 205 cuiu'sosT.

254 249 395 288 participes
402 256 502 275 511111115.
517 244 544 273 Si
557 255 619 283 crgo
632 254 682 272 nou
694 244 859 283 improperii,
870 244 916 272 scd
929 254 988 271 san-

253 293 419 322 ctificationis
437 301 528 319 511111115
546 289 705 328 participes,
724 288 916 338 improperium
932 295 989 317 erat

253 350 329 366 taust
351 335 588 365 simtilicatiouis:
604 345 665 362 nam
684 340 711 362 ut
735 334 791 372 ipse
816 334 867 362 suit
889 333 988 372 probro

1021 183 1175 206 tuentur.
1205 184 1330 207 CONSTA
1338 185 1471 208 NTtxoi‘.

1044 245 1113 277 Θείας
1145 245 1298 283 μετέχομεν.
1330 246 1361 274 lii
1384 245 1468 273 τοίνυν
1495 248 1542 275 οὖν.
1562 248 1724 285 ὁνειδισμοῧ,
1747 249 1803 276 ἀλλ’

1043 290 1174 328 ἇγιασμου
1188 302 1236 328 μετ
1239 290 1344 329 ε’]ουιεν,
1360 292 1398 319 ὁ
1387 292 1531 329 ονειδισμὸς
1550 294 1594 320 τοῦ
1616 293 1745 331 ἁγιασμοῧ
1760 294 1803 322 αἴ-

1043 347 1111 364 τιον·
1126 336 1245 376 καθαπερ
1259 336 1308 375 γὰρ
1326 336 1400 368 αυτὸς
1415 337 1463 366 ὡνε
1468 337 1551 372 ιδίσῦη
1562 359 1569 370 ,
1582 337 1649 366 οὕτω
1660 339 1731 367 καὶρ
1718 344 1804 376 ημεῖς.

251 384 377 414 asset-‚tus
393 382 428 409 ita
445 392 491 409 1105
504 391 618 418 quoquc.
635 380 663 408 Si
679 389 740 418 crgo
755 379 911 416 exierimus,
927 391 986 408 cum
998 400 1032 417 50³
1040 379 1086 409 Αν
1101 381 1158 414 ἐξέ)
1160 385 1244 418 Οωμεν
1255 394 1308 418 ουν,
1319 385 1491 411 κοινωνοῦμεν
1504 384 1583 421 αὐτῷ.
1592 383 1656 411 Γί
1642 383 1670 411 οέ
1683 386 1738 412 ἐστι
1749 397 1804 413 τοι-

251 440 280 457 co
295 429 394 457 enimus
411 428 560 467 participes.
577 426 650 461 Quid
664 433 701 454 cst
716 433 819 462 autem,
837 427 987 455 Eaeamus
1006 429 1024 449 Α
1043 438 1096 462 νυν,
1108 426 1166 460 [ἦξε
1157 427 1258 466 ργώμε
1249 431 1294 456 Οα
1309 428 1372 466 πρὸς
1388 428 1659 466 αὖτόν;1(οινωνι)υ.εν
1672 429 1742 457 αὐτῶ
1755 441 1805 458 των

251 476 291 503 ad
308 477 426 513 11151111ιὲ
440 474 530 501 Simus
545 472 686 511 participes
698 472 755 509 ejus
771 471 987 510 perpessionnm,

251 519 366 547 seramus
378 519 435 557 ejus
449 516 664 556 iniptoperium:
681 526 733 543 11011
752 515 822 544 enim
837 516 892 544 sine
910 526 988 544 causa

252 575 342 604 passus
358 571 396 592 est
415 570 488 591 extra
504 570 622 602 portam,
636 561 682 590 scd
702 568 731 589 ut
745 572 792 589 nos
808 572 914 599 quoque
927 572 989 590 cru-

251 621 306 638 cem
322 611 377 648 ejus
392 610 507 637 seramus
517 630 523 640 ,
541 614 564 635 ct
580 617 733 635 maneamus
746 613 820 635 extra
837 606 968 635 mundum
981 629 988 644 ‚

249 663 274 684 ct
297 656 333 684 ibi
358 665 509 694 pertimuere
529 653 691 682 studeamus.
714 653 789 681 Sicut
816 653 860 681 ille
883 653 990 692 probris

249 701 422 741 appetebatur
437 708 571 737 tamquam
587 698 794 735 condemnatus,
809 699 845 727 ita
862 709 908 727 nos
923 710 990 737 quo-

250 758 309 785 que.
326 748 364 775 Et
376 757 428 784 per
441 748 531 784 ipsum
548 746 709 783 offeramus
725 746 788 773 Deo
803 746 988 784 sacrificium.

252 792 395 827 Quodnam
419 791 485 819 dicit
508 790 692 818 saei-ilicium?
718 791 778 829 Ipse
802 791 989 829 interpretatus

251 845 289 866 est
314 837 419 871 dicens,
446 838 588 865 Fructum
617 837 761 865 labiorum
789 837 990 876 confitentium

252 887 362 914 nomini
383 887 444 924 ejus
454 907 461 921 ,
476 884 527 912 hoc
542 891 597 919 est,
619 894 726 923 prece5‚
740 884 870 922 hymnos,
886 885 989 923 gratia-

250 942 308 959 runi
323 930 452 959 actionem
465 942 472 967 3
489 930 535 958 illa
550 930 620 958 enim
635 937 696 958 sunt
716 930 818 958 fructus
841 930 986 959 labiorum.

249 976 290 1005 llli
306 976 451 1004 offerebant
473 986 552 1010 0VCS,
573 975 654 1004 boves
675 982 700 1003 et
723 975 835 1011 vitulos,
851 982 876 1003 et
889 976 989 1004 dabant

248 1022 378 1050 sacerdoti
395 1033 401 1049 :
415 1032 461 1050 nos
475 1027 563 1049 autem
577 1021 644 1049 1111111
658 1021 754 1049 horum
767 1022 923 1057 offeramus,
943 1021 988 1049 sed

248 1068 395 1106 gratiarum
412 1067 542 1096 actionem
552 1089 559 1103 ‚
574 1073 599 1095 et
623 1067 650 1094 in
665 1067 805 1103 omnibus,
827 1067 915 1104 quoad
930 1067 987 1095 fieri

249 1120 348 1152 potest,
366 1113 465 1141 Christi
478 1113 654 1141 imitationem
670 1124 675 1139 :
690 1112 741 1141 boc
755 1113 901 1151 germinent
914 1113 988 1141 labra

249 1166 346 1187 nostra.
369 1159 574 1197 Beneficentioe
591 1165 617 1186 et
636 1161 871 1197 participationis
900 1160 989 1188 nolite

249 1206 380 1233 oblivisci
395 1216 402 1231 .-
420 1205 528 1232 talibus
541 1207 617 1232 enim
631 1205 731 1233 hostiis
743 1205 881 1243 placatur
895 1206 986 1234 Deus.

249 1252 349 1279 Demus
362 1251 386 1279 ei
400 1250 451 1279 hoc
465 1250 625 1278 sacrificium
635 1274 642 1286 ,
661 1257 690 1279 ut
705 1251 797 1279 offerat
814 1251 885 1279 Patri
903 1263 908 1277 :
923 1251 989 1279 alias

248 1296 319 1324 enim
337 1306 387 1324 non
410 1296 575 1329 offeruntur,
593 1295 643 1323 nisi
666 1306 715 1334 per
739 1296 852 1331 Filium,
874 1296 917 1324 vel
939 1307 989 1334 po-

250 1341 304 1369 tius
339 1352 384 1380 per
414 1351 460 1369 cor
483 1340 638 1369 contritum.
663 1341 726 1369 Haec
747 1342 835 1369 omnia
859 1341 897 1369 sic
919 1341 989 1369 dixit

249 1393 358 1426 propter
375 1386 523 1414 imbecillos
547 1386 681 1414 auditores
705 1398 710 1413 :
733 1393 771 1414 est
788 1386 858 1414 enim
881 1386 987 1425 perspi-

249 1442 331 1460 cuum
345 1432 415 1470 quod
438 1432 500 1460 Filii
515 1432 548 1460 sit
561 1432 645 1470 gratia
664 1444 669 1458 ε
685 1432 803 1469 alioquin
826 1431 896 1459 euim
920 1442 988 1469 quo-

250 1478 330 1507 modo
343 1485 381 1506 est
396 1478 481 1506 honor
496 1478 605 1516 aequalis
615 1478 628 1505 ἶ)
648 1479 683 1506 Ut
700 1488 807 1511 omnes,
825 1477 925 1515 inquit,
938 1479 988 1505 ho-

251 1530 353 1552 norent
372 1525 499 1557 Filium,
517 1525 590 1551 sicut
607 1524 751 1551 honorant
773 1524 905 1551 Patrem.
929 1523 987 1551 Nisi

249 1569 398 1608 glorificato
418 1570 496 1597 Patre
524 1568 688 1607 glorificetur
714 1575 738 1596 et
762 1568 862 1605 Filius,
882 1568 928 1596 ubi
951 1575 988 1597 est

249 1615 334 1643 honor
345 1615 453 1653 aequalis
464 1615 477 1642 ?
494 1614 628 1650 Quoniam
649 1614 750 1642 fructus
773 1614 909 1642 labiorum
921 1625 987 1643 con-

248 1662 382 1689 fitentium
401 1660 501 1690 nomini
520 1661 576 1699 ejus
600 1667 637 1688 est
662 1660 809 1698 gratiarnm
830 1661 899 1689 actio
923 1671 988 1700 pro-

249 1714 307 1745 pter
320 1707 407 1735 omnia
421 1713 444 1735 et
456 1717 484 1734 ea
498 1716 555 1744 quae
570 1716 618 1744 pro
630 1706 706 1734 nobis
718 1717 810 1745 passus
825 1713 863 1734 est
878 1718 883 1734 τ
898 1707 987 1735 omnia

1043 476 1142 508 παθῶν,
1157 473 1276 511 φέρωμεν
1291 474 1368 502 αὐτοῦ
1382 474 1424 502 τὸν
1438 474 1582 511 ὀνειδισμόν
1595 486 1600 491 ·
1613 475 1641 502 οὗ
1651 473 1702 513 γὰρ
1716 475 1806 507 ἁπλῶς

1043 518 1091 551 ἔξω
1104 519 1188 554 πύλης
1211 519 1314 554 ἔπαθεν,
1332 519 1390 548 ἀλλ’
1402 519 1445 548 ἵνα
1469 520 1514 548 καὶ
1537 523 1613 558 ἡμεῖς
1629 520 1671 548 τὸν
1695 521 1806 559 σταυρὸν

1044 565 1122 593 αὐτοῦ
1137 564 1262 604 αἴρωμεν,
1278 565 1322 594 καὶ
1343 565 1391 598 ἔξω
1409 565 1509 602 κόσμου
1532 565 1661 603 μένωμεν,
1675 565 1719 594 καὶ
1741 561 1806 594 εἶναι

1043 611 1240 647 σπουδάζωμεν.
1254 610 1358 650 Ἵὶσπερ
1373 607 1415 639 οὖν
1432 612 1528 644 ἐκεῖνος
1542 611 1688 645 ὠνειδίζετο
1710 613 1745 644 ὡς
1760 623 1807 639 κα-

1043 657 1162 691 totamm,
1174 656 1241 684 οὕτω
1263 656 1308 684 καὶ
1323 660 1408 694 ἡμεῖς.
1422 657 1475 685 Καὶ
1490 657 1522 685 δι’
1538 658 1617 686 αὐτοῦ
1635 656 1725 685 θυσίαν
1742 657 1807 685 ἀνα-

1045 702 1163 741 φέρωμεν
1177 704 1215 741 τῷ
1231 704 1302 741 Θεῷ.
1317 701 1401 730 Ποίαν
1415 701 1441 730 δὲ
1457 701 1546 730 θυσίαν
1559 701 1646 740 >ti-(523
1661 703 1744 734 Αὐτὸς
1759 704 1808 740 ἡρ-

1045 748 1158 785 μήνευσε
1181 747 1273 786 λέγων,
1297 748 1405 787 Καρπὸν
1427 747 1535 786 χειλέων
1556 747 1750 785 ὁμολογούντων
1769 749 1807 786 τῷ

1044 793 1153 831 ὀνόματι
1178 795 1271 822 αὐτοῦ·
1295 794 1439 829 τουτέστιν,
1462 793 1555 832 εὐχὰς,
1571 793 1681 831 ὕμνους,
1701 795 1807 833 εὔχαρι-

1045 839 1133 868 ortona·
1154 843 1236 868 ταῦτα
1258 839 1309 879 γὰρ
1327 842 1378 868 τῶν
1401 839 1509 878 χειλέων
1532 842 1545 868 ὁ
1569 839 1678 879 καρπός.
1694 839 1805 868 Ἐκεῖνοι

1044 886 1202 925 προσέφερον
1218 886 1354 925 πρόίατα,
1371 897 1499 924 μοσχους,
1514 886 1558 914 καὶ
1578 886 1696 914 ἐδίδοσαν
1709 887 1747 925 τῷ
1766 887 1806 914 ἱε-

1046 944 1098 971 ρει
1119 935 1194 970 ἡμεῖς
1219 931 1246 960 δε
1271 931 1351 969 μηδὲν
1376 931 1472 960 τούτων
1497 931 1725 987 προσενέγκωμεν,
1748 932 1807 960 ἀλλ

1044 977 1222 1017 εὖγαριστίαν,
1238 989 1283 1005 και
1296 976 1343 1012 τὶν
1363 978 1389 1005 ἐν
1403 981 1495 1013 πᾶσιν,
1516 979 1550 1009 ὡς
1564 973 1616 1006 οἷόν
1639 989 1682 1012 τε,
1695 976 1806 1014 μίμησιν

1043 1027 1088 1052 τοῦ
1103 1025 1233 1062 Χριστου·
1247 1026 1322 1051 τοῦτο
1338 1023 1536 1061 βλαστησάτω(
1522 1025 1599 1060 ημῶν
1611 1022 1644 1051 τὰ
1654 1022 1740 1061 χείλη.
1750 1023 1808 1058 Τῆς

1044 1069 1160 1101 εὐποιίας
1174 1069 1219 1097 καὶ
1238 1069 1373 1100 κοινωνίας
1391 1068 1427 1106 μὴ
1446 1068 1662 1097 ἐπιλανθάνεσθε·
1674 1067 1807 1100 τοιαύταις

1043 1114 1093 1153 γὰρ
1109 1114 1208 1146 θυσίαις
1225 1115 1402 1152 εὐαρεστεῖται
1416 1116 1428 1142 ὁ
1441 1114 1516 1145 Θεός.
1532 1115 1636 1151 Δῶμεν,
1652 1113 1732 1152 φησὶ,
1748 1125 1806 1142 τοι-

1043 1160 1123 1194 αύτην
1140 1161 1209 1198 αὐτῷ
1231 1159 1333 1195 Θυσίαν,
1355 1159 1396 1188 ἵνα
1413 1159 1537 1197 ἀνενέγκῃ
1553 1161 1590 1197 τῷ
1606 1158 1706 1198 Πατρί·
1721 1159 1806 1191 ἄλλως

1042 1205 1092 1245 γὰρ
1105 1206 1151 1234 οὐκ
1164 1206 1335 1244 ἀναφέρεται,
1348 1204 1377 1232 ἂν
1393 1204 1429 1241 μὴ
1450 1204 1492 1232 διὰ
1511 1206 1556 1232 τοῦ
1572 1205 1650 1232 Υἷοῧ·
1666 1205 1764 1241 μᾶλλον
1780 1204 1807 1233 δὲ

1042 1251 1086 1279 καὶ
1101 1251 1143 1279 διὰ
1154 1251 1261 1289 καρδίας
1275 1248 1506 1287 συντετριμμένης.
1522 1248 1616 1277 Πάντα
1627 1251 1711 1277 ταῦτα
1726 1248 1807 1282 οὕτως

1042 1291 1098 1324 εἷπε
1111 1296 1152 1324 διὰ
1160 1296 1217 1328 τοὺς
1228 1295 1411 1334 ἀσθενέστερον
1421 1294 1599 1331 διακειμένους
1607 1294 1646 1322 ἔτι
1653 1296 1705 1323 τῶν
1713 1295 1807 1334 ἀκροα-

1042 1344 1093 1369 τῶν
1107 1353 1112 1358 ·
1128 1342 1185 1369 ἐπεὶ
1204 1341 1242 1369 ὅτι
1265 1343 1309 1369 τοῦ
1325 1341 1388 1368 Υἰόῧ
1407 1341 1477 1368 ἐστιν
1489 1342 1505 1374 ἡ
1520 1339 1614 1379 χάρις,
1635 1341 1728 1375 δῆλον·
1748 1340 1806 1369 ἐπεὶ

1042 1388 1099 1419 πῶς
1113 1389 1167 1415 ἐστι
1189 1386 1252 1424 τιμὴ
1268 1387 1328 1421 'lo-43
1342 1385 1402 1414 Ἵνα
1422 1386 1533 1423 πάντες,
1551 1385 1628 1424 φησὶ,
1642 1388 1741 1423 τιμῶσι
1763 1386 1806 1415 τὸν

1044 1432 1115 1467 Υἷὸν,
1130 1432 1214 1464 καθὼς
1228 1433 1326 1469 τιμῶσι
1340 1431 1383 1460 τὸν
1398 1431 1517 1470 Πατέρα.
1532 1432 1567 1460 Ei
1588 1430 1624 1469 μὴ
1639 1433 1685 1460 τοῦ
1702 1431 1808 1470 Πατρὸς

1043 1477 1212 1515 δοξαζομένου
1221 1477 1266 1506 καὶ
1278 1479 1290 1505 ὃ
1300 1477 1363 1510 Υἱὸς
1373 1477 1554 1510 συνδοξάζεται
1564 1499 1571 1513 ‚
1581 1480 1631 1506 ποῦ
1641 1476 1685 1512 ἴση
1696 1479 1712 1512 ἡ
1727 1477 1806 1515 τιμή;

1043 1523 1153 1558 Επειδὴ
1178 1523 1278 1562 καρπὸς
1298 1523 1407 1562 χειλέων
1430 1524 1519 1561 ὃμολο
1517 1522 1624 1561 (οὗντων
1638 1524 1675 1561 τῷ
1699 1522 1807 1561 ὀνόματι

1043 1571 1120 1598 αυτοῦ
1133 1569 1162 1598 τὸ
1180 1569 1258 1608 χάριν
1281 1581 1351 1608 αυτῳ
1374 1568 1485 1605 εἷδέναι,

1042 1627 1104 1650 των,
1116 1626 1160 1642 και
1172 1614 1237 1652 ὓπερ
1248 1616 1283 1641 ὢν
1297 1614 1330 1641 δι
1343 1616 1413 1651 ἡμᾶς
1424 1612 1518 1641 ἔπαθε·
1532 1613 1618 1641 πάντα
1632 1612 1751 1651 φέρωμεν
1764 1613 1807 1642 εὖ-

1499 1579 1643 1602 τουτεσῒῑν,
1657 1567 1723 1607 υπΞρ
1737 1579 1807 1597 παν·

1041 1660 1187 1700 7mpirsroeg‚
1202 1660 1250 1688 κᾶν
1266 1658 1359 1694 πενία,
1373 1658 1420 1687 κᾶν
1438 1658 1511 1692 νόσος
1523 1662 1556 1697 ᾐ,
1572 1658 1621 1687 κᾶν
1643 1660 1729 1687 ὃτιουν
1749 1670 1806 1686 ετε-

1044 1718 1101 1746 ρον·
1122 1706 1155 1734 τὰ
1170 1705 1221 1745 γὰρ
1235 1709 1298 1742 ἡμῖν
1314 1704 1479 1743 συμφέροντα
1494 1704 1570 1736 αὐτὸς
1593 1699 1644 1733 οἶδε
1664 1703 1751 1742 μόνος·
1767 1703 1807 1732 Τὸ

668 1819 843 1848 MUTIANO
865 1818 1116 1848 SCHOLASTICO
1138 1817 1387 1846 INTERPRETE.

250 1911 387 1940 veritatem
403 1911 596 1949 participamur
610 1922 615 1937 :
631 1911 653 1937 si
668 1919 730 1948 ergo
745 1919 796 1937 non
811 1911 1002 1949 improperium
1012 1933 1020 1945 ,
1036 1910 1081 1939 sed
1101 1911 1190 1949 potius
1204 1909 1439 1938 sanctificationem
1454 1908 1657 1948 participamur,
1672 1908 1808 1948 imprope-

249 1959 321 1987 rium
335 1958 403 1986 illud
421 1957 638 1986 sanctificationis
652 1964 692 1985 est
707 1967 784 1985 causa
801 1969 806 1985 :
821 1956 889 1985 sicut
904 1957 974 1985 enim
990 1957 1046 1997 ipsc
1061 1957 1255 1996 improperium
1276 1956 1417 1993 sustinuit,
1433 1956 1471 1984 sic
1491 1956 1571 1985 etiam
1586 1966 1642 1985 nos.
1657 1955 1771 1984 Proinde
1785 1956 1806 1983 si

249 2004 417 2044 egredimur,
434 2003 628 2043 participamur
642 2014 703 2031 cum
718 2013 757 2031 eo.
773 2002 847 2039 Quid
864 2009 952 2031 auten]
967 2009 1005 2031 est
1020 2004 1092 2040 quod
1109 2004 1175 2031 dicit
1187 2015 1193 2030 :
1204 2004 1402 2042 Egrediamur
1413 2004 1454 2030 ad
1466 2003 1550 2031 illum
1561 2005 1573 2029 Ρ
1589 2002 1721 2032 Videlicet
1735 2013 1806 2031 com-

249 2052 416 2080 municemus
431 2061 491 2079 cum
508 2061 538 2079 co
553 2050 701 2090 passiones,
721 2057 858 2090 portemus
872 2050 929 2089 ejus
950 2049 1121 2089 improperia.
1140 2050 1201 2078 Non
1216 2051 1285 2077 enim
1303 2049 1462 2087 simpliciter
1475 2057 1549 2078 extra
1568 2056 1674 2089 portam
1691 2060 1806 2079 conver-

249 2099 301 2126 sari
316 2109 363 2127 nos
375 2097 473 2137 jussit,
489 2096 535 2126 sed
549 2097 617 2126 sicut
630 2097 674 2126 1110
689 2097 850 2136 improperia
862 2097 1022 2131 sustinebat,
1037 2096 1117 2125 sicuti
1130 2096 1322 2124 condemnatus
1338 2101 1394 2131 est,
1410 2095 1448 2123 sic
1460 2095 1539 2123 etiam
1551 2106 1606 2124 nos.
1620 2097 1661 2124 Et
1669 2106 1722 2134 per
1734 2106 1807 2131 eum,

251 2145 352 2184 inquit,
369 2145 547 2182 sacrificium
568 2144 721 2184 offerimus
737 2145 809 2173 Deo.
826 2144 911 2179 Quale
932 2143 1095 2172 sacrificium
1112 2142 1202 2172 dicit?
1218 2144 1371 2179 Fructum,
1387 2142 1491 2180 inquit,
1505 2143 1650 2172 labiorum
1665 2143 1806 2183 confiten-

252 2195 324 2221 tium
340 2195 450 2221 nomini
464 2194 535 2232 ejus.
554 2192 597 2220 Illi
612 2192 759 2220 offerebant
773 2192 904 2231 pecudes,
919 2191 1038 2226 vitulos,
1056 2198 1081 2220 et
1103 2191 1204 2220 dabant
1218 2190 1358 2230 pontifici:
1371 2201 1418 2218 nos
1438 2197 1526 2219 autem
1541 2190 1611 2219 1111111
1624 2190 1723 2220 horum
1738 2191 1807 2220 offe-

252 2240 352 2277 rimus,
379 2239 424 2268 sed
446 2239 530 2268 solam
551 2238 698 2277 gratiarum
713 2239 865 2267 actionem:
882 2239 950 2267 hanc
971 2238 1043 2266 labia
1068 2245 1157 2267 nostra
1181 2237 1338 2277 germinent.
1367 2238 1508 2273 Taltbus,
1527 2237 1630 2276 inquit,
1655 2238 1808 2277 sacrificiis

250 2287 388 2325 placatur
402 2287 492 2315 Deus
508 2286 610 2313 Demus
631 2285 673 2313 illi
692 2285 773 2313 talem
792 2285 925 2321 hostiam,
942 2291 971 2313 ut
985 2284 1066 2313 etiam
1081 2284 1138 2324 ipse
1151 2295 1208 2313 eam
1223 2285 1315 2312 offerat
1330 2283 1423 2312 Pani:
1438 2260 1516 2312 alitei·
1529 2291 1618 2312 autem
1631 2294 1683 2313 non
1697 2285 1808 2313 offertur

253 2333 304 2362 11151
319 2344 366 2372 per
379 2333 496 2369 Filium,
511 2332 597 2371 magis
613 2338 701 2360 autem
717 2332 796 2360 ctiam
814 2343 861 2371 pe1
884 2339 998 2361 mentem
1016 2332 1167 2361 contritam.
1188 2331 1285 2360 Omnia
1306 2331 1363 2360 haec
1387 2338 1496 2370 p1opter
1517 2331 1648 2361 infirmos.
1663 2332 1732 2361 Nam
1745 2332 1808 2370 quia

255 2380 317 2408 Filii
333 2387 371 2408 est
385 2380 484 2418 gratia,
502 2379 671 2407 manifestum
686 2385 723 2407 est
739 2390 745 2405 :
762 2378 879 2416 alioquin
895 2379 1028 2417 quomodo
1050 2378 1136 2407 honor
1151 2378 1197 2406 ille
1209 2377 1318 2416 aequalis
1334 2378 1395 2406 est?
1412 2379 1450 2406 Ut
1466 2388 1580 2415 omnes,
1597 2378 1702 2416 inquit,
1717 2379 1808 2406 hono-

256 2427 368 2466 rificent
383 2427 509 2462 Filium,
525 2428 599 2454 sicut
615 2425 811 2464 honorificant
828 2426 958 2453 Patrem.
978 2425 1033 2454 Ubi
1049 2432 1087 2454 est
1101 2436 1164 2464 ergo
1178 2424 1264 2453 honor
1283 2424 1410 2462 aequalis,
1427 2424 1449 2452 si
1471 2424 1568 2452 similis
1584 2434 1636 2453 non
1651 2431 1688 2453 est
1700 2424 1714 2453 Ρ
1728 2426 1808 2454 Fru—

256 2481 348 2511 ctum,
367 2473 469 2511 inquit,
487 2473 630 2500 labiorum
651 2471 853 2508 confitentium
869 2473 980 2499 nomini
1004 2473 1075 2511 ejus.
1093 2473 1192 2500 Omnia
1215 2471 1356 2499 toleremus
1377 2481 1438 2498 cum
1454 2470 1601 2509 gratiarum
1613 2470 1735 2508 actione,
1752 2471 1809 2501 sive

259 2527 398 2559 paupertas
412 2520 461 2556 sit,
475 2520 531 2548 sive
547 2519 679 2558 ecgritudo
689 2542 696 2556 ,
718 2519 774 2548 sive
789 2518 921 2557 quidquid
936 2518 1010 2547 aliud
1031 2519 1109 2548 nobis
1133 2519 1220 2548 evenit
1235 2531 1241 2546 ε
1256 2519 1313 2557 ipse
1331 2518 1403 2547 solus
1421 2517 1556 2556 agnoscit,
1569 2517 1640 2556 quod
1655 2518 1732 2547 nobis
1745 2530 1808 2558 pro-

259 2566 325 2595 dest,
347 2567 424 2603 Quid
438 2568 511 2594 enim
529 2577 654 2601 oremus,
669 2566 774 2604 inquit,
792 2568 816 2594 si
830 2568 904 2594 sicut
929 2573 1038 2603 oportet
1054 2568 1203 2594 nescimus.
1220 2565 1274 2600 Qui
1296 2575 1357 2602 ergo
1380 2574 1463 2602 neque
1487 2574 1561 2593 orare
1583 2565 1708 2594 novimus
1731 2566 1805 2604 quod
