1886 2846
471 168 503 190 tx
533 168 639 190 EPIST-

93 229 161 260 ἀλλὰ
180 230 224 259 καὶ
243 230 287 260 ἐπὶ
308 231 345 269 τῷ
369 230 412 258 διὰ
437 233 483 259 τοῦ
507 231 572 258 Υἱοῧ
594 232 670 258 τοῦτο
694 231 862 268 γεγενῆσθαι·

92 276 105 293 '²
115 276 160 306 καὶ
182 277 234 316 γὰρ
249 276 318 306 οὕτω
332 276 362 304 τὸ
385 276 453 314 μέγα
468 277 550 314 δῶρον
567 277 654 314 μεῖζον
674 275 814 315 γεγένηται
827 276 864 314 τῷ

94 323 137 352 διὰ
158 325 203 352 τοῦ
218 324 292 352 Υῐοῧ.
308 322 401 352 Εἰπὼν
416 322 484 362 γὰρ,
497 322 638 351 Ἐκάθισεν
660 323 686 350 ἐν
703 321 788 361 δεξιᾷ,
811 321 865 357 καὶ,
882 327 898 350 B

93 369 265 409 Καθαρισμὸν
281 370 314 398 δι’
340 371 433 398 ἑαυτοῦ
456 368 634 407 ποιησάμενος
654 369 706 396 τῶν
728 369 864 407 ἁμαρτιῶν

94 416 182 453 ἡμῶν,
197 415 243 444 καὶ
258 415 411 454 ἀναμνήσας
427 418 472 444 τοῦ
485 417 613 454 σταυροῦ,
625 414 730 454 ταχέως
747 414 790 443 τὸν
805 413 866 452 περὶ

95 463 143 496 τῆς
155 461 324 494 ἀναστάσεως
338 461 383 490 καὶ
399 463 445 496 τ’ἧς
464 461 622 500 ἀναλήψεως
635 460 711 499 λόγον
734 459 864 498 ἐπήγαγε.

96 506 150 536 Καὶ
165 507 214 548 ὅρα
234 507 282 543 τὴν
298 507 401 536 σύνεσιν
419 509 497 536 αὐτοῦ
522 506 569 542 τὴν
589 506 700 546 ἄφατον·
716 507 763 535 οὐκ
786 501 867 541 εἶπεν,

96 553 235 589 ἐκελεύσθη
247 553 369 583 καθίσαι·
386 554 453 588 ἀλλ’,
470 552 619 582 Ἐκάθισεν.
636 548 702 582 Εἶτα
715 551 806 587 πάλιν,
823 551 867 580 ἵνα

97 599 136 638 μὴ
161 599 272 639 νομίσῃς
288 600 365 630 αὐτον
386 600 510 636 ἑστάναι,
534 599 642 638 ἐπάγεν
665 598 726 627 Τι’νι
749 598 800 638 γὰρ
815 600 866 627 τῶν

98 645 217 684 ἀγγέλων
232 641 289 675 εἰπέ
303 659 383 682 ποτε,
398 646 478 675 κάθου
495 647 524 674 ἐκ
541 645 630 678 δεξιῶν
646 656 712 683 μου;
726 645 852 674 Ἐκάθισε
860 668 867 681 ,

97 704 186 731 φησιν,
210 694 237 722 ἐν
264 693 337 732 δεξιᾷ
360 695 407 728 τῆς
434 692 654 731 μεγαλωσύνης’
644 704 670 720 εν
692 693 809 731 ὑψηλοῖς.
832 691 868 721 Τι’

97 739 177 775 ἐστιν,
193 738 240 767 Ἐν
258 740 384 778 ὑψηλοῑς;
400 741 436 771 εἷς
450 738 530 768 τόπον
553 738 698 778 περικλείει
719 738 762 766 τὸν
783 739 868 774 &HM

96 783 195 823 Ἄπαγε
204 796 210 802 ·
220 785 269 824 οὐχ
282 785 325 814 ἵνα
340 788 415 814 τοῦτο
427 785 645 823 ὑποπτεύσωμεν,
659 784 740 817 οὕτως
752 785 854 824 εἴρηκεν
862 796 868 802 ·

95 830 154 859 ἀλλ’
165 829 256 871 ὥσπερ
271 830 362 866 εἰπὼν,
374 830 420 860 Ἐν
433 831 517 871 δεξιᾷ,
529 833 575 860 οὔκ
590 831 770 870 ἐσχημάτισεν
781 831 868 865 αὐτὸν,

95 876 165 906 ἀλλὰ
178 877 209 906 τὸ
219 876 347 915 ὁμότιμον
365 876 446 910 ἔδειξε
460 877 490 906 τὸ
504 877 569 916 πρὸς
583 877 626 906 τὸν
643 877 769 917 Πατέρα·
788 877 869 910 οὕτως

96 922 189 960 εἰπὼν,
203 923 250 953 Ἐν
261 925 387 963 ὑψηλοῖς,
399 924 446 953 οὐκ
458 924 613 954 ἀπέκλεισεν
628 925 705 953 αὐτὸν
719 925 788 960 ἐκεῖ,
802 924 869 952 ἀλλὰ

96 969 203 998 πάντων
216 969 311 1004 ἔδειξεν
327 970 497 1009 ὑψηλότερον,
512 970 557 998 καὶ
570 970 656 998 πάντα
671 970 870 1009 ὑπεραναὸεὸη-

97 1014 175 1044 κότα·
189 1015 285 1044 ὡσανεὶ
300 1015 399 1054 ἔλεγεν,
415 1017 451 1048 εἷς
463 1015 539 1044 αὐτὸν
555 1015 651 1054 ἔφθασε
665 1014 709 1043 τὸν
721 1015 810 1053 θρόνον
825 1015 868 1044 τὸν

96 1061 236 1100 πατρικόν.
249 1061 358 1100 εὨσπερ
382 1056 426 1090 οὖν
449 1063 463 1089 ὃ
477 1060 576 1099 Πατὴρ
601 1061 628 1088 ἐν
653 1062 777 1099 ὑψηλοῖς,
801 1061 869 1090 οὕτω

95 1118 141 1135 και
156 1107 246 1140 αὐτός·
262 1110 279 1142 ἡ
294 1107 347 1147 γὰρ
370 1106 491 1146 συνεδρίαι
506 1106 607 1136 οὗδενὲ
592 1129 603 1135 e
606 1118 680 1145 τερον
695 1106 866 1143 δείκνυσιν,τ
851 1107 867 1141 ἢ

95 1152 126 1182 τὸ
139 1153 274 1192 ὁμότιμον.
290 1154 353 1183 Εἰ
339 1153 366 1184 οε
382 1153 512 1192 λέγουσιν,
533 1152 574 1182 ὅτι
569 1155 662 1201 ωεῖπε,
678 1153 781 1188 Καθου,
800 1153 867 1193 ε’ρώ-

97 1203 166 1237 μεθα
189 1201 297 1234 αὐτούς·
319 1200 346 1229 τί
367 1203 424 1236 οὐν;
441 1201 537 1229 ἑστῶτι
545 1203 654 1258 jlffivi
670 1199 740 1228 Ἀλλ’
764 1201 812 1229 οὐκ
837 1200 868 1228 ἂν

96 1248 180 1288 ἔχοιεν
197 1247 288 1281 δεῖξαι.
301 1245 403 1280 Ἄλλως
419 1246 446 1275 δὲ
468 1246 514 1275 οὒκ
537 1249 621 1282 εἶπεν,
638 1245 679 1275 ὅτι
700 1245 864 1275 εκέλευσεν”“
850 1259 866 1281 η

96 1293 266 1333 προσεταξεν,
281 1294 338 1322 ἄλλ
353 1288 486 1328 ὅτιΕἷπε,
501 1293 597 1322 κάθου·
616 1305 661 1321 και
683 1295 760 1322 τοῦτο
775 1293 807 1321 δι’
821 1294 868 1322 οὔ-

97 1340 139 1370 δὲν
160 1339 258 1379 ἕτερον,
271 1341 329 1368 ἀλλ’
347 1338 390 1368 ἵνα
406 1339 442 1378 μὴ
466 1339 580 1379 ἄναρχον
602 1339 679 1368 αὗτὸν
700 1338 810 1378 νομίσῃς
823 1351 868 1368 και

97 1386 224 1416 ἀναίτιον.
237 1385 302 1415 εΌτι
315 1384 367 1424 γὰρ
379 1385 421 1414 διὰ
434 1387 511 1415 τοῦτο
532 1385 614 1418 οὕτως
626 1385 729 1424 εἴρηκε,
743 1386 822 1420 δῆλον
839 1387 868 1414 ἐκ

96 1435 142 1462 τοῧ
155 1433 236 1461 τόπου
247 1444 295 1467 της
310 1432 376 1461 καθέ
363 1433 452 1472 εδρας·
466 1433 489 1461 εἰ
504 1431 555 1471 γὰρ
569 1432 714 1461 ελάττωσιν
728 1431 775 1467 ἤθε
765 1433 806 1461 λε
821 1433 867 1468 δη-

96 1479 196 1515 λῶσαι,
211 1479 258 1507 οὖκ
269 1477 299 1506 ἂν
309 1480 391 1514 εἶπεν,
406 1478 456 1508 Ἐκ
468 1477 573 1514 δεξιῶν,
588 1479 656 1515 ἀλλ’,
667 1477 867 1518 ἓξάριστερῶν·

95 1523 213 1553 τοσούτω
235 1536 362 1564 κρειττων
384 1524 537 1563 γενόμενος,
552 1536 640 1564 φησιν,
649 1501 831 1564 ,ἀγγέλων,“’
815 1536 868 1564 οσῳ

97 1569 288 1610 διαφορώτερον
315 1572 379 1610 παρ’
407 1569 500 1605 αὐτοὺς
523 1571 753 1609 κεκληρονόμηκεν
777 1570 867 1609 ὄνομα.

671 167 714 189 ΑΙ)
741 167 910 190 ΙΙΕΒΠΕΟΞ.
940 166 1017 189 etr.
1048 166 1070 189 1.

1101 168 1220 191 uouu„
1250 170 1284 191 ιι.
1621 173 1662 207 27

917 228 1010 257 multis
1022 228 1049 257 iu
1061 229 1126 258 locis
1141 229 1217 259 vides
1229 240 1291 259 eum
1305 231 1339 260 de
1351 231 1401 260 hoc
1416 232 1542 271 gloriari,
1557 244 1608 262 non
1621 245 1663 263 so-

916 274 973 304 lum
986 274 1020 304 dc
1032 276 1248 306 reconciliatione
1258 288 1320 317 erga
1331 279 1430 316 Deum,
1443 279 1488 308 sed
1499 279 1579 309 etiam
1590 281 1663 319 quod

916 321 967 350 hoc
975 321 1076 351 factum
1087 322 1122 351 sit
1131 333 1180 362 per
1190 323 1292 352 Filium
1305 337 1311 353 ι
1325 324 1422 353 etenim
1433 335 1526 354 revera
1535 336 1662 365 magnum

917 366 1020 397 donum
1033 367 1113 397 etiam
1128 369 1215 408 majus
1229 369 1330 399 sactum
1345 377 1399 406 est,
1414 380 1444 400 eo
1457 371 1531 410 quod
1550 382 1598 411 per
1615 373 1664 401 Pi-

917 412 995 443 lium.
1019 414 1088 443 Nam
1105 425 1166 443 cum
1189 414 1320 453 dixisset,
1342 416 1426 446 Sedet
1442 418 1483 446 ad
1494 418 1645 448 dexteram
1656 443 1663 455 ‚

918 466 952 497 et,
965 461 1024 489 Per
1031 470 1062 489 se
1071 463 1246 501 purgatione
1248 463 1341 501 sacta
1352 470 1537 499 peccatorum
1551 471 1664 494 nostro-

919 517 994 542 rum,
1006 513 1144 536 etcrucem
1157 515 1306 537 revocasset
1316 508 1343 537 in
1355 510 1524 547 memoriam,
1535 510 1588 540 cito
1600 511 1666 540 sub-

915 553 1009 593 junxit
1028 564 1177 584 sermonem
1197 554 1231 584 de
1246 556 1438 585 resurrectione
1458 563 1484 586 et
1504 558 1664 587 ascensione.

920 599 992 629 Yide
1008 606 1097 629 autem
1123 600 1293 640 prudentiam
1313 603 1371 642 ejus
1395 603 1558 632 ineffabilem
1584 616 1590 631 ε
1613 615 1664 633 non

920 645 1006 684 dixit,
1020 647 1114 677 Jussus
1128 654 1167 677 est
1178 647 1281 686 sedere,
1296 648 1356 686 sed,
1371 649 1467 678 Sedet.
1489 649 1594 679 Deinde
1605 661 1666 679 rur-

921 703 976 728 sus,
989 703 1022 722 nc
1033 693 1169 723 existimes
1180 704 1242 723 eum
1252 701 1332 733 stare,
1346 695 1485 735 subjungit
1498 708 1504 724 :
1515 697 1570 725 Ad
1581 707 1665 736 quem

922 745 1019 767 autem
1031 740 1202 779 angelorum
1216 741 1290 770 dixit
1302 741 1477 781 αῐίᾳιιαηᾱο,
1488 742 1561 772 Sede
1569 753 1588 771 a
1599 744 1668 771 dex-

923 787 975 813 tris
990 787 1080 814 meis?
1101 785 1183 815 Sedet
1203 796 1274 824 ergo,
1290 787 1387 825 inquit,
1405 787 1442 816 ad
1455 787 1594 818 dexteram
1609 799 1667 817 ma-

920 831 1022 869 jestatis
1033 831 1059 859 in
1070 831 1191 860 excelsis.
1208 831 1282 867 Quid
1292 839 1340 869 est,
1352 835 1390 861 In
1401 834 1524 863 excelsis
1535 837 1547 862 Ρ
1562 835 1667 863 Deum-

923 887 955 905 ne
968 876 1027 906 loco
1038 877 1195 906 concludit?
1212 878 1290 907 Absit
1306 890 1312 906 :
1329 889 1382 908 non
1397 885 1426 908 ut
1442 879 1470 908 id
1487 880 1667 920 suspicemur.

922 922 960 950 sic
974 922 1102 960 loquutus
1117 930 1170 959 cst,
1185 923 1231 952 scd
1242 923 1311 952 sicut
1321 924 1423 962 dicens,
1439 925 1494 954 Ad
1507 927 1669 961 dexteram,

923 977 975 995 non
991 977 1054 996 eum
1076 967 1215 1007 figuravit,
1239 969 1287 998 sed
1302 970 1416 999 ostendit
1436 981 1498 1000 eum
1522 971 1549 1000 in
1576 971 1670 1001 eodem

923 1023 979 1041 esse
990 1013 1091 1042 honore
1106 1024 1160 1052 quo
1174 1015 1253 1042 Pater
1266 1027 1271 1042 ε
1283 1016 1320 1044 ita
1332 1026 1394 1045 eum
1407 1016 1513 1051 dicens,
1529 1019 1565 1045 In
1577 1019 1670 1047 excel-

921 1061 970 1095 sis,
985 1069 1038 1088 non
1052 1069 1114 1087 eum
1129 1059 1186 1088 illic
1199 1060 1319 1098 inclusit,
1335 1062 1381 1090 sed
1395 1063 1513 1092 ostendit
1530 1073 1591 1092 cum
1615 1074 1671 1093 esse

921 1105 1043 1134 omnium
1055 1105 1228 1143 altissimum,
1242 1113 1267 1135 et
1280 1108 1370 1136 omnia
1385 1109 1574 1139 transcendere
1586 1122 1592 1138 :
1604 1120 1634 1139 ac
1647 1110 1670 1138 si

921 1150 1044 1187 dixisset,
1064 1151 1185 1190 pervenit
1202 1151 1238 1180 ad
1262 1151 1350 1191 ipsum
1375 1153 1503 1182 thronum
1517 1162 1668 1194 paternum.

921 1198 998 1227 Sicut
1011 1208 1075 1237 ergo
1089 1198 1168 1227 Pater
1182 1205 1220 1227 est
1242 1198 1269 1227 in
1285 1199 1413 1237 excelsis,
1434 1200 1472 1229 ita
1493 1202 1573 1229 etiam
1589 1202 1646 1241 ipse
1661 1215 1667 1230 ι

922 1254 1058 1273 consessus
1070 1243 1142 1272 enim
1152 1243 1221 1272 nihil
1237 1244 1314 1274 aliud
1327 1245 1429 1274 indicat
1438 1257 1519 1285 quam
1539 1246 1565 1275 in
1577 1248 1670 1276 eodem

921 1301 976 1320 esse
989 1290 1098 1321 honore.
1114 1291 1142 1321 Si
1159 1298 1249 1320 autem
1264 1291 1355 1321 dicant
1369 1302 1430 1321 eum
1442 1292 1543 1322 dixisse
1553 1316 1561 1330 ‚
1580 1293 1668 1328 Sede,

921 1348 965 1367 eos
992 1338 1207 1378 interrogemus:
1228 1338 1304 1373 Quid
1331 1339 1418 1368 vero?
1437 1338 1544 1368 dixitne
1565 1340 1670 1368 stanti?

921 1387 956 1413 At
985 1384 1015 1414 id
1041 1384 1179 1414 ostendere
1201 1395 1255 1413 non
1283 1385 1394 1424 possint.
1418 1385 1477 1414 Non
1501 1384 1574 1414 dixit
1599 1392 1672 1414 certe

920 1431 993 1470 quod
1007 1432 1117 1472 jusserit
1137 1439 1184 1461 aut
1204 1431 1342 1471 imperarit
1353 1444 1362 1470 3
1387 1431 1452 1469 sed,
1473 1433 1569 1469 Dixit,
1582 1432 1669 1467 Sede,

922 1488 973 1507 non
992 1485 1102 1518 propter
1123 1477 1198 1506 aliud
1220 1488 1302 1516 quam
1323 1488 1356 1506 ne
1376 1477 1513 1506 existimes
1533 1488 1595 1507 eum
1616 1488 1672 1506 esse

921 1523 1021 1562 absque
1035 1523 1169 1563 principio
1189 1530 1214 1552 et
1233 1523 1291 1552 sine
1302 1534 1392 1554 causa.
1416 1524 1487 1553 Nam
1508 1522 1582 1562 quod
1605 1534 1671 1563 pro-

921 1577 1011 1610 pterea
1030 1570 1069 1599 sic
1092 1570 1202 1609 dixerit,
1223 1577 1262 1600 est
1286 1570 1460 1610 perspicuum
1482 1580 1517 1599 ex
1536 1570 1594 1600 loco
1617 1580 1669 1599 ses-

133 1661 146 1679 b
164 1660 261 1692 [Iidem
275 1667 299 1686 et
309 1669 388 1694 marg.
400 1661 477 1689 Savil.
491 1666 528 1688 καὶ
540 1666 585 1697 γὰρ
603 1664 670 1691 ὄντως
682 1666 742 1694 με’·μι
753 1666 778 1688 τὸ
789 1664 860 1696 δῶρον
872 1666 996 1694 καὶμεῖζον
1007 1673 1056 1694 γεγ.
1068 1666 1094 1687 τὸ
1107 1663 1152 1687 διὰ.
1164 1661 1242 1687 Savil.
1257 1673 1289 1694 η,
1309 1661 1432 1685 inclusum
1444 1659 1544 1694 haber]

519 1767 696 1798 MUTIANO
718 1769 973 1799 SCHOLASTICO
994 1769 1248 1798 INTERPRETE.

98 1862 148 1891 hoc
161 1861 279 1891 maxime
293 1860 416 1900 gloriari,
430 1870 482 1889 non
497 1859 584 1888 solum
601 1860 729 1898 quoniam
743 1861 863 1890 conversi
877 1871 970 1890 sumus
983 1860 1017 1889 ad
1041 1861 1129 1889 Deum
1136 1883 1145 1896 ‚
1162 1860 1209 1890 sed
1223 1860 1302 1890 etiam
1320 1861 1347 1889 in
1365 1871 1395 1889 co
1417 1861 1491 1900 quod
1506 1872 1553 1901 per
1568 1862 1667 1891 Filium

98 1909 177 1938 fuerit
191 1909 317 1938 effectum
331 1907 413 1937 istud.
430 1907 465 1936 Et
480 1917 542 1936 vere
555 1917 684 1946 magnum
700 1907 752 1936 hoc
764 1918 862 1936 munus
877 1914 926 1944 est,
942 1908 1029 1947 majus
1043 1908 1168 1936 effectum
1178 1930 1186 1945 ,
1201 1907 1269 1936 dum
1284 1907 1361 1937 nobis
1375 1918 1422 1947 per
1436 1908 1538 1937 Filium
1550 1916 1589 1938 est
1600 1920 1668 1939 con-

97 1956 242 1986 tributum.
259 1956 328 1984 Cum
347 1965 410 1995 crgo
423 1954 537 1984 dixisset
552 1967 558 1983 :
575 1956 616 1984 Ee
627 1956 725 1984 sedere
733 1955 805 1994 fecit
820 1956 851 1982 in
860 1956 981 1983 dextera
996 1957 1170 1994 majestati5‚
1185 1957 1390 1994 purgationem
1410 1965 1462 1994 per
1474 1965 1539 1985 eum
1552 1958 1668 1995 faciens

95 2010 280 2042 peccatorum
297 2009 459 2032 nostrorum
472 2015 483 2036 ;
505 2009 530 2031 et
544 2013 605 2031 cum
619 2013 667 2032 nos
684 2002 890 2031 commonuisset
905 2001 993 2030 crucis
1008 2002 1082 2041 ejus,
1099 2001 1197 2030 deiude
1216 2001 1355 2030 confestim
1368 2001 1403 2030 de
1422 2004 1616 2033 resurrectione
1628 2012 1669 2032 at-

98 2061 150 2089 que
160 2050 323 2080 assumtione
333 2049 418 2090 ipsius
432 2049 547 2079 instituit
559 2049 706 2090 disputare.
722 2049 759 2078 Et
774 2049 876 2078 intuere
891 2047 1097 2077 inenarrabilem
1109 2047 1166 2087 ejus
1181 2047 1366 2087 prudentiam:
1379 2057 1431 2076 non
1443 2047 1515 2076 dixit
1529 2049 1593 2087 quia
1613 2051 1670 2089 jus-

97 2107 142 2126 sus
156 2104 195 2126 est
208 2096 314 2134 sedere;
333 2095 390 2133 sed,
406 2096 593 2135 Sederefecit
607 2106 677 2125 eum.
692 2095 798 2125 Deinde
812 2105 844 2123 ne
859 2101 967 2134 putates
981 2104 1043 2123 eum
1066 2100 1146 2130 stare,
1161 2092 1320 2132 subjungit:
1337 2093 1392 2121 Cui
1405 2094 1482 2121 enim
1498 2094 1669 2133 angelorum

97 2145 260 2184 aliquando
276 2145 380 2173 diau-
401 2144 473 2173 Sede
487 2155 506 2172 a
521 2145 632 2173 dextris
651 2146 737 2173 meis
734 2147 744 2163 ²
763 2143 881 2177 Sedere,
906 2141 1006 2180 inquit,
1029 2151 1094 2170 eum
1113 2142 1187 2180 fecit
1206 2143 1237 2169 in
1252 2141 1374 2169 defleta
1395 2141 1601 2179 majestati-sin
1615 2154 1668 2172 ex-

98 2191 191 2220 celsis.
207 2190 283 2226 Quid
297 2197 348 2227 est,
364 2192 402 2219 In
415 2191 563 2220 excelsis?
579 2201 645 2220 num
660 2191 686 2220 in
702 2191 761 2220 loco
776 2189 915 2220 concludit
930 2189 1038 2217 Deum?
1054 2188 1131 2217 Absit
1145 2188 1215 2225 hoc;
1229 2186 1286 2222 sed,
1301 2187 1435 2228 sicutjam
1453 2188 1513 2218 dixi
1520 2200 1587 2230 ‚pet
1599 2190 1669 2219 dex—

99 2241 182 2264 teram
202 2246 254 2264 non
276 2236 365 2265 Deum
386 2235 547 2266 deformavit
557 2259 566 2275 ‚
591 2236 638 2266 sed
654 2235 863 2266 similitudinem
882 2234 1079 2264 demonstravit
1092 2234 1214 2263 honoris.
1240 2234 1270 2262 ln
1287 2234 1400 2264 excelsis
1414 2245 1477 2275 ergo
1493 2235 1600 2274 dicens,
1615 2247 1668 2266 non

99 2292 160 2311 eum
172 2282 199 2311 iu
210 2282 268 2312 loco
282 2283 427 2320 concludit,
442 2283 488 2313 sed
503 2283 620 2313 ostendit
635 2283 762 2312 omnibus
778 2283 910 2319 altiorem,
926 2289 951 2311 et
965 2281 1091 2311 omnibus
1109 2281 1270 2310 eminentem
1285 2293 1290 2308 :
1304 2281 1355 2310 hoc
1369 2289 1418 2317 est,
1434 2282 1562 2320 quoniam
1585 2294 1668 2322 usquc

97 2328 132 2358 ad
145 2329 233 2369 ipsum
245 2329 366 2369 pervenit
383 2330 480 2359 solium
495 2337 611 2370 paternae
633 2330 774 2359 claritatis.
791 2330 867 2360 Sicut
882 2339 946 2369 ergo
966 2330 1047 2358 Pater
1061 2329 1087 2357 in
1107 2328 1218 2358 excelsis
1233 2335 1270 2357 est
1280 2351 1287 2364 ,
1311 2328 1350 2357 sic
1371 2335 1396 2357 ct
1410 2329 1496 2358 Filius
1511 2341 1516 2357 :
1531 2339 1668 2359 consessus

97 2376 168 2406 enim
183 2376 253 2405 nihil
265 2376 430 2406 demonstrat
441 2378 525 2415 aliud,
537 2379 589 2408 nisi
602 2379 712 2408 honoris
725 2378 914 2417 :equalitatem
929 2377 958 2406 Si
975 2383 1064 2406 autem
1080 2376 1174 2405 dicunt
1189 2376 1316 2415 quoniam
1332 2376 1469 2416 illejussit
1491 2384 1521 2406 ut
1550 2376 1665 2413 sederet,

97 2424 292 2464 interrogamus
312 2432 337 2454 et
353 2435 420 2454 nos:
435 2425 510 2463 Quid
531 2427 616 2466 ergo?
639 2437 704 2456 num
729 2426 809 2455 stanti
826 2425 897 2455 dixit
910 2425 989 2454 :Huc
1005 2424 1124 2454 accede?
1141 2423 1213 2461 Quia
1231 2434 1282 2452 non
1304 2423 1408 2453 dictum
1424 2431 1463 2453 est
1485 2424 1546 2462 vel,
1569 2425 1668 2458 Jussh,

97 2470 140 2500 vel
159 2471 305 2512 prcecepit5
327 2471 373 2501 sed
387 2472 450 2511 quia
465 2479 569 2503 tantum
590 2473 661 2503 dixit
675 2486 680 2501 :
693 2472 727 2503 ad
743 2473 812 2502 nihil
832 2473 906 2502 aliud
917 2495 924 2508 ‚
939 2472 991 2502 nisi
1004 2479 1032 2501 ut
1047 2482 1108 2501 eum
1124 2471 1181 2500 sine
1197 2470 1274 2499 initio
1289 2476 1411 2510 putares,
1433 2471 1475 2501 vel
1495 2481 1548 2500 non
1570 2471 1669 2500 habere

97 2527 205 2547 calisam
218 2517 252 2548 de
263 2529 316 2558 qua
330 2518 487 2549 substiterit.
503 2519 574 2556 Quia
588 2531 652 2550 vero
665 2526 803 2561 propterea
815 2519 918 2549 dictum
933 2526 981 2558 cst,
1000 2518 1170 2548 manifestum
1187 2517 1218 2546 fit
1235 2527 1268 2547 cx
1282 2517 1340 2557 ipsa
1355 2517 1508 2547 conditione
1519 2527 1667 2547 consessus.

1504 2573 1532 2601 5.
