1886 2846
426 214 459 236 ΙΝ

73 269 138 304 εἶναι
152 275 276 314 λέγουσα.
292 271 359 304 Εἶτα
374 277 389 310 ἢ
406 275 563 316 Μαρκέλλου
579 276 623 304 καὶ
638 277 789 311 (hone-mov,
800 275 845 304 >ted

73 321 138 357 αὕτη
154 321 187 350 τὰ
200 321 266 350 αὐτὰ
280 322 469 362 πρεσὸεύουσα.
486 318 553 352 Εἶτα
567 325 584 357 ἡ
599 322 706 351 Παύλου
719 324 764 350 τοῦ
785 322 844 350 Σα-

73 367 210 405 μοσατέως
218 391 225 404 ,
240 370 269 397 ἐκ
280 368 386 407 Μαρίας
397 368 510 406 λέγουσα
521 368 568 404 τὴν
581 368 665 407 ἀρχὴν
679 368 755 397 αὐτὸν
765 369 844 407 ἐσχη-

71 413 155 443 κέναι.
168 409 235 443 Elea
247 418 263 450 ἢ
278 415 436 454 Μανιχαίων
448 427 453 432 ·
472 414 538 450 αὕτη
550 414 601 454 γὰρ
616 416 707 444 πασῶν
718 415 842 453 νεωτέρα.

72 460 139 488 Μετ’
155 460 269 496 ἐκείνας,
285 464 302 496 ἡ
318 461 426 501 Ἀρείου.
446 461 506 490 Εἰσὶ
529 461 555 489 δὲ
570 461 615 490 καὶ
635 461 730 499 ἕτεραι.
750 460 843 499 Ἡμεῖς

72 505 98 534 δὲ
112 505 155 534 διὰ
171 510 248 536 τοῦτο
258 506 306 542 τὴν
318 507 406 536 πίστιν
421 507 607 546 παρελάδομεν
623 507 728 543 ἁπλῶς,
747 506 789 536 ἵνα
806 506 842 544 μὴ

72 552 282 590 ἀναγκαζώμεθα
303 553 408 591 μυρίαις
428 553 529 582 ἐπιέναι
551 554 683 593 αἱρέσεσι,
705 553 750 582 καὶ
777 554 844 592 πρά-

73 609 162 635 γματα
177 597 257 637 ἔχειν,
282 599 339 627 ἀλλ’
355 598 419 639 ὅπερ
442 599 473 628 ἂν
486 598 503 634 ἢ
518 603 688 639 προσθεῖναι,
705 599 722 634 ἢ
739 601 843 639 ἀφελεῖν

73 655 112 675 τις
126 644 318 683 ἐπιχειρήσειεν
333 645 451 681 ἐκείνης,
469 649 545 675 τοῦτο
559 645 631 674 νόθον
649 641 715 674 εἶναι
730 645 843 684 νομίσω-

75 701 132 727 μεν.
146 691 274 729 Καθάπερ
288 690 340 730 γὰρ
354 693 377 719 οἱ
389 691 449 724 τοὺς
459 691 569 724 κανόνας
583 691 695 724 διδόντες
705 693 752 721 οὐκ
765 694 844 731 ἀναγ-

72 734 179 768 κάζουσι
195 736 275 775 μυρία
289 736 372 775 μέτρα
387 736 620 776 περιεργάζεσθαι,
638 737 706 766 ἀλλὰ
722 738 752 766 τὸ
771 738 842 767 δοθὲν

71 781 154 809 ἐκεῖνο
167 782 288 820 κατέχειν
303 782 452 812 κελεύουσιν
466 795 472 801 ·
488 783 555 812 οὕτω
567 783 612 812 καὶ
624 783 667 813 ἐπὶ
681 786 732 813 τῶν
745 785 842 824 δογμά-

70 837 131 853 των.
152 825 221 855 Ἀλλ’
236 827 320 860 οὐδεὶς
335 828 455 866 βούλεται
477 833 534 862 ταῖς
548 830 666 869 Γραφαὶς
682 831 822 870 προσέχειν
835 843 840 848 ·

71 873 94 900 εἰ
116 871 166 911 γὰρ
182 873 368 912 προσείχομεν,
384 876 412 903 οὗ
429 875 506 912 μόνον
527 877 574 904 οὐκ
597 876 627 904 ἂν
650 877 840 916 περιεπέσομεν

69 919 103 956 τῇ
118 918 208 958 ἀπάτῃ
216 941 223 955 ,
239 919 307 948 ἀλλὰ
319 920 363 948 καὶ
375 920 478 960 ἑτέρους
489 922 677 960 ἀπατωμένους
688 923 840 958 ἀπηλλάξα-

72 975 119 1003 μεν
142 964 182 1002 ἂν,
207 965 252 994 καὶ
280 967 331 994 τῶν
355 967 480 996 κινδύνων
503 967 701 1006 ἐξειλκύσαμεν.
729 968 762 998 Ὁ
791 968 841 1008 γὰρ

71 1011 177 1051 ἰσχυρὸς
186 1011 349 1051 στρατιώτης
363 1014 391 1042 οὗ
406 1013 484 1051 μόνον
498 1015 582 1053 ἑαυτῷ
597 1014 708 1052 ἀρκέσαι
723 1013 840 1049 δύναται,

70 1057 138 1086 ἀλλὰ
157 1057 202 1086 καὶ
216 1057 260 1086 τὸν
274 1059 446 1098 παραστάτην
461 1059 636 1098 διαφυλάξαι,
660 1059 704 1088 καὶ
729 1062 776 1095 τῆς
790 1062 841 1089 τῶν

70 1103 202 1140 πολεμίων
219 1103 322 1141 moigne
335 1106 517 1144 ἐλευθερῶσαι.
532 1105 588 1133 Νῦν
601 1104 628 1133 δὲ
643 1105 700 1134 οὐδὲ
715 1105 755 1134 ὅτι
771 1107 842 1146 Γρα-

70 1149 118 1188 qam(
144 1150 209 1178 εἰσιν
236 1149 310 1178 ἴσασί
333 1162 413 1183 τινες·
430 1150 516 1179 καίτοι
541 1150 571 1179 τὸ
591 1151 702 1188 Πνεῦμα
717 1152 747 1181 τὸ
768 1153 842 1190 ἅγιον

69 1198 186 1223 τοσαῦτα
211 1195 390 1233 ᾧκονόμησεν,
405 1196 474 1225 ὥστε
494 1196 574 1230 αὐτὰς
589 1198 764 1237 φυλαχθῆναι.
789 1199 841 1228 Καὶ

69 1242 146 1280 ὁρᾶτε
162 1241 276 1278 ἄνωθεν,
291 1242 336 1270 ἵνα
351 1242 450 1281 μάθητε
466 1246 511 1272 τοῦ
526 1244 595 1272 Θεοῦ
615 1243 662 1278 τὴν
678 1244 777 1283 ἄφατον
794 1256 840 1283 φι-

70 1286 238 1325 λανθρωπίαν
249 1299 254 1305 ·
264 1288 401 1317 ἐνέπνευσε
411 1290 447 1328 τῷ
457 1288 581 1328 μακαρίῳ
592 1289 711 1322 Μωϋσεῖ,
719 1288 765 1322 τὰς
773 1290 841 1318 πλοί-

69 1344 118 1365 κας
132 1332 245 1373 ε’κόλαψε
254 1357 261 1366 .
277 1333 405 1373 κατέσχεν
431 1335 506 1364 αὐτὸν
528 1334 726 1375 τεσσαράκοντα
740 1335 841 1375 ἡμέρας

69 1377 114 1406 ἐπὶ
128 1380 173 1406 τοῦ
187 1378 275 1417 ὅρους,
292 1380 336 1408 καὶ
350 1380 429 1409 πάλιν
444 1381 572 1413 τοσαύτας
588 1381 688 1421 ἑτέρας,
698 1381 766 1410 ὥστε
781 1382 840 1410 <303-

69 1435 112 1453 ναι
125 1424 170 1453 τὸν
187 1425 276 1464 νόμον.
289 1425 365 1455 Μετὰ
381 1426 407 1456 δὲ
433 1429 516 1455 ταῦτα
528 1427 665 1467 προφήτας
677 1427 779 1467 ἔπεμψε
790 1440 841 1466 μυ-

72 1470 115 1509 ρία
131 1471 263 1505 παθόντας
277 1473 357 1502 δεινά.
371 1473 489 1508 'En-2202
508 1473 622 1511 πόλεμος
631 1497 638 1509 ,
651 1474 751 1503 ἀνεῖλον
769 1474 840 1503 πάν-

487 213 596 237 EPIST.
626 213 671 236 AD
699 212 856 236 ltEBRAEos
863 227 870 234 .

899 212 977 236 CAP-
1006 213 1042 236 V.
1071 214 1190 238 Romu„
1221 215 1292 238 vul.
1571 217 1635 252 127

894 274 960 304 dicit
971 276 1071 305 Filium
1084 284 1109 305 et
1123 278 1229 306 Patrem
1240 283 1264 305 et
1276 277 1409 316 Spiritum
1419 287 1499 306 unam
1514 288 1568 306 esse
1579 289 1636 317 per-

895 332 998 351 sonam.
1015 323 1121 352 Deinde
1136 323 1258 352 Marcelli
1275 323 1383 352 ha‘rcsis
1401 330 1425 352 et
1442 324 1562 359 photini,
1578 335 1636 363 qnae

896 368 952 407 ipsa
968 379 1075 408 quoque
1086 370 1142 399 haec
1153 370 1210 409 ipsa
1221 369 1315 398 asserit
1328 376 1353 398 et
1369 369 1505 409 praedicat.
1521 370 1555 399 Et
1570 371 1638 399 Pau-

896 416 916 444 li
934 417 1100 447 samosateni
1120 417 1239 454 liaercsis,
1255 417 1346 446 dicens
1367 427 1428 445 eum
1444 417 1571 446 habuisse
1586 418 1638 446 ini-

896 462 964 491 tium
985 474 1019 492 ex
1038 463 1134 492 Maria.
1150 463 1257 492 Deinde
1274 463 1381 491 haercsis
1397 463 1610 492 Manichaeorum
1628 475 1634 490 ι

898 508 955 537 haec
977 516 1016 538 est
1040 509 1112 538 enim
1136 509 1258 538 omnium
1274 509 1467 537 recentissima.
1496 510 1558 538 Post
1577 510 1637 538 illas

897 554 1004 583 haeresis
1022 555 1090 584 Arii.
1106 555 1174 584 Sunt
1196 562 1285 584 autem
1300 555 1380 583 etiam
1395 555 1464 584 alite.
1479 554 1516 583 Et
1530 555 1591 583 idco
1607 556 1637 583 fi-

897 600 959 628 dem
974 600 1137 640 accepimus,
1150 611 1182 630 ne
1192 611 1297 630 necesse
1310 601 1455 629 habeamus
1469 600 1503 629 ad
1515 600 1637 630 innume-

897 644 996 673 rabiles
1021 644 1134 673 liaercses
1149 644 1283 680 accedere,
1302 645 1451 683 vexarique
1474 652 1499 674 et
1515 645 1637 673 molestia

898 690 981 728 affici,
1008 690 1053 719 sed
1068 691 1143 729 quod
1165 691 1188 719 ei
1211 691 1254 720 vel
1277 690 1420 725 addiderit,
1444 690 1488 720 vel
1508 691 1639 720 ademerit

897 736 1042 776 quispiam,
1056 737 1084 766 id
1099 736 1281 765 existimemus
1295 747 1351 765 esse
1364 735 1556 766 adulterinum.
1569 738 1638 766 Nam

896 782 965 811 sieut
991 783 1008 811 ii
1034 783 1081 821 qui
1105 782 1171 811 (lant
1184 783 1308 822 regulas,
1335 792 1388 811 non
1411 793 1516 812 necesse
1537 783 1638 812 habent

896 840 1033 859 mensuras
1057 829 1266 858 innumerabiles
1290 829 1394 858 curiose
1418 829 1566 868 inquirere,
1591 830 1638 859 sed

896 875 972 904 illam
987 886 1047 914 qnae
1071 875 1134 904 data
1157 875 1207 904 suit
1220 875 1316 914 jubent
1332 882 1418 903 tenere
1436 887 1442 901 ι
1459 876 1495 904 ita
1509 876 1589 904 ctiam
1610 876 1637 905 in

895 921 1079 959 dogmatibus.
1092 922 1145 951 Sed
1159 933 1235 951 nemo
1249 922 1307 951 vult
1320 921 1455 951 attendere
1467 922 1616 962 Scripturis
1630 935 1637 950 ε

896 978 957 996 nam
981 968 1003 996 si
1020 968 1228 1002 attenderemus,
1254 979 1306 997 non
1329 968 1416 997 solum
1434 979 1487 997 non
1505 968 1636 998 incidere-

896 1024 955 1042 mus
974 1014 1001 1042 in
1018 1025 1144 1050 errorem,
1159 1013 1205 1042 sed
1219 1014 1298 1042 etiam
1314 1014 1438 1054 deceptos
1452 1014 1638 1052 liberaremus,

895 1066 919 1087 et
935 1059 1136 1088 extraheremus
1149 1070 1162 1088 a
1178 1060 1314 1098 periculis.
1328 1061 1396 1088 Nam
1409 1061 1486 1089 miles
1498 1061 1573 1090 fortis
1585 1072 1638 1090 non

896 1105 948 1133 sibi
973 1105 1060 1133 solum
1085 1112 1170 1144 potest
1196 1105 1327 1139 sufficere,
1354 1105 1400 1134 sed
1425 1106 1504 1135 etiam
1527 1107 1575 1146 qui
1600 1114 1639 1136 est

892 1151 973 1190 juxta
987 1162 1049 1180 eum
1064 1151 1166 1180 socium
1182 1161 1348 1189 conservare,
1361 1158 1386 1179 et
1404 1152 1438 1180 ab
1453 1151 1571 1182 hostium
1586 1165 1638 1183 no-

895 1208 929 1226 xa
949 1197 1072 1226 liberare.
1088 1197 1169 1226 Nunc
1191 1204 1280 1226 autem
1306 1207 1354 1226 nec
1367 1197 1440 1236 qnod
1462 1198 1514 1227 sint
1528 1201 1638 1238 quidem

895 1243 1042 1283 Scripturas
1056 1251 1154 1272 norunt
1168 1243 1253 1282 aliqui
1265 1255 1270 1270 :
1286 1253 1450 1282 quamquam
1461 1251 1567 1273 sanctus
1578 1246 1639 1285 spi<

895 1291 962 1319 ritus
975 1297 1030 1319 tam
1054 1290 1139 1319 multa
1164 1289 1366 1318 administravit
1379 1296 1409 1318 ut
1421 1300 1458 1318 eae
1474 1291 1638 1320 custodiren-

857 1354 880 1374 90
896 1343 947 1365 tur.
973 1336 1072 1366 Videte
1093 1342 1182 1364 autem
1203 1336 1311 1375 abipso
1326 1342 1474 1375 repetentes
1496 1336 1585 1375 initio,
1609 1345 1639 1366 nt

858 923 878 946 D

858 1382 879 1404 A
895 1382 946 1411 Dei
960 1381 1071 1410 discatis
1083 1381 1247 1410 ineffabilem
1257 1381 1453 1420 benignitatem
1466 1393 1473 1409 t
1486 1383 1581 1412 Mosen
1595 1383 1636 1412 in-
1651 1400 1728 1422 ΕΜΔ,
1754 1401 1791 1423 32.

894 1427 1018 1467 spiravit,
1030 1427 1137 1456 tabulas
1150 1427 1302 1466 insculpsit,
1314 1426 1493 1466 quadraginta
1507 1427 1565 1457 dies
1577 1439 1639 1457 eum

894 1475 979 1502 tenuit
991 1473 1018 1502 in
1033 1479 1131 1509 monte,
1145 1480 1170 1501 et
1180 1483 1274 1501 rursus
1287 1472 1397 1501 totidem
1413 1480 1442 1502 ut
1453 1473 1529 1502 daret
1541 1474 1639 1514 legem.

70 1527 118 1550 τας
133 1539 141 1554 ,
160 1517 309 1558 κατέκοψαν
319 1542 327 1555 ,
353 1519 551 1558 ἐνεπρήσθησαν
575 1520 602 1548 αἱ
627 1519 722 1558 βίὸλοι.
739 1519 840 1560 Ἑτέρῳ
894 1521 988 1549 Postea
1003 1526 1094 1549 autem
1108 1519 1181 1548 misit
1195 1519 1339 1558 prophetas
1353 1520 1423 1548 mala
1438 1531 1576 1560 perpessos
1593 1521 1636 1549 in-
1647 1528 1765 1556 Scriptum

893 1566 1082 1595 numerabilia.
1095 1565 1203 1605 Ingruit
1218 1566 1332 1601 bellum⁷
1351 1577 1442 1595 omnes
1457 1567 1634 1606 sustulerunt,
1648 1561 1794 1613 Jffissffjkss'f'

895 1612 1095 1650 consciderunt,
1112 1612 1199 1641 exusti
1213 1612 1322 1641 fuerunt
1342 1612 1417 1641 libri.
1438 1613 1530 1642 Alium
1544 1621 1637 1643 rursus
1649 1627 1722 1651 proies

896 1659 986 1688 virum
999 1658 1143 1698 inspiravit
1155 1657 1354 1694 admirabilem,
1368 1665 1398 1686 ut
1411 1659 1472 1687 illos
1483 1667 1637 1698 exponeret,

898 1704 1024 1741 Esdram,
1039 1705 1159 1743 inquam,
1182 1711 1208 1733 et
1230 1704 1293 1733 fecit
1316 1711 1346 1733 ut
1368 1712 1592 1745 componerentur
1604 1717 1639 1735 ex

896 1751 1029 1790 reliquiis.
1041 1753 1136 1781 Postea
1148 1757 1238 1780 autem
1250 1751 1356 1782 curavit
1368 1758 1397 1780 ut
1408 1752 1584 1793 Septuaginta
1595 1763 1639 1782 eas

70 1562 150 1593 πάλιν
165 1564 240 1602 ἀνδρὶ
253 1567 398 1605 Θαυμαστῷ
409 1566 571 1602 ἐνέπνευσεν,
585 1565 654 1595 ὥστε
670 1566 750 1600 αὐτὰς
766 1567 841 1596 ἐκθέ-

72 1613 133 1639 σθαι
141 1633 148 1646 ,
161 1612 200 1650 τῷ
210 1610 315 1651 Ἔσδρᾳ
326 1612 396 1650 λέγω
405 1635 412 1648 ,
423 1611 469 1640 καὶ
481 1611 533 1641 ἀπὸ
543 1612 674 1652 λειψάνων
687 1615 842 1648 συντεθῆναι

71 1657 190 1690 ἐποίησε.
216 1657 292 1686 Μετὰ
311 1657 338 1686 δὲ
357 1660 434 1687 τοῦτο
455 1659 622 1697 (ξικονόμησεν
650 1661 843 1699 ἑρμηνευθῆναι

73 1703 155 1736 αὐτὰς
175 1703 225 1732 ὕπὸ
248 1705 299 1732 τῶν
327 1703 526 1742 έὸδομῆκοντα·
546 1704 715 1743 ἡρμήνευσαν
736 1707 840 1734 ἐκεῖνοι.

73 1749 239 1789 Παρεγένετο
252 1752 266 1779 ὁ
281 1750 408 1790 Χριστὸς,
425 1750 531 1789 δέχεται
545 1750 642 1787 αὐτὰς,
658 1753 682 1780 οἱ
701 1751 843 1781 ἀπόστολοι

500 1887 673 1916 ΜΕΤῙΑΝΟ
695 1886 948 1916 SCHOLASTICO
970 1885 1224 1916 INTERPRETE.

74 2016 159 2035 unum
173 2015 229 2034 esse
239 2004 341 2035 dicens.
361 2004 465 2033 Deinde
478 2004 601 2033 Marcelli
613 2011 638 2033 et
652 2004 772 2041 Pliotini‚
787 2003 866 2033 etiam
880 2004 923 2033 isti
939 2003 997 2032 haec
1013 2003 1105 2032 eadem
1121 2002 1307 2042 praedicantes,
1322 2003 1357 2032 Et
1371 2004 1448 2032 Pauli
1463 2005 1637 2044 samosateni,

73 2054 108 2083 de
117 2053 205 2082 Maria
223 2053 314 2082 dicens
325 2063 387 2082 eurn
398 2051 496 2081 habere
508 2052 682 2092 principium.
690 2051 792 2081 Deinde
803 2052 1034 2087 Manicliaeorum3
1050 2050 1099 2079 ista
1111 2050 1182 2079 enim
1194 2050 1393 2088 aliquantulum
1405 2061 1474 2080 nova
1486 2059 1547 2091 post
1560 2053 1637 2082 illas:

73 2102 137 2130 item
159 2098 236 2137 Arii.3
246 2099 315 2128 Sunt
335 2105 425 2127 autem
438 2105 462 2127 et
477 2098 544 2128 aliae.
556 2099 670 2139 Propter
683 2099 735 2128 boc
751 2098 834 2128 fidem
849 2099 1023 2138 suscipimus,
1038 2104 1067 2126 ut
1083 2107 1135 2126 non
1147 2107 1274 2136 cogamur
1288 2097 1380 2126 decem
1390 2098 1475 2127 millia
1486 2098 1600 2129 liaereses
1614 2107 1639 2130 et

73 2147 194 2177 laborem
203 2145 312 2183 habere,
324 2145 369 2175 sed
379 2146 401 2174 si
413 2145 481 2184 quid
491 2145 590 2175 addere
600 2153 646 2174 aut
657 2145 797 2175 detrahere
808 2146 849 2174 illi
858 2146 919 2185 quis
930 2145 1038 2174 molitus
1049 2144 1139 2181 suerit,
1149 2144 1200 2172 hoc
1212 2143 1324 2172 nothum
1333 2144 1554 2184 essejudicemus.
1562 2146 1638 2176 Sicut

74 2193 145 2222 enim
157 2193 204 2231 qui
214 2191 320 2231 regulas
330 2191 491 2228 didicerunt,
503 2202 556 2221 non
568 2191 731 2231 compellunt
743 2191 834 2220 decem
847 2191 933 2220 millia
946 2197 1029 2220 metra
1041 2190 1167 2224 scrutari,
1181 2189 1226 2218 sed
1239 2189 1307 2218 illud
1317 2189 1391 2228 quod
1402 2190 1531 2220 traditum
1543 2199 1582 2221 est
1592 2202 1639 2221 cu-

74 2239 278 2280 stodirejubent
292 2252 299 2268 :
315 2239 352 2268 sic
364 2246 389 2268 et
401 2240 428 2268 in
445 2239 626 2281 dogmatibus.
642 2239 693 2268 Sed
706 2250 783 2268 nemo
794 2240 854 2269 vult
866 2239 901 2268 ad
913 2239 1065 2279 Scripturas
1077 2237 1214 2267 attendere
1227 2250 1232 2265 z
1247 2238 1269 2266 si
1281 2238 1351 2266 enim
1365 2237 1574 2276 adverteremus,
1586 2250 1638 2269 non

77 2287 163 2316 solnm
176 2296 227 2315 non
239 2285 416 2314 incideremus
428 2286 455 2315 in
466 2287 611 2325 fallaciam,
621 2286 668 2316 sed
679 2286 760 2316 etiam
772 2286 838 2315 alios
849 2285 972 2325 deceptos
982 2284 1045 2314 inde
1057 2284 1241 2321 liberaremus,
1255 2290 1279 2312 et
1291 2283 1324 2312 de
1335 2283 1462 2323 periculis
1472 2284 1639 2315 abstrahere-

75 2345 145 2364 mus.
157 2334 238 2364 Miles
249 2334 319 2362 enim
331 2333 407 2362 sortis
419 2344 470 2363 non
481 2334 532 2363 sibi
543 2335 592 2363 soli
604 2334 726 2364 sufficere
740 2341 834 2374 potest,
847 2333 893 2363 sed
905 2333 1071 2373 etiamjuxta
1085 2343 1112 2361 se
1123 2339 1274 2361 exstantem
1284 2331 1427 2368 custodire,
1438 2338 1463 2360 ct
1472 2332 1507 2360 ab
1519 2332 1638 2362 hostium

74 2382 178 2411 malitia
188 2381 391 2411 liberare.Nunc
402 2387 492 2409 autem
499 2392 583 2421 neque
593 2382 666 2422 quod
677 2389 739 2411 sunt
747 2382 894 2422 Scripturas
907 2381 1017 2420 quidam
1027 2381 1115 2409 sciunt
1130 2392 1136 2407 :
1150 2380 1195 2409 sed
1205 2380 1323 2419 Spiritus
1333 2378 1442 2417 quidem
1453 2379 1489 2409 ita
1500 2380 1639 2420 dispensa-

74 2428 126 2465 vit,
136 2435 164 2457 ut
175 2428 369 2457 custodiantur.
384 2427 417 2456 Et
432 2427 561 2457 attendite
572 2435 601 2457 ut
610 2428 720 2457 discatis
729 2427 878 2467 antiquitus
889 2427 940 2456 Dei
953 2427 981 2456 in
994 2437 1042 2456 nos
1060 2425 1273 2455 misericordiam
1287 2436 1292 2452 :
1307 2424 1449 2464 inspiravit
1464 2425 1546 2463 Mosi,
1560 2433 1584 2455 et
1595 2432 1636 2455 ta-

78 2475 156 2505 bulas
170 2475 290 2516 lapideas
306 2475 411 2515 scripsit
423 2487 432 2513 ;
449 2475 564 2504 detinuit
576 2487 637 2505 eum
651 2475 832 2515 quadraginta
847 2475 943 2504 diebus
955 2475 982 2504 in
995 2481 1093 2509 monte,
1105 2480 1131 2502 et
1142 2473 1239 2501 iterum
1253 2472 1343 2509 tantis,
1355 2478 1385 2500 ut
1398 2471 1474 2501 daret
1486 2472 1527 2501 illi
1539 2473 1636 2513 legem.

76 2523 142 2551 Post
163 2522 222 2552 haec
243 2529 332 2552 autem
347 2522 492 2563 prophetas
505 2522 590 2559 misit,
607 2523 692 2551 multa
707 2522 793 2551 millia
816 2532 887 2552 saeva
903 2522 974 2563 passi
987 2528 1048 2551 sunt
1066 2533 1072 2549 τ
1088 2520 1169 2549 ιἰϊιιίῑ
1183 2519 1294 2556 bellum,
1309 2518 1450 2547 interemta
1471 2526 1534 2548 sunt
1548 2521 1638 2550 omnia

77 2575 102 2598 et
115 2569 234 2610 dirupta,
249 2569 349 2599 incensi
360 2570 435 2599 libri.
451 2570 598 2610 Inspiravit
612 2570 710 2599 iterum
722 2569 806 2599 alium
818 2570 921 2607 virum,
935 2577 963 2598 ut
979 2568 1116 2598 mirabiles
1130 2568 1190 2596 illas
1201 2566 1356 2606 Scripturas
1367 2573 1510 2606 repararet,
1524 2567 1638 2614 Esdram

78 2617 150 2655 dico,
163 2623 187 2646 et
201 2627 234 2646 cx
249 2616 369 2655 reliquiis
381 2617 490 2646 illarum
503 2627 662 2657 componere
675 2617 746 2646 fecit.
762 2618 825 2646 Post
839 2616 895 2646 lime
908 2615 1085 2656 dispensavit,
1099 2622 1126 2643 nt
1140 2614 1378 2653 interpretarentur
1388 2622 1432 2641 cas
1443 2612 1637 2650 Septuaginta:
