1906 2846
129 360 214 380 nanta.
244 367 265 388 ς.

126 398 165 418 27,

126 454 198 474 Tor-1.-
221 460 266 473 nm-

126 491 167 506 ιιμ,
186 486 264 504 cun-itt<

125 521 241 541 gratuiti-*x-

127 548 222 566 hostium
236 547 266 565 ir-

126 582 246 605 ruptione-³.

283 200 302 241 ‚¹
320 200 350 241 »ἦ
621 206 649 227 s.
677 204 815 228 sommis
841 204 1021 226 cuuvsos'r.
1053 205 1208 228 Anconae.
1238 205 1506 229 CONSTAN'riNor.

282 270 380 298 ibimus
405 275 430 297 ct
442 267 533 305 gravia
549 266 701 305 patiemur,
715 276 762 293 nos
776 275 810 293 ex
824 264 890 303 ipsis
905 263 1020 293 excede-
1076 265 1160 303 λέγω,
1176 271 1309 302 πεσεῖται;
1321 266 1372 305 πρὸ
1385 269 1431 301 τῆς
1445 266 1570 300 πτώσεως
1582 269 1658 306 ἡμεῖς
1676 269 1843 306 ἀπολούμεθα

280 325 347 343 inus.
361 315 415 342 Cur
429 312 592 340 aedificamus
607 320 687 348 super
701 320 807 338 arenam
817 309 830 336 ἱ)
843 308 1020 338 AEdificemus
1075 311 1119 339 καὶ
1140 310 1210 339 δεινὰ
1231 311 1392 349 πεισόμεθα,
1417 312 1514 349 *ἡμεῖς
1542 313 1627 341 αὐτῶν
1653 315 1843 352 ἔκστησόμεθα.

280 370 359 399 supra
379 365 479 397 petram
491 369 496 383 :
510 367 570 384 nam
589 355 722 393 quidquid
737 355 862 389 irruerit,
877 354 952 384 dirui
967 365 1019 383 non
1074 356 1110 385 Τι’
1121 358 1306 395 οἰκοδομοῦμεν
1319 357 1363 386 ἐπὶ
1377 357 1425 391 τὴν
1438 358 1544 395 ἄμμον;
1560 358 1785 396 Οἰκοδομήσωμεν
1801 359 1845 388 ἐπὶ

280 405 374 444 poterit
386 404 454 432 illud
465 402 699 436 a=tlitict1un,nihil
712 402 739 431 id
752 409 1017 441 potestexpugnare3
1073 402 1120 437 τὴν
1137 403 1251 442 πέτραν·
1271 403 1335 443 ὅπερ
1352 403 1402 443 γὰρ
1418 403 1463 432 ἐὰν
1481 403 1595 442 ἐπέλθῃ,
1612 404 1745 436 ἀνάλωτος
1759 404 1843 439 ἐκείνη

279 457 302 478 et
318 449 411 477 merito
425 461 430 475 z
444 459 505 476 nam
526 448 650 475 omnibus
672 447 714 476 his
739 447 846 476 insidiis
870 447 1020 476 inaccessus
1075 448 1145 485 με’νει
1156 452 1172 484 ἡ
1191 449 1315 486 οἰκοδομὴ
1327 472 1334 485 ,
1349 449 1420 478 οὐδὲν
1437 449 1517 484 αὐτὴν
1534 450 1671 485 δυνήσεται
1686 451 1763 485 ἑλεῖν,
1778 449 1845 478 εἰκό-

279 503 317 524 est
334 496 379 524 itte
393 496 466 523 locus
481 518 487 529 ,
509 494 579 522 sicut
593 501 684 522 contra
700 494 745 522 hie
766 501 839 533 patet
861 493 998 522 invadenti
1012 506 1018 521 :
1075 506 1140 527 τως·
1156 494 1254 528 πάσαις
1274 495 1326 534 γὰρ
1343 496 1494 527 ἐπιίουλαῖς
1508 495 1640 528 τοιαύταις
1655 495 1750 527 ἄὸατος
1764 497 1778 523 ὁ
1793 497 1845 533 χῶ-

281 552 341 569 uam
363 548 388 568 et
413 547 488 568 terra:
512 546 600 567 motus
625 546 650 567 et
674 539 894 578 conflagrationes
918 546 943 567 et
971 539 1020 567 ho-
1076 552 1118 579 ρος
1141 542 1237 573 ἐκεῖνος
1249 563 1257 577 ,
1282 540 1372 580 ὥσπερ
1394 536 1437 570 οὖν
1453 544 1466 570 ὁ
1480 543 1591 570 ἐνταῦθα
1616 541 1709 580 βατός·
1734 541 1779 569 καὶ
1793 540 1844 579 γὰρ

279 587 360 615 stium
388 585 569 625 irruptiones,
587 586 644 614 haee
658 586 737 613 etiam
753 596 800 613 nos
817 585 893 614 vivos
912 584 1018 624 privant
1030 609 1064 627 295

280 634 329 661 isto
367 631 483 660 aedificio
509 642 579 670 saepe
600 638 689 660 autem
718 631 799 659 etiam
821 641 882 659 cum
915 641 945 658 eo
971 640 1018 658 nos
1038 637 1057 658 Α
1074 634 1172 665 ζῶντας
1186 634 1256 669 ἡμᾶς
1269 634 1417 671 ἀφαιρεῖται
1434 632 1523 668 αὐτὴν,
1538 632 1665 664 πολλάκις
1679 631 1765 661 δὲκαὶ
1787 633 1842 669 μετ’

277 679 402 719 perdunt.
424 678 538 713 Quando
561 685 649 706 autem
678 678 766 717 ipsum
793 678 872 706 etiam
899 677 1018 719 steterit7
1074 680 1153 713 αὐτῆς
1174 679 1327 707 ἀπόλλυσιν.
1344 677 1430 707 “O-tow
1449 678 1475 707 δὲ
1497 678 1542 707 καὶ
1562 678 1628 714 αὐτὴ
1645 678 1759 717 ἑστήκῃ,
1785 678 1844 706 τότε

278 731 340 753 tunc
356 735 402 753 nos
424 731 469 752 aut
492 724 603 753 morbus
619 724 671 752 cito
685 723 810 759 abducit,
825 730 870 751 aut
884 730 1018 751 manentes
1073 726 1143 762 ἡμᾶς
1158 724 1174 759 ἢ
1192 724 1265 757 νόσος
1277 724 1398 762 ἀπήγαγε
1414 724 1545 759 οᾶττον,ἢ
1562 724 1686 762 μένοντας
1701 726 1746 753 οὐκ
1759 723 1844 753 εἴασεν

1075 586 1178 624 σεισμοὶ
1203 586 1248 615 καὶ
1271 586 1423 626 ε’μπρησμοὶ
1447 587 1492 615 καὶ
1515 586 1648 624 πολεμίων
1670 586 1759 625 ἔφοδος
1779 585 1844 615 ἔ’καὶ

278 783 329 800 non
348 772 411 800 sinit
430 782 460 800 eo
481 778 551 799 recte
565 770 618 798 frui
632 783 637 798 :
650 781 774 808 quaenam
790 770 861 798 enim
882 776 920 798 est
942 770 1018 797 volu·
1074 771 1155 805 αὐτῆς
1166 772 1316 799 ἀπολαῦσαι
1328 772 1427 803 καλῶς·
1440 770 1503 799 ποία
1515 770 1565 809 γὰρ
1576 770 1670 805 ἡδονὴ,
1687 770 1747 799 ἔνθα
1757 770 1844 805 νόσοι,

277 825 346 857 ptas,
360 817 407 845 ubi
422 824 484 845 sunt
499 817 597 851 morbi,
613 823 638 845 et
650 816 802 851 calumniae,
817 823 843 844 et
858 815 961 844 invidia
973 839 980 851 ‚
993 822 1019 843 et
1074 816 1119 844 καὶ
1135 816 1307 855 συκοφαντίαι
1317 839 1324 851 ,
1345 816 1390 844 καὶ
1412 816 1501 855 φθόνος
1511 838 1518 851 ,
1535 816 1580 844 καὶ
1595 816 1733 845 ἐπιδουλαί
1747 827 1754 852 ;
1769 815 1807 844 Ἦ
1823 817 1844 844 εἷ

276 864 407 892 insidiae?
423 865 476 892 Aut
497 863 518 891 si
538 863 607 890 nihil
628 863 726 891 horum
747 873 795 890 nos
825 862 929 898 turbet,
951 871 1019 900 saepe
1075 861 1157 899 μηδὲν
1184 862 1280 890 τούτων
1304 857 1321 900 ἦ
1343 862 1373 890 τὸ
1396 863 1530 901 ἐνοχλοῦν,
1557 861 1650 890 παιδία
1664 861 1792 894 πολλάκις
1807 861 1843 899 μὴ

277 910 398 938 dolemus
412 916 437 937 et
452 919 520 947 aegre
535 908 645 937 serimus
659 907 733 946 quod
745 908 845 936 liberos
861 918 912 936 non
930 917 1019 936 susce-
1073 908 1189 947 ἔχοντες,
1214 908 1337 945 ἀλύομεν,
1351 908 1606 946 δυσανασχετοῦμεν,
1628 909 1674 936 οὐκ
1687 907 1792 946 ἔχοντες
1808 902 1844 939 οἶς

277 956 406 995 perimus,
420 966 467 983 nec
477 955 624 983 babeamus
636 955 678 983 cui
693 961 796 983 nostras
807 954 900 983 domos
913 960 1019 982 caetera-
1072 955 1232 993 παραδῶμεν
1255 953 1302 985 τὰς
1321 954 1405 986 οἰκίας
1420 953 1464 981 καὶ
1478 953 1563 981 τᾶλλα
1581 952 1668 981 πάντα
1681 964 1687 970 ·
1702 952 1747 981 καὶ
1760 964 1851 981 κατα-

278 1013 328 1040 quc
342 1001 479 1030 tradamus
491 1013 499 1038 ;
513 1008 538 1029 et
553 1000 651 1029 deinde
667 1000 818 1029 cruciamur
832 999 905 1038 quod
916 999 1020 1028 labore·
1071 999 1223 1039 τρυχόμεῡα
1236 999 1328 1027 λοιπὸν
1346 1001 1380 1031 ὡς
1396 999 1493 1037 ἑτέροις
1508 1001 1662 1031 πονοῦντες·
1678 999 1808 1030 πολλάκις
1823 998 1849 1026 δὲ

278 1058 337 1075 mus
355 1047 425 1076 aliis.
445 1048 522 1085 Saepe
536 1053 624 1074 autem
638 1046 717 1074 etiam
731 1045 765 1074 ad
778 1045 901 1074 inimicos
916 1051 1020 1073 nostros
1038 1048 1055 1070 B
1074 1045 1119 1073 καὶ
1135 1047 1170 1078 εἰς
1187 1044 1294 1083 ἐχθροὺς
1311 1040 1388 1079 ἦλθεν
1405 1046 1417 1072 ὁ
1431 1046 1545 1083 κλῆρος,
1558 1045 1604 1072 οὐκ
1621 1043 1788 1072 ἀπελθόντων
1805 1043 1855 1081 μό-

278 1093 399 1131 perx‘enit
415 1092 557 1128 hereditas,
574 1102 626 1119 non
648 1091 734 1119 solum
757 1101 817 1119 eum
835 1101 882 1119 nos
903 1101 1022 1118 excesse—
1073 1100 1115 1118 νον
1129 1092 1215 1128 ἡμῶν,
1229 1090 1297 1118 ἀλλὰ
1308 1090 1352 1118 καὶ
1361 1089 1474 1123 ζώντων.
1487 1089 1522 1118 Τί
1536 1089 1620 1118 τοίνυν
1634 1088 1795 1127 ἀθλιώτερον
1807 1093 1852 1117 τοῦ

278 1139 373 1177 rimus,
386 1138 434 1166 sed
452 1138 534 1166 etiam
550 1137 627 1165 nobis
647 1136 736 1164 adhuc
759 1136 922 1165 viventibus.
944 1135 1019 1170 Quid
1074 1140 1127 1168 τοῖς
1142 1138 1244 1174 ἐχθροῖς
1259 1135 1379 1172 κάμνειν,
1397 1135 1441 1163 καὶ
1457 1135 1498 1163 ἵνα
1512 1136 1611 1163 ἐκεῖνοι
1626 1134 1831 1163 ἀναπαύσωνται
1843 1157 1850 1169 ,

278 1196 340 1223 ergo
361 1191 398 1213 est
422 1184 544 1212 miserius
569 1193 650 1221 quam
674 1183 795 1211 laborare
815 1182 941 1217 inimicis,
954 1188 1020 1210 etut
1075 1181 1166 1214 αὐτοὺς
1181 1181 1311 1219 ἁμαρτίας
1333 1181 1487 1219 συλλέγειν,
1507 1180 1560 1209 Καὶ
1575 1180 1666 1209 τούτου
1687 1179 1720 1208 τὰ
1743 1180 1847 1208 ὑποδεί-

276 1231 317 1259 illi
339 1230 366 1258 in
384 1230 473 1268 quiete
486 1229 594 1268 degant,
609 1228 716 1256 sibimet
737 1228 788 1267 ipsi
804 1234 910 1267 peccata
926 1238 1020 1266 conge·
1072 1239 1163 1265 γματα
1178 1227 1263 1255 πολλὰ
1279 1228 1304 1254 ἐν
1320 1231 1376 1258 ταῖς
1391 1227 1497 1255 πόλεσιν
1513 1228 1620 1263 ὁρᾶται·
1634 1225 1678 1271 καὶ
1699 1227 1766 1262 σιγῶ
1777 1247 1784 1260 ,
1805 1225 1849 1253 ἵνα

277 1276 356 1304 rere?
372 1276 460 1315 Hujus
473 1275 511 1304 rei
526 1275 608 1303 multa
625 1274 748 1313 exempla
764 1281 908 1302 cernuntur
930 1274 957 1301 in
982 1274 1020 1301 ei·
1075 1273 1111 1311 μὴ
1125 1273 1236 1307 λυπήσω
1248 1272 1307 1304 τοὺς
1325 1271 1553 1309 ἀπεστερημένους
1563 1282 1569 1288 ·
1585 1271 1642 1299 ἐπεὶ
1655 1273 1727 1299 εἶπον
1743 1270 1773 1298 ἂν
1788 1271 1848 1299 ὀνο-

277 1322 421 1358 vitatibus;
437 1328 462 1349 et
478 1328 561 1358 taceo,
582 1331 613 1348 ne
634 1320 754 1348 molestia
776 1320 892 1348 afficiam
915 1330 957 1348 eos
972 1320 1019 1357 qui
1073 1318 1154 1355 μαστὶ
1168 1317 1213 1346 καί
1223 1329 1295 1349 τινας
1305 1316 1330 1349 ἐξ
1346 1318 1442 1351 αὐτῶν,
1455 1317 1500 1344 καὶ
1514 1315 1598 1344 πολλὰ
1611 1311 1681 1354 εἶχον
1693 1316 1848 1355 διηγήματα

281 1375 342 1396 sunt
363 1367 479 1407 privati5
497 1366 616 1404 alioquin
638 1366 740 1404 aliquot
754 1376 788 1394 ex
810 1366 847 1393 eis
861 1365 1019 1393 nominatim
1074 1365 1166 1399 εἰπεῖν,
1183 1363 1227 1391 καὶ
1250 1362 1349 1393 πολλὰς
1369 1361 1502 1394 ὑποδεῖξαι
1514 1361 1597 1393 οἰκίας
1609 1363 1680 1399 ὑμῖν,
1693 1361 1721 1390 αἳ
1743 1362 1847 1402 κυρίους

278 1413 403 1450 dicerem,
419 1420 443 1441 et
454 1413 537 1440 multa
548 1422 652 1451 possem
664 1417 812 1447 narrare,et
828 1411 926 1439 multas
941 1411 1018 1439 vobis
1073 1408 1166 1436 ἕλαῧον
1180 1407 1237 1439 τοὺς
1252 1407 1358 1446 ἐχθροὺς
1368 1408 1420 1435 τῶν
1432 1407 1492 1446 περὶ
1505 1407 1585 1439 αὐτὰς
1598 1407 1769 1442 πονησάντων
1778 1419 1784 1424 ·
1801 1409 1847 1436 οὒκ

277 1459 371 1488 domos
383 1459 529 1496 ostendere⁷
542 1470 600 1497 quae
615 1464 772 1497 acceperunt
786 1457 908 1486 dominos
929 1458 1019 1485 inimi·
1074 1454 1153 1482 οἰκίαι
1172 1453 1214 1488 δὲ,
1231 1453 1299 1481 ἀλλὰ
1319 1452 1363 1481 καὶ
1384 1453 1536 1491 ἀνδράποδα
1559 1452 1605 1481 καὶ
1629 1453 1698 1485 ἅπας
1715 1455 1728 1481 ὁ
1751 1454 1847 1493 κλῆρος

279 1516 322 1534 cos
339 1516 430 1534 θοι-[ιω
443 1505 488 1543 qui
501 1505 570 1533 circa
586 1515 628 1532 eas
642 1504 848 1531 laboraverant:
864 1513 915 1531 nou
930 1503 1017 1531 solum
1036 1511 1053 1533 C
1073 1501 1203 1533 πολλάκις
1220 1502 1256 1532 εἷς
1280 1499 1338 1533 τοὺς
1363 1499 1471 1539 ἐχθροὺς
1493 1502 1627 1539 περιῆλθε.
1650 1502 1770 1530 Τοιαῦτα
1795 1500 1847 1541 γὰρ

279 1561 367 1582 autem
383 1553 468 1591 aedes,
484 1553 529 1581 sed
550 1559 575 1581 et
594 1551 725 1590 mancipia
742 1558 767 1579 et
783 1558 837 1579 tota
853 1561 923 1590 saepe
942 1551 1017 1579 here·
1072 1551 1105 1581 τὰ
1121 1550 1284 1590 ἀνθρώπινα.
1298 1550 1344 1579 Ἔν
1360 1554 1412 1583 τοῖς
1425 1551 1544 1590 οὐρανοῖς
1560 1550 1587 1579 δὲ
1602 1550 1674 1579 οὐδέν
1688 1551 1746 1579 ἐστι
1761 1551 1844 1580 δεῖσαι

312 1633 323 1645 “
341 1633 419 1664 [naec
432 1636 495 1664 ἡμεῖς
507 1635 557 1657 αὐτ.
571 1635 630 1656 §aaz
641 1639 691 1654 om.
706 1630 730 1653 in
751 1630 779 1653 A.
800 1630 828 1653 B.
847 1635 872 1653 et
896 1629 1037 1662 Commel.]
1085 1630 1294 1662 interpretatione
1307 1634 1393 1653 nostra
1406 1627 1542 1654 consentit.

309 1680 318 1690 ²
338 1673 368 1696 Iu
379 1672 440 1695 serie
453 1670 547 1703 aliquid
560 1669 698 1694 desiderari
711 1668 819 1694 videtur,
835 1669 961 1692 Mutianus
979 1678 1037 1693 cum

704 1763 880 1792 MUTIANO
903 1762 1156 1792 SCHOLASTICO
1180 1763 1432 1792 INTERPRETE.

278 1851 364 1873 autem
377 1845 420 1883 [f.
434 1854 481 1872 nos
495 1843 595 1881 etiam]
609 1849 668 1871 ante
683 1842 789 1871 ruinam
804 1842 860 1881 ejus
879 1842 1023 1881 periemus,
1035 1849 1060 1870 et
1073 1849 1204 1871 tormenta
1219 1853 1289 1872 saeva
1303 1842 1444 1881 patiemur.
1458 1843 1513 1871 Nos
1535 1842 1599 1871 hinc
1618 1842 1707 1881 itaque
1729 1843 1842 1882 plurimi

277 1903 369 1920 sumus
382 1891 521 1929 egressuri.
533 1890 607 1925 Quid
626 1890 792 1918 aedificamus
810 1900 890 1928 super
903 1900 1011 1918 arenam
1025 1889 1176 1918 mobilem?
1187 1890 1252 1928 quin
1267 1889 1357 1929 potius
1371 1889 1534 1919 aedificemus
1556 1890 1583 1918 in
1604 1896 1679 1929 petra
1693 1889 1843 1929 :quidquid

276 1940 345 1968 enim
360 1938 492 1973 inciderit,
507 1938 606 1966 invicta
622 1937 722 1966 fabrica
734 1944 893 1976 perseverat,
906 1937 974 1965 nihil
987 1948 1044 1966 eam
1056 1944 1216 1973 commovet,
1227 1937 1295 1965 nihil
1309 1938 1418 1975 evertit;
1432 1945 1457 1966 et
1468 1938 1562 1966 merito
1574 1949 1580 1965 ι
1593 1937 1628 1966 ad
1643 1948 1733 1966 omnes
1744 1938 1845 1977 quippe

276 1987 344 2015 ictus
364 1986 504 2014 inadibilis
517 1985 562 2014 ille
573 1985 647 2013 locus
663 1985 778 2022 exsistit,
795 1984 863 2013 sicut
875 1995 889 2012 e
901 1992 991 2013 contra
1005 1985 1053 2013 iste
1073 1985 1176 2014 cunctis
1190 1992 1263 2024 patet
1282 1985 1387 2013 ictibus.
1407 1985 1457 2013 Hic
1479 1996 1593 2024 namque
1614 1993 1639 2014 et
1659 1992 1736 2014 terrae
1755 1992 1844 2014 motus

275 2034 404 2071 obruunt,
419 2040 444 2062 et
456 2032 578 2061 incendia
593 2039 763 2069 consumunt,
774 2039 798 2060 et
812 2031 962 2060 infestantia
976 2032 1047 2061 bella
1059 2032 1210 2069 devastant,
1224 2040 1249 2061 et
1261 2033 1339 2062 vivos
1354 2043 1402 2061 nos
1417 2033 1553 2071 auferunt,
1569 2039 1711 2071 antequam
1724 2032 1843 2061 mundus

276 2082 324 2110 iste
342 2081 463 2110 concidat
476 2081 598 2118 :aliquos
612 2087 700 2108 autem
715 2090 805 2109 secum
819 2086 953 2108 tracturus
973 2087 1011 2109 est
1024 2080 1059 2108 ad
1074 2087 1196 2109 mortem.
1209 2079 1261 2109 Sed
1276 2080 1357 2109 etiam
1375 2087 1460 2109 stante
1477 2080 1576 2109 mundo
1591 2080 1701 2108 morbus
1717 2080 1805 2116 irruit,
1819 2085 1845 2108 et

276 2137 322 2158 aut
335 2129 455 2158 celeriter
468 2128 532 2156 hinc
544 2128 673 2164 excludit,
685 2135 731 2156 aut
746 2134 928 2167 permanentes
942 2127 986 2156 hic
1000 2138 1051 2156 non
1067 2128 1131 2156 sinit
1145 2128 1236 2157 vivere
1251 2135 1434 2167 congruenter.
1450 2129 1520 2157 Nam
1540 2128 1627 2166 qualis
1644 2128 1778 2167 voluptas,
1798 2134 1845 2156 aut

277 2176 511 2216 quaejucunditas,
524 2176 571 2203 ubi
590 2175 676 2204 morbi
700 2175 828 2212 continui,
845 2182 870 2203 et
885 2175 1090 2204 calumniatores
1106 2175 1228 2214 plurimi,
1245 2176 1393 2214 frequentes
1409 2174 1535 2204 insidiae?
1554 2176 1607 2204 Aut
1626 2175 1648 2203 si
1663 2175 1762 2203 horum
1777 2174 1845 2203 nibil

277 2225 324 2259 sit,
336 2222 408 2262 quod
420 2222 586 2262 impossibile
596 2229 633 2250 est
642 2245 650 2256 ‚
663 2222 807 2260 aliquando
829 2221 907 2250 etiam
923 2222 993 2251 filios
1007 2233 1059 2251 non
1074 2222 1200 2251 habentes
1215 2222 1428 2261 inaequanimiter
1441 2222 1553 2250 serimus
1562 2244 1571 2257 ,
1583 2222 1744 2250 moeroribus
1758 2221 1846 2250 affici-

278 2283 348 2309 mur,
364 2282 416 2300 non
426 2271 554 2299 hahentes
571 2270 668 2308 quibus
681 2276 782 2298 nostras
795 2269 889 2298 domos
901 2277 925 2298 et
937 2277 1030 2298 caetera
1044 2269 1230 2298 contradamus
1245 2282 1250 2297 :
1265 2277 1291 2299 et
1307 2269 1409 2308 maguis
1427 2276 1582 2307 torquemur
1595 2269 1752 2305 doloribus,
1763 2268 1787 2298 si
1798 2279 1846 2297 no-

278 2319 338 2347 stris
349 2319 486 2347 laboribus
498 2317 581 2346 exteri
594 2317 774 2357 perfruantur.
787 2317 939 2355 Aliquando
953 2317 1032 2346 etiam
1046 2317 1081 2345 ad
1096 2316 1217 2346 inimicos
1231 2317 1303 2346 venit
1316 2316 1457 2352 hereditas,
1469 2323 1494 2345 et
1506 2327 1557 2345 non
1573 2315 1661 2345 solum
1673 2316 1787 2345 mortuis
1797 2326 1845 2345 no-

277 2365 330 2401 bis,
348 2365 523 2394 verumetiam
535 2363 681 2402 aliquando
693 2363 855 2392 viventibus.
869 2363 942 2398 Quid
954 2364 1036 2402 igitur
1047 2364 1097 2393 hoc
1110 2363 1234 2392 miserius
1246 2370 1329 2403 potest
1345 2374 1400 2392 esse
1418 2363 1461 2392 vel
1480 2363 1623 2399 infelicius,
1635 2373 1716 2401 quam
1727 2362 1846 2391 inimicis

278 2412 333 2439 suis
345 2423 505 2450 quemquam
519 2411 650 2447 laborare,
663 2417 687 2439 et
702 2416 732 2438 ut
747 2410 787 2438 illi
803 2410 829 2438 in
843 2410 946 2439 deliciis
959 2410 1071 2449 degant,
1084 2411 1210 2450 pecunias
1221 2411 1380 2449 congerere?
1395 2410 1498 2439 Harum
1516 2420 1606 2439 rerum
1624 2409 1746 2449 exempla
1759 2409 1845 2438 multa

279 2466 423 2487 cernuntur
445 2459 472 2487 in
494 2458 609 2487 diversis
625 2457 778 2487 civitatibus
798 2457 942 2492 accidisse3
957 2458 1001 2486 sed
1019 2459 1107 2495 [add.
1124 2465 1208 2495 taceo,
1219 2460 1230 2496 ]
1243 2468 1275 2486 ne
1290 2457 1442 2486 contristem
1458 2457 1579 2494 forsitan,
1591 2457 1689 2495 quihus
1703 2456 1767 2485 talia
1779 2467 1842 2496 pro-

280 2514 420 2544 venerunt,
434 2507 536 2545 alioqui
551 2505 709 2535 nominatim
729 2505 833 2543 aliquos
851 2505 1033 2544 protulissem,
1048 2513 1072 2534 et
1093 2505 1241 2545 plurimum
1258 2505 1291 2534 de
1310 2505 1360 2534 hac
1375 2516 1402 2534 re
1418 2516 1523 2545 possem
1539 2504 1671 2544 protelare
1684 2514 1843 2541 sermonem,

280 2553 422 2591 pluresque
431 2553 525 2582 domos
535 2553 685 2590 ostendere,
698 2554 725 2581 in
741 2553 839 2591 quibus
851 2552 954 2581 inimici
969 2553 1141 2582 dominorum
1157 2553 1220 2582 facti
1235 2560 1296 2582 sunt
1310 2553 1422 2582 domini.
1434 2554 1489 2582 Nee
1504 2553 1555 2581 hoc
1567 2552 1601 2580 de
1612 2551 1728 2580 dominis
1739 2552 1780 2590 [f.
1795 2551 1844 2580 do—

282 2600 385 2635 mibus]
399 2601 514 2629 invenies
530 2608 641 2637 tautum7
655 2600 698 2629 sed
717 2601 796 2629 etiam
814 2600 848 2629 de
859 2600 941 2630 servis
953 2600 1094 2639 contigisse
1106 2611 1265 2638 cognoscas:
1277 2611 1344 2639 saepe
1360 2600 1461 2639 quippe
1475 2600 1506 2629 ad
1520 2599 1641 2628 inimicos
1651 2598 1783 2628 hereditas
1795 2609 1843 2627 no-
