1886 2846
73 1442 178 1464 Haeretici

72 1473 162 1500 qnidam
182 1474 216 1495 di-

72 1504 150 1524 cebant

70 1534 184 1556 Christum

70 1573 110 1592 per
120 1568 215 1594 speciem

72 1602 215 1622 t.=ntum,non

70 1636 121 1648 vere
143 1631 216 1650 venis.

72 1665 103 1678 se.

233 192 278 228 62

233 277 264 295 re
270 267 388 305 fratres.
400 266 483 296 Vides
498 266 632 305 quomodo
644 277 738 295 rursus
750 265 871 295 ostendat
882 265 967 293 excel-

231 314 366 342 lentiam?
381 314 475 343 Dicere
494 315 564 343 enim
578 337 585 351 ,
601 315 668 343 Non
684 316 835 350 erubescit,
855 311 966 341 ostendit

233 366 317 388 totum
331 370 385 388 esse
398 370 449 388 non
464 360 500 388 rei
515 367 631 395 naturae,
648 359 693 388 sed
706 361 762 398 ejus
774 359 820 397 qui
837 368 888 386 non
903 366 967 385 eru-

231 405 316 433 bescit
335 405 523 435 benevolentiae
544 412 569 434 et
590 406 681 434 multae
706 403 875 433 humilitatis.
899 403 969 430 Nam

232 450 335 479 etiamsi
348 450 432 479 simus
445 462 478 479 ex
489 462 556 485 uno,
570 451 614 479 ille
629 450 736 488 quidem
748 449 894 477 sanctificat
903 468 909 480 ‚
922 456 968 474 nos

232 502 320 524 autem
334 496 539 525 sanctificamur.
554 496 671 524 Multum
684 496 799 523 interest.
810 492 899 520 Etille
909 491 969 529 qui-

232 541 293 569 dem
305 551 340 570 ex
355 542 448 579 Patre,
464 549 601 579 tamquam
612 549 690 569 verus
704 545 729 567 et
739 538 862 576 proprius
874 537 968 574 Filius,

232 587 283 616 hoc
292 594 340 624 est,
352 598 386 616 ex
394 589 451 627 ejus
460 587 569 616 essentia
578 598 585 623 3
596 596 643 614 nos
653 591 741 612 autem
751 590 885 621 tamquam
897 593 966 611 crea·

232 641 308 671 tura,
325 634 375 663 hoc
390 641 442 670 est,
456 644 490 662 ex
504 633 596 661 nihilo.
612 631 730 660 Multum
746 629 836 667 itaque
850 629 966 658 interest.

230 680 411 715 Quamobrem
424 679 488 708 dicit
503 701 509 712 ‚
530 678 597 706 Non
611 677 751 704 erubescit
768 677 844 713 ipsos
859 684 968 703 vocare

228 728 346 766 fratres,
357 726 446 755 dicens
457 738 462 752 :
478 727 524 753 12.
538 724 689 752 Νιιηῑίὶιὺο
700 732 805 750 nomen
816 728 895 750 tuum
902 721 967 760 fra-

231 775 321 801 eribus
333 774 410 800 meis.
422 772 490 799 Nam
503 779 581 797 carne
592 768 712 802 indutus,
725 767 813 796 induit
824 767 904 795 etiam
915 767 967 795 fra-

231 819 394 852 ternitatem,
408 824 432 845 et
446 815 525 844 simul
542 815 620 843 etiam
636 814 754 854 ingressa
767 820 804 842 est
817 824 879 842 cum
892 823 969 842 carne

229 863 388 892 fraternitas.
403 862 455 891 Sed
465 862 516 890 hoe
526 860 635 899 quidem
646 860 741 889 merito
755 859 866 888 adducit
879 872 884 887 :
898 859 968 888 illud

229 916 332 945 autem,
350 909 395 936 15.
413 908 477 946 Egv
495 917 543 935 ero
559 907 709 946 confidens
721 908 753 934 in
765 916 839 942 eum,
854 904 921 943 quid
931 905 968 933 si-

230 954 257 982 bi
280 953 363 982 vult?
381 953 450 982 Nam
468 960 494 981 et
514 952 586 991 qnod
602 959 694 991 postea
709 951 819 990 quidem
839 951 968 989 sequitur,
988 957 1004 977 Α

230 1000 324 1028 merito
335 1011 341 1027 z
353 1000 431 1028 Ecce
442 1009 493 1038 ego
502 1005 528 1026 et
536 1000 620 1037 pueri
627 1008 698 1036 quos
710 998 781 1026 mihi
790 997 966 1025 dedizDeus.

228 1046 304 1075 Sicut
317 1045 389 1074 enim
405 1044 449 1073 hic
465 1044 583 1083 seipsum
596 1043 710 1072 ostendit
722 1043 828 1071 Patrem
838 1064 846 1079 ‚
862 1041 898 1070 ita
912 1041 968 1070 illic

227 1092 338 1120 fratrem
359 1102 364 1118 :
389 1091 597 1123 Annuntiabo‚
620 1089 689 1117 enim
702 1111 710 1124 ‚
731 1088 832 1126 inquit,
863 1098 968 1116 nomen

229 1145 311 1166 tuum
319 1138 464 1176 fratribus
474 1137 554 1164 meis.
574 1135 609 1163 Et
622 1145 715 1163 rursus
726 1133 840 1163 ostendit
854 1133 967 1161 multam

228 1183 423 1219 excellentiam,
434 1189 458 1211 et
469 1181 541 1220 quod
554 1181 669 1210 multum
681 1180 794 1217 intersit,
807 1190 855 1219 per
867 1190 895 1208 ea
909 1190 967 1217 qum

228 1230 354 1268 deinceps
367 1235 516 1267 sequuntur
531 1239 536 1255 :
555 1228 602 1256 14.
623 1228 699 1266 Quia
713 1236 778 1265 ergo
790 1227 873 1265 pueri
886 1235 966 1254 com-

228 1277 452 1303 municaverunt
466 1275 550 1302 carni
564 1280 590 1301 et
603 1274 749 1312 sanguini.

267 1324 295 1351 4.
313 1321 399 1351 Vides
413 1321 460 1349 uhi
474 1320 509 1349 sit
525 1319 695 1349 similitudo?
710 1329 804 1358 nempe
819 1317 965 1347 secundum

228 1377 344 1396 carnem.
366 1368 406 1395 Et
426 1368 486 1405 ipse
500 1366 635 1395 similiter
644 1366 834 1403 participavit
849 1365 964 1392 eisdem.

228 1413 392 1441 Emhescant
405 1422 496 1440 omnes
506 1411 634 1448 haeretici7
641 1421 696 1450 prae
705 1410 807 1450 pudore
817 1421 844 1439 se
855 1410 966 1438 abscon-

227 1458 292 1487 dant
306 1458 352 1497 qui
367 1457 461 1486 dicunt
477 1468 539 1486 eum
553 1457 693 1486 advenisse
706 1467 753 1496 per
767 1457 881 1496 speciem
893 1478 900 1493 ‚
913 1466 966 1484 non

228 1505 285 1544 ipsa
299 1504 337 1533 rei
348 1504 467 1533 veritate.
479 1504 503 1532 N
506 1514 539 1531 on
550 1503 638 1532 solum
649 1503 720 1531 enim
729 1502 799 1531 <lixit
807 1525 816 1538 ,
832 1503 887 1531 His
898 1512 966 1540 par-

228 1554 370 1592 ticipavit,
381 1558 406 1580 et
415 1551 511 1587 tacuit;
524 1561 698 1589 quamquam,
708 1549 811 1579 etiamsi
825 1552 863 1578 sic
877 1549 967 1578 dixis-

229 1606 282 1637 set,
305 1598 369 1627 satis
387 1604 468 1637 esset3
486 1597 532 1627 sed
553 1597 658 1636 aliquid
673 1596 749 1625 aliud
764 1597 850 1636 majus
867 1595 966 1635 posuit,

568 205 597 227 S.

266 1707 276 1718 Α
295 1699 333 1731 [Α.
344 1699 371 1723 B.
384 1697 508 1723 Commel.
517 1703 543 1722 et
553 1706 631 1730 marg.
647 1696 722 1721 Savii.
736 1702 809 1723 ταῦτα
818 1699 860 1728 μὲν
870 1700 913 1729 γὰρ
926 1694 980 1727 eia]

269 1739 281 1756 b
301 1739 336 1762 De
352 1736 399 1762 hac
412 1736 498 1761 haeresi
517 1741 600 1760 actum
614 1741 650 1760 est
667 1735 692 1761 in
704 1735 860 1762 praefatione.
876 1736 980 1771 [qm-le«

984 929 1006 948 [tlt

626 205 764 228 JOANMS
791 204 970 228 cnm'sosT.
1002 204 1157 226 ARCHHEP.
1186 203 1452 228 CONSTANTINOI’.

1022 266 1066 293 τοῦ
1086 263 1122 301 μὴ
1140 264 1361 302 ἕπαισχυνομένου
1377 265 1406 294 τὸ
1418 269 1470 294 πᾶν
1485 265 1522 300 ὃν,
1537 266 1581 294 καὶ
1596 267 1643 301 τ’ἤς
1662 278 1783 295 ταπεινο-

1022 309 1149 347 φροσύνης
1162 311 1209 344 τ’ῆς
1223 310 1330 344 πολλῆς.
1343 310 1376 339 Εἰ
1389 310 1440 350 γὰρ
1455 311 1499 340 καὶ
1514 311 1540 344 ἐξ
1556 311 1611 344 ἑνὸς
1620 335 1627 347 ,
1640 312 1698 340 ἀλλ’
1713 314 1726 340 ὁ
1739 316 1785 350 μὲν

1022 355 1122 392 ἁγιάζει
1133 375 1140 389 ,
1152 357 1229 392 ἡμεῖς
1241 355 1267 383 δὲ
1283 355 1451 393 ἁγιαζόμεΟα.
1463 356 1536 386 Πολὺ
1550 357 1576 386 δὲ
1588 358 1617 386 τὸ
1632 358 1724 395 μέσον
1741 358 1786 386 καὶ

1023 401 1036 427 ὁ
1056 399 1102 437 μὲν
1125 401 1155 428 ἐκ
1169 404 1214 429 τοῦ
1230 399 1351 439 Πατρὸς,
1374 403 1409 433 ὡς
1424 401 1485 434 Υἱὸς
1504 403 1627 441 γνήσιος,
1641 403 1784 438 τουτέστιν,

1022 447 1051 474 ἐκ
1065 448 1112 480 τῆς
1125 446 1212 478 οὐσίας
1227 447 1303 474 αὐτοῦ
1315 457 1321 463 ·
1332 449 1409 484 ἡμεῖς
1421 446 1447 475 δὲ
1462 450 1497 480 ὡς
1512 448 1611 487 κτίσμα
1620 472 1627 485 ‚
1642 449 1786 484 τουτέστιν,

1024 491 1049 524 ἐξ
1062 492 1109 520 οὐκ
1125 491 1215 520 ὄντων.
1228 490 1312 520 ἰὨστε
1324 491 1390 520 πολὺ
1405 493 1434 521 τὸ
1449 493 1537 530 μέσον.
1555 495 1603 522 Διό
1625 506 1714 534 φησιν,
1729 497 1787 524 Οὐκ

1023 538 1210 577 ἐπαισχύνεται
1223 537 1348 577 ἀδελφοὺς
1362 538 1455 571 αὐτοὺς
1467 541 1567 575 καλεῖν,
1578 540 1660 579 λέγων
1671 553 1677 559 ·
1689 541 1786 580 Ἀπαγ-

1021 584 1090 622 γελῶ
1100 584 1128 612 τὸ
1142 584 1224 622 ὄνομά
1239 595 1283 613 σου
1295 588 1348 617 τοῖς
1363 585 1482 624 ἀδελφοῖς
1493 597 1552 622 μου.
1563 586 1621 621 Τὴν
1634 587 1686 626 γὰρ
1700 587 1787 627 σάρκα

1021 629 1206 667 ἐνδυσάμενος,
1224 630 1362 659 ἐνεδύσατο
1379 630 1423 659 καὶ
1439 631 1486 666 τὴν
1501 631 1665 671 ἀδελφότητα
1676 632 1720 661 καὶ
1730 645 1787 662 συν-

1021 677 1140 711 εισῆλθεν
1155 678 1261 714 ὁμοῦτῆ
1276 676 1354 715 σαρκὶ
1364 677 1409 705 καὶ
1423 680 1439 711 ἡ
1457 678 1609 716 ἀδελφότης.
1624 677 1702 707 Ἀλλὰ
1711 680 1788 707 τοῦτο

1023 721 1069 759 μὲν
1085 722 1190 755 εἰκότως
1206 722 1334 761 παράγει·
1350 722 1379 751 τὸ
1396 722 1422 751 δὲ
1432 745 1439 758 ,
1456 722 1528 762 Ἐγὼ
1542 723 1637 761 ἔσομαι
1656 723 1787 756 πεποιθὼς

1022 769 1063 796 ἐπ’
1080 769 1149 806 αὐτῷ
1158 791 1166 804 ,
1180 768 1206 796 τί
1221 768 1358 807 βούλεταις
1374 768 1430 797 Καὶ
1441 768 1472 797 τὸ
1486 768 1554 806 μετὰ
1565 771 1667 798 Βτοιῖῖτοι
1681 768 1708 798 δὲ
1720 770 1787 798 εἰκό-

1021 826 1086 847 τως·
1103 814 1170 843 Ἰδοὺ
1186 814 1238 853 ἐγὼ
1252 815 1296 843 καὶ
1314 815 1347 844 τὰ
1359 814 1452 843 παιδία
1473 814 1489 842 ἅ
1510 826 1555 852 μοι
1571 815 1665 843 ἔδωκεν
1679 817 1693 844 ὁ
1707 815 1784 847 Θεός.

1023 860 1126 899 εὨσπερ
1142 859 1192 899 γὰρ
1205 861 1317 888 ἐνταῦθα
1328 860 1432 898 πατέρα
1446 859 1573 888 δείκνυσιν
1589 860 1689 895 ἑαυτὸν,
1704 860 1786 893 οὕτως

1022 907 1076 934 ἐκεῖ
1093 906 1202 944 ἀδελφόν
1213 917 1218 923 ·
1233 905 1386 944 Ἀπαγγελῶ
1397 927 1405 938 ,
1418 905 1498 944 φησὶ,
1520 906 1550 933 τὸ
1570 905 1653 942 ὄνομά
1667 918 1712 935 σου
1731 911 1785 938 τοῖς

1022 953 1141 990 ἀδελφοῖς
1157 963 1206 989 μου
1218 963 1223 968 ·
1239 952 1284 979 καὶ
1299 951 1378 980 πάλιν
1390 950 1436 985 τὴν
1451 950 1584 989 ὑπεροχὴν
1600 951 1728 988 δείκνυσι,
1739 952 1785 980 καὶ

1021 998 1087 1026 πολὺ
1100 998 1129 1027 τὸ
1145 997 1234 1035 μέσον,
1254 997 1297 1026 διὰ
1310 1000 1362 1026 τῶν
1385 996 1443 1032 ἑξῆς
1453 1009 1458 1014 ·
1472 996 1549 1025 Ἐπεὶ
1569 993 1613 1026 οὖν
1627 997 1660 1026 τὰ
1675 997 1784 1033 παιδία,

1021 1043 1099 1081 φησὶ,
1115 1043 1303 1078 κεκοινώνηκεν
1319 1042 1428 1079 αἵματος
1444 1042 1488 1071 καὶ
1506 1042 1613 1081 σαρκός.

1059 1315 1141 1355 Ὁρᾶς
1152 1317 1201 1344 ποῦ
1218 1325 1282 1353 φησι
1301 1315 1330 1343 τὸ
1345 1314 1450 1351 ὅμοιον;
1468 1313 1536 1342 κατὰ
1550 1312 1598 1349 τὴν
1611 1313 1706 1352 σάρκα.
1722 1313 1784 1342 Πα-

1022 1360 1173 1401 ραπλησίως
1187 1360 1232 1389 καὶ
1254 1360 1330 1392 αὐτὸς
1343 1359 1456 1398 μετέσχε
1467 1361 1519 1388 τῶν
1543 1360 1637 1388 αὐτῶν.
1652 1358 1784 1398 Αἷσχυνέ-

1021 1410 1123 1436 conum
1142 1406 1238 1438 πάντες
1252 1407 1274 1434 οἳ
1298 1405 1438 1445 αἱρετικοὶ,
1460 1405 1712 1443 ἐγκαλυπτέσθωσαν
1739 1403 1786 1433 ¹²01

1021 1453 1126 1488 δοκήσει
1141 1452 1260 1491 λέγοντες
1277 1452 1352 1481 αὐτὸν
1376 1452 1584 1490 παραγενέσθαι,
1596 1451 1641 1479 καὶ
1655 1452 1701 1480 οὖκ
1720 1451 1785 1485 ἄλη·

1021 1499 1086 1538 θείᾳ.
1099 1499 1139 1527 Οὐ
1159 1498 1210 1537 γὰρ
1227 1493 1307 1533 εἶπεν,
1323 1497 1364 1527 ὅτι
1381 1497 1492 1536 μετέσχε
1511 1497 1619 1531 τούτων,
1636 1496 1724 1534 μόνον,
1739 1495 1784 1524 καὶ

1020 1544 1142 1582 ἐσίγησε·
1161 1543 1247 1572 καίτοι
1261 1543 1305 1572 καὶ
1320 1544 1342 1571 εἷ
1365 1542 1445 1575 οὕτως
1459 1538 1541 1578 εἶπεν,
1558 1542 1647 1571 ἱκανὸν
1662 1537 1710 1577 ἦν·
1724 1542 1782 1570 ἀλλ’

1021 1589 1108 1630 ἕτερόν
1129 1602 1155 1618 τι
1171 1591 1256 1629 μεῖζον
1272 1588 1393 1628 ἐνέφηνε,
1404 1589 1452 1624 τὸ,
1469 1588 1686 1628 Παραπλησίως,
1700 1598 1784 1626 προσ-

1026 1695 1129 1724 γενῆσθαι
1140 1698 1186 1722 pro
1198 1691 1360 1723 παραγενέσθαι
1372 1689 1399 1714 Α.
1413 1689 1440 1714 Β.
1452 1688 1574 1715 Commel.
1585 1695 1609 1714 et.
1620 1697 1698 1722 marg.
1712 1688 1783 1721 δεξιὴ]

643 1847 815 1876 ΜΗΤΙΑΝΟ
838 1847 1091 1877 SCHOLASTICO
1113 1847 1365 1877 INTERPRETE.

225 1959 300 1978 care.
323 1947 409 1976 Vides
432 1945 564 1984 quomodo
587 1946 684 1974 iterum
706 1945 821 1974 ostendit
841 1945 914 1974 illius
935 1945 1127 1974 eminentiam?
1149 1946 1179 1974 In
1195 1956 1225 1974 eo
1249 1946 1319 1974 enim
1339 1945 1411 1984 quod
1425 1945 1506 1982 dixit,
1524 1946 1593 1974 Non
1616 1946 1776 1982 erubescit,

225 1996 388 2024 demonstrat
407 2003 460 2022 non
481 1992 519 2020 rei
541 1999 640 2020 naturae
657 2003 723 2028 esse,
736 1992 782 2021 sed
801 1991 989 2020 misericordiae
1008 1993 1066 2031 ejus
1086 2003 1141 2021 esse
1162 2000 1263 2028 totum,
1281 1993 1327 2031 qui
1343 2003 1395 2021 non
1414 1992 1563 2027 erubescit,
1579 1998 1604 2020 et
1620 1991 1779 2021 humilitatis

226 2043 326 2072 multae.
339 2041 398 2070 Etsi
412 2040 482 2069 enim
497 2040 576 2068 etiam
588 2050 621 2068 ex
635 2050 698 2074 uno,
710 2046 894 2069 verumtamen
910 2040 954 2068 ille
963 2039 1122 2077 sanctificat,
1135 2050 1183 2068 nos
1194 2047 1282 2068 autem
1293 2040 1493 2068 sanctificamur
1503 2051 1511 2076 3
1523 2046 1548 2068 et
1564 2039 1680 2067 multum
1694 2039 1780 2067 inter-

225 2097 264 2119 est
280 2102 286 2119 :
300 2089 345 2118 ille
358 2087 465 2127 quidem
481 2097 514 2115 ex
535 2088 623 2122 Patre,
637 2087 705 2115 sicut
722 2087 808 2115 Filius
824 2094 848 2115 et
864 2087 1000 2126 proprius,
1016 2087 1067 2115 hoc
1086 2094 1124 2115 est
1135 2109 1142 2122 ‚
1160 2098 1193 2115 ex
1207 2087 1264 2126 ejus
1275 2087 1390 2115 essentia
1401 2098 1409 2123 ;
1422 2097 1468 2115 nos
1479 2093 1568 2114 autem
1583 2097 1617 2114 ex
1637 2085 1718 2113 nullis
1732 2096 1779 2114 ex-

226 2136 368 2165 stantibus.
383 2134 500 2164 Multum
516 2133 598 2172 igitur
614 2133 689 2169 item,
701 2134 734 2171 [l.
747 2134 876 2171 interest]
892 2135 1016 2173 Propter
1026 2134 1105 2172 quod
1119 2144 1177 2162 non
1188 2136 1344 2170 erubescit,
1360 2133 1457 2171 inquit,
1466 2134 1583 2172 fratres
1599 2142 1647 2160 eos
1661 2142 1778 2169 vocare,

225 2181 316 2209 dicens
328 2192 334 2207 ε
346 2180 541 2208 Annuntiabo
553 2189 654 2207 nomen
667 2185 746 2207 tuum
757 2180 903 2218 fratribus
917 2181 996 2208 meis.
1006 2180 1118 2207 Carnem
1129 2179 1200 2207 enim
1210 2178 1333 2215 induens,
1345 2178 1453 2207 indutus
1465 2185 1503 2207 est
1515 2178 1567 2206 mei
1577 2177 1779 2214 fraternitatem,

226 2235 251 2257 et
265 2227 416 2256 introducta
429 2233 467 2254 est
476 2225 558 2255 simul
569 2225 648 2254 etiam
664 2226 822 2254 fraternitas.
833 2226 886 2255 Sed
898 2226 946 2254 hoc
962 2226 1071 2264 quidem
1084 2233 1153 2255 recte
1168 2225 1353 2266 profe1·t,illud
1367 2232 1454 2254 autem
1465 2247 1472 2261 ,
1485 2226 1548 2264 Ego
1564 2235 1612 2253 ero
1628 2225 1779 2264 confidens

226 2278 257 2303 in
270 2285 345 2309 eum,
359 2273 425 2312 quid
441 2273 493 2302 sibi
507 2273 589 2302 vult?
603 2279 628 2301 et
642 2279 744 2307 caetera,
759 2273 854 2310 veluti,
870 2274 947 2301 Ecce
966 2284 1017 2312 ego
1035 2280 1063 2302 et
1076 2275 1167 2313 pueri,
1177 2283 1248 2312 quos
1261 2273 1340 2301 dedit
1355 2273 1427 2300 milti
1438 2273 1518 2301 Deus
1532 2284 1540 2299 .-
1554 2272 1624 2301 sicut
1638 2271 1718 2300 etiam
1735 2271 1780 2299 hic

225 2323 330 2350 Patrem
343 2331 404 2349 eum
420 2318 544 2355 ostendit,
554 2319 592 2347 sic
602 2318 658 2347 illic
670 2329 699 2347 se
713 2319 830 2346 fratrem.
847 2319 1059 2354 Annuntiabo,
1076 2319 1180 2357 inquit,
1196 2329 1299 2347 nomen
1318 2325 1399 2347 tuum
1407 2319 1559 2357 fratribus
1579 2319 1659 2346 meis.
1676 2317 1777 2345 Iterum

225 2367 394 2396 eminentiam
409 2365 582 2394 demonstrat.
602 2364 637 2394 Et
650 2364 767 2393 multum
782 2364 888 2392 interest
902 2374 950 2403 per
964 2375 993 2392 ea
1005 2375 1063 2403 quae
1083 2371 1248 2403 sequuntur:
1268 2365 1411 2402 Quoniam
1427 2365 1505 2391 enim
1522 2365 1604 2402 pueri
1618 2363 1777 2391 communi-

226 2418 365 2441 caverunt
379 2413 462 2440 carni
472 2417 499 2440 et
509 2412 646 2449 sanguini
651 2433 656 2438 .

266 2458 350 2487 Vides
361 2458 406 2486 ubi
417 2458 483 2486 dicit
493 2456 720 2486 similitudinem?
735 2456 882 2486 secundum
896 2468 1010 2487 carnem.
1024 2460 1191 2487 Prot-imit&
1210 2460 1314 2496 quippe
1329 2459 1417 2485 etiam
1429 2459 1488 2495 ipse
1499 2456 1606 2484 eisdem
1617 2456 1777 2494 participa-

226 2512 272 2533 tus
285 2510 335 2532 est.
350 2503 514 2532 Erubescant
524 2513 614 2532 omnes
634 2502 762 2540 haeretici,
780 2502 965 2542 cooperiantur
981 2503 1135 2532 confusione
1147 2504 1193 2542 qui
1205 2503 1327 2543 putative
1341 2502 1434 2530 dicunt
1448 2511 1508 2529 eum
1523 2499 1670 2537 advenisse,
1683 2506 1709 2528 ct
1723 2510 1774 2528 non

226 2562 295 2580 vere.
310 2551 369 2578 Non
386 2549 456 2578 enim
471 2549 541 2578 dixit
557 2551 701 2588 Quoniam
715 2552 906 2589 participatus
921 2557 962 2578 est
979 2557 1082 2579 tantum
1096 2553 1169 2586 istis,
1182 2558 1205 2579 et
1226 2550 1324 2587 tacuit3
1338 2548 1461 2588 quamvis
1476 2547 1523 2576 etsi
1545 2547 1583 2575 sie
1597 2547 1706 2584 diceret,
1718 2547 1775 2575 suf-

225 2597 341 2626 sicienter
356 2596 484 2634 dixisset5
499 2597 545 2625 sed
566 2597 639 2625 aliud
656 2597 771 2636 amplius
783 2597 882 2636 posuit,
900 2597 949 2626 hoc
964 2604 1012 2635 cst,
1032 2598 1198 2626 Proximius
1214 2597 1349 2636 adjiciens.
1362 2596 1433 2633 Non,
1450 2593 1544 2632 inquit,
1561 2593 1709 2632 phantasia,
1722 2603 1773 2622 non
