1886 2846
451 163 484 185 ΙΝ
514 162 620 185 El’lS't'.

68 230 116 262 λῆς
136 227 198 267 πρὸς
214 225 306 258 αὐτοὺς
322 225 447 263 μάχεται.
462 225 531 253 Ἀλλ’
548 224 612 263 ὅπερ
628 224 704 263 ἔφην,
716 222 836 261 ἀπαύγα-

66 286 121 311 σμα
136 274 181 307 τῆς
191 272 266 307 δόξης
278 271 365 310 εἴρηκε
382 271 424 299 τὸν
438 271 501 299 Υἱόν
512 283 517 288 ·
531 271 574 299 καὶ
590 271 631 299 ὅτι
646 272 748 306 καλῶς,
760 269 836 298 ἄκουε

66 322 111 348 τοῦ
129 320 242 358 Χριστοῦ
256 318 375 356 λέγοντος
394 317 454 356 περὶ
471 319 564 349 αὐτοῦ,
581 316 653 355 'li-503
673 318 728 354 εἷμ(
743 316 772 344 τὸ
784 315 837 354 φῶς

66 369 110 394 τοῦ
125 365 233 403 κόσμου.
251 367 261 379 ·”“
272 364 323 393 Διὰ
338 367 413 393 τοῦτο
428 363 454 392 δὲ
470 364 635 402 ἀπαύγασμα
659 358 730 392 εἶπεν
745 362 836 397 αὐτὸς,

715 433 722 441 .
738 411 773 442 ὡς
785 411 838 448 φῶς

435 457 440 466 Ι
501 457 512 466 Ν
532 456 538 465 Ι
671 459 678 467 Ὶ
700 458 708 467 ἱ,
717 457 722 465 1
744 456 750 465 Ι
829 455 834 464 l

406 469 483 495 μονον
499 469 647 493 οεικνυται,
666 458 715 486 πιλΛ
734 457 774 484 ὁτι
794 467 836 484 και

66 411 108 440 ἵνα
119 411 188 450 δείξῃ
203 411 244 440 ὅτι
255 413 332 440 κάκεῖ
347 410 429 443 οὔτως
444 410 562 449 εἴρηται·
578 411 656 446 δῆλον
679 410 705 439 δὲ

66 458 95 486 ἐκ
109 457 202 496 φωτός.
217 459 257 486 Οὐ
273 460 349 486 τοῦτο
362 457 388 485 δὲ

67 503 177 542 ἐφώτισε
191 502 238 536 τὰς
256 503 387 542 ἡμετέρας
413 502 528 541 ι’ψυχοίᾳ
544 502 595 532 Διὰ
615 503 642 532 δὲ
656 505 701 531 τοῦ
715 502 838 540 ἀπαυγᾶ-

67 561 168 586 σματος
182 548 212 577 τὸ
227 549 283 577 ἴσον
298 549 414 586 ἐσήμαινε
425 551 472 583 τῆς
482 549 584 583 οὐσίας,
600 549 644 577 καὶ
656 549 703 583 τὴν
719 547 783 586 πρὸς
797 547 840 576 τὸν

67 594 177 633 Πατέρα
188 594 328 633 ἐγγύτητα.
341 594 482 630 Ἐννόησον
498 595 545 630 τὴν
563 596 712 629 λεπτότητα
730 595 782 622 τῶν
806 593 840 620 εἰ·

71 652 137 680 ρημε
132 641 204 669 ’·νων
218 641 318 670 οὐσίαν
336 641 423 678 υιιάινς
414 640 492 669 ἔλαυε
508 653 553 669 και
568 640 711 669 ὑπόστασιν
733 641 769 671 εἷς
798 638 842 667 δύο

69 686 238 715 ὑποστάσεων
257 686 438 725 παράστασιν·
453 686 466 714 ὃ
480 698 524 714 και
539 686 582 714 ἐπι
603 698 651 719 της
665 686 748 723 γνώσε
738 696 785 717 υς
796 686 840 713 τοῦ

70 731 226 769 Πνευματος
239 735 315 760 ποιεῖ.
331 731 439 769 ‘'S-mnf>
466 731 516 771 γὰρ
541 731 603 759 μίαν
623 726 689 759 εἶναί
709 742 773 770 φησι
794 730 841 765 τὴν

68 778 164 815 γνῶσιν
174 775 222 811 τὴν
242 779 286 805 τοῦ
311 777 372 805 Πατ
362 777 416 815 ,ρος
434 788 478 805 και
495 779 540 806 τοῦ
555 776 681 814 Πνευματ
684 788 710 808 ος
699 799 726 812 ,‚
740 779 776 808 (ῖς)
795 777 840 804 ὄν-

68 834 119 854 τως
134 821 214 860 μίαν,
228 822 273 850 καὶ
286 822 358 851 οὐδὲν
375 822 439 860 πρὸς
457 822 553 858 ἑαυτὴν
573 823 738 856 διεστηκυῑαν
749 834 754 840 ·
775 822 841 851 οὕτω

69 867 113 896 καὶ
127 868 239 896 ἐνταῦθα
253 867 307 900 ἑνὸς
317 880 383 901 τινος
396 868 540 897 ἐπελάὸετο
551 868 666 907 ῥήματος
680 870 716 901 εἷς
731 867 778 903 τὴν
790 870 841 896 τῶν

70 913 115 942 δύο
130 915 261 943 ὑποστάσε
264 927 300 942 ων
328 909 548 949 δήλ(1σιν.1ἰῖτα
575 914 691 951 ἐπήγαγε
681 926 706 942 ν
731 913 770 942 ὁτι
797 913 842 941 καὶ

70 959 220 999 χαρακτήρ.
235 960 269 989 ‘0
280 960 330 998 γὰρ
345 960 487 1015 χαρακτὴρ
500 960 577 992 ἄλλος
591 960 630 991 τίς
645 962 701 988 ἐστι
724 959 796 997 παρὰ
812 959 841 987 τὸ

71 1006 260 1045 πρωτότυπον·
274 1006 388 1038 ἄλλος
365 1017 391 1034 οε
406 1007 434 1035 οὖ
450 1005 525 1034 πάντ-
509 1018 554 1044 η,
577 1005 644 1033 ἀλὶα
660 1017 729 1033 κατα
741 1005 796 1033 *ros
787 1017 840 1032 -ν-υ

71 1051 200 1080 πόστατον
218 1047 298 1080 εἶναι·
323 1051 379 1080 ἐπεὶ
399 1051 444 1079 καὶ
469 1051 582 1078 ἐνταῦθα
606 1052 619 1078 ὁ
647 1049 788 1089 χαρακτὴρ
812 1050 842 1078 τὸ

70 1097 273 1136 ἀπαράλλακτον
299 1097 373 1132 δηλοῖ
397 1091 426 1124 οὗ
448 1097 503 1125 ἐστι
529 1095 685 1135 χαρακτὴρ,
700 1096 730 1124 τὸ
751 1095 841 1133 ὅμοιον

71 1143 139 1172 κατὰ
158 1143 254 1172 πάντα.
267 1142 351 1172 ”Oreos
367 1138 410 1172 οὖν
420 1142 465 1171 καὶ
478 1142 581 1181 μορφὴν
594 1142 670 1171 αὐτὸν
687 1143 773 1180 καλῇ,
796 1142 841 1170 καὶ
860 1159 866 1168 .»

70 1191 242 1228 χαρακτῆρα,
256 1189 282 1218 τί
302 1191 419 1228 ἐροῦσινῑ
441 1192 452 1204 ‘¹
463 1187 542 1217 Ἀλλὰ
561 1188 605 1216 καὶ
622 1187 743 1225 [εἶκόνος
767 1187 841 1226 εἴρη-

69 1236 126 1272 ται]
140 1234 217 1264 εἰκὼν
241 1237 255 1264 ὁ
278 1234 430 1274 ἄνθρωπος,
445 1234 519 1274 φησί.
543 1234 579 1262 Τι’
600 1229 661 1270 οῧν;
677 1233 759 1266 οὕτως
778 1236 814 1267 ὡς
829 1237 842 1263 ὃ

72 1280 145 1316 Υἱός
155 1280 185 1309 οὒ
193 1302 200 1315 ,
210 1280 300 1320 φησὶν,
317 1280 377 1309 ἀλλ’
391 1280 431 1309 ὅτι
441 1279 519 1309 εἰκὼν
529 1281 557 1308 οὐ
574 1279 689 1308 δείκνυσι
700 1280 730 1309 τὸ
741 1280 841 1318 ὅμοιον.

72 1326 166 1355 Καίτοι
180 1338 209 1365 γε
220 1329 279 1356 καθ’
295 1326 308 1355 ὃ
322 1326 425 1365 εἴρηται
437 1329 451 1355 ὃ
463 1327 599 1365 ἄνθρωπος
614 1327 691 1355 εἰκὼν
701 1348 708 1361 ,
725 1326 841 1356 δείκνυσι

70 1373 100 1402 τὸ
115 1372 204 1411 ὅμοιον
225 1375 260 1406 ὣς
274 1385 300 1401 εν
316 1372 562 1412 ἀνθρ(’1π(1.“οπερ
579 1373 630 1412 γάρ
650 1375 720 1402 ἐστιν
741 1375 755 1402 ὁ
774 1374 822 1403 ΘΞ
804 1385 842 1406 ος

71 1419 98 1447 ἐν
119 1420 157 1447 τῶ
171 1420 286 1458 οὖρανῶ,
306 1430 381 1448 τουτο
393 1421 406 1447 ὁ
420 1419 557 1457 ἄνθρωπος
577 1418 620 1448 ἐπὶ
634 1421 681 1453 τῆς
696 1420 756 1474 γ’ἧς,
773 1419 841 1448 κατὰ

71 1463 118 1499 τὴν
136 1463 222 1504 ἀρχὴν
235 1464 320 1502 λέγω
333 1464 377 1492 καὶ
392 1463 482 1502 ὥσπερ
495 1466 546 1492 τῶν
561 1463 604 1492 ἐπ(
617 1465 664 1502 γῆς
679 1464 784 1493 πάντων
794 1468 841 1494 οὑ-

652 162 696 184 ᾸΙ)
724 160 876 184 ttEnttros
885 175 890 183 .

1618 146 1634 153 ›-

920 159 998 182 CAP.
1029 159 1051 181 1.
1082 158 1198 180 1101111..
1229 157 1262 179 ll.
1593 158 1636 177 9')

891 230 999 258 quoque
1018 219 1088 256 serit,
1104 229 1155 247 uon
1167 218 1313 247 admodum
1326 217 1434 256 quidem
1451 217 1562 254 sortiter,
1579 218 1637 245 t'etit

893 274 979 296 tamen
995 279 1000 294 :
1017 276 1078 295 nam
1092 276 1139 305 per
1154 272 1235 294 totam
1248 265 1388 304 epistolam
1399 274 1460 292 cum
1475 263 1512 292 cis
1528 271 1637 302 pugnat.

892 312 943 341 Sed
953 335 962 350 ‚
975 312 1045 341 sicut
1058 311 1130 348 dixi,
1143 310 1315 350 splendorem
1327 310 1420 349 gloria*
1435 309 1535 338 Filium
1546 309 1619 337 dixit
1631 321 1635 335 :

892 365 918 387 et
930 358 1004 397 quod
1021 358 1071 386 hoc
1084 364 1172 395 recte,
1188 356 1252 386 audi
1264 356 1404 385 Christum
1413 355 1446 384 dc
1456 366 1483 384 se
1493 355 1637 391 dicentem,

894 406 958 444 Ego
965 414 1030 434 sum
1040 405 1092 433 lux
1100 404 1212 432 mundi.
1223 404 1366 441 Propterea
1376 408 1465 430 autem
1476 401 1542 429 dicit
1552 401 1638 440 splen·
1650 423 1655 425 .
1665 415 1677 424 υ
1688 416 1707 425 ιι4
1737 407 1740 413 ·
1777 414 1781 421 ·

894 451 996 488 dorem,
1008 457 1038 480 ut
1048 449 1170 480 ostendat
1179 448 1251 487 quod
1263 449 1320 477 illic
1328 458 1436 486 quoquc
1448 447 1484 476 ita
1495 447 1584 476 (lictus
1595 447 1639 480 511,

896 505 1033 535 tamquam
1048 497 1139 525 lumen
1155 506 1168 524 a
1184 495 1296 524 lumine.
1312 495 1372 523 Non
1385 494 1436 522 hoc
1450 500 1539 521 autem
1552 493 1640 521 solum

895 543 1061 578 ostenditur,
1086 542 1132 572 scd
1156 542 1235 571 etiam
1254 540 1328 579 quod
1349 546 1452 568 nostras
1472 538 1641 568 illuminavit

896 590 1006 618 animas.
1015 590 1066 618 Per
1076 588 1245 628 splendorem
1254 598 1318 617 vero
1326 585 1446 615 essentiae
1456 584 1640 624 aequalitatem

896 635 1029 673 ostendit,
1045 642 1070 664 et
1086 636 1143 674 ejus
1158 645 1220 663 cum
1235 636 1315 663 Patre
1330 631 1568 672 propinquitatem.
1586 632 1639 660 Co-

897 682 952 721 gita
974 681 1151 710 subtilitatem
1173 690 1269 709 eorum
1286 689 1346 718 quae
1369 678 1442 707 dicta
1457 684 1521 706 sunt
1537 689 1543 704 ε
1561 688 1642 706 unam

896 728 998 767 accepit
1012 727 1153 757 essentiam
1163 749 1172 764 ,
1186 733 1211 755 et
1224 724 1394 765 hypostasim
1404 747 1412 762 ,
1429 724 1465 752 ad
1479 724 1547 752 duas
1559 730 1644 752 osten-

895 773 996 803 dendas
1016 774 1173 813 hypostases
1195 784 1201 800 :
1223 771 1296 810 quod
1312 771 1393 800 etiam
1409 770 1472 799 facit
1489 770 1516 798 in
1532 770 1642 798 scientia

896 820 1025 859 Spiritus.
1040 821 1077 849 Ut
1088 819 1160 848 enim
1171 818 1238 849 dicit
1249 828 1331 846 unam
1341 827 1397 846 esse
1406 816 1545 845 scientiam
1555 816 1643 844 Patris

897 874 921 895 et
935 866 1070 905 Spiritus„
1084 872 1114 894 111
1129 876 1189 903 qua:
1205 875 1232 893 1·0
1248 874 1311 893 vcra
1325 863 1361 892 sit
1377 873 1441 897 una,
1457 869 1482 891 et
1498 873 1513 891 a
1530 873 1558 891 se
1573 862 1643 890 nihil

896 913 1003 941 differat
1017 924 1022 939 :
1035 912 1070 940 ita
1084 911 1129 939 hic
1142 911 1222 940 etiam
1237 920 1322 939 unum
1334 909 1475 949 quidpiam
1490 909 1644 948 apprehen-

897 958 937 986 dit
951 958 1065 986 vetbum
1087 957 1121 986 ad
1139 957 1257 985 duorum
1274 956 1443 995 hypostases.
1459 954 1564 983 Deinde
1579 954 1643 982 51111-

894 1004 996 1043 junxit,
1012 1005 1051 1032 Et
1063 1005 1220 1032 character
1226 1003 1393 1042 seust'gurA.
1407 1002 1436 1030 l
1430 1012 1505 1040 tgura
1517 1001 1587 1029 enim
1598 1011 1643 1029 seu

897 1050 1035 1077 char·actet
1049 1055 1088 1077 est
1101 1048 1172 1077 alius
1186 1048 1220 1076 ab
1235 1047 1382 1086 exemplari
1397 1053 1558 1086 pr;ototypo
1575 1047 1644 1075 alius

871 1117 881 1122 -
897 1102 986 1123 autem
1002 1105 1055 1123 non
1067 1094 1188 1131 01110100,
1207 1093 1294 1122 sedin
1309 1103 1340 1121 00
1357 1093 1429 1130 quod
1445 1093 1539 1121 attinet
1557 1092 1645 1132 hypo-

896 1141 987 1170 stasin.
1002 1142 1071 1170 Nam
1082 1140 1127 1169 1110
1141 1150 1248 1178 quoque
1263 1139 1400 1167 character
1409 1139 1525 1167 ostendit
1540 1139 1644 1167 nullam

896 1198 952 1216 esse
959 1187 1155 1224 diversitatem,
1169 1186 1217 1215 sed
1232 1185 1310 1225 plane
1325 1185 1351 1213 in
1365 1184 1491 1213 omnibus
1502 1185 1645 1223 perfectam

898 1233 1107 1262 similitudinem
1121 1233 1188 1273 ejus,
1198 1232 1275 1271 cujus
1289 1238 1328 1260 est
1348 1230 1486 1259 character
1502 1236 1528 1258 et
1546 1230 1643 1268 figura.

894 1281 963 1310 Cum
984 1291 1047 1319 ergo
1066 1280 1157 1319 ipsum
1173 1285 1250 1308 vocet
1265 1279 1381 1308 sormam
1395 1284 1421 1306 et
1437 1277 1619 1306 characterem
1632 1299 1639 1314 ‚

896 1327 960 1365 quid
975 1327 1090 1355 dicent?
1108 1328 1141 1354 At
1155 1326 1251 1361 homo,
1271 1324 1378 1363 inquit,
1401 1323 1490 1352 dietus
1510 1330 1549 1352 cst
1563 1323 1644 1352 etiam

897 1373 985 1412 imago
999 1371 1171 1411 [imaginis]
1184 1370 1259 1406 Quid
1270 1370 1354 1399 vcro?
1368 1380 1433 1398 num
1447 1369 1483 1398 ita
1494 1376 1524 1398 ut
1535 1369 1620 1398 Filius
1632 1369 1645 1397 Ρ

896 1420 974 1457 Nou,
991 1419 1094 1457 inquit;
1111 1417 1158 1447 sed
1169 1417 1242 1456 quod
1257 1417 1346 1456 imago
1363 1426 1415 1445 non
1430 1415 1551 1445 ostendat
1568 1415 1645 1444 simi—

895 1465 1047 1494 litudinem.
1060 1464 1142 1503 Atqui
1156 1471 1287 1502 quatenus
1301 1463 1382 1492 homo
1395 1462 1486 1492 dictus
1496 1469 1534 1491 051
1543 1462 1641 1500 imago,

1776 1377 1797 1398 :D

1659 1378 1705 1395 (ivn
1728 1382 1745 1397 t⁴
1761 1384 1772 1397 ’,ι

106 1549 116 1561 ²
135 1542 180 1576 [A.
193 1543 221 1566 Β.
235 1542 334 1566 Comm¹
347 1548 371 1566 et
381 1550 460 1574 marg.
470 1542 569 1566 Sat-its
559 1546 594 1567 w).
605 1546 670 1568 τοῦτο’
684 1554 746 1575 φησιν
758 1545 833 1569 ἀπαύ-

73 1593 150 1613 γασμα
159 1601 165 1613 ,
179 1583 260 1610 ’δεικνὺς
269 1585 303 1607 ὅτι
316 1586 402 1606 κάκεῖ-ιο
412 1583 470 1606 οὕτω

107 1621 120 1639 b
137 1618 248 1644 Colbert.
264 1624 347 1652 ψυχὰς,

74 1662 109 1685 [ziz
121 1663 160 1685 τοῦ
170 1663 348 1691 &mmmmm
360 1665 398 1686 τῆ,-

885 1550 962 1572 νὸητον
975 1545 998 1568 δὲ
1009 1549 1059 1572 τήν.

917 1589 926 1601 ¹¹
946 1581 1071 1614 [Savilius
1082 1584 1145 1606 ἀλλὰ
1159 1584 1196 1606 καὶ
1210 1584 1272 1606 εἰκὼν
1285 1583 1296 1605 ὁ
1308 1583 1438 1613 ἅνθρωπος,
1453 1582 1514 1613 φησί.
1528 1578 1586 1609 Quo
1602 1585 1645 1602 au-

885 1627 955 1646 ctore
967 1620 1112 1646 inclusimus
1123 1623 1204 1648 εἰκόυος
1216 1619 1326 1654 εἴρηται-1

473 1593 481 1609 ς
493 1585 580 1614 εἴρηται
589 1601 595 1611 ,
609 1584 637 1609 ὡς
650 1580 715 1614 φώρ]

368 1624 404 1645 καὶ
418 1624 455 1645 τὸν
471 1622 562 1653 πατέρα
580 1623 645 1648 αὐτὸς
664 1624 776 1651 {frma-az,
797 1625 833 1646 καὶ

411 1662 484 1687 23:52,-
504 1664 543 1687 m
562 1662 675 1690 affirm
690 1661 779 1689 ἔδειξεν,
794 1664 832 1685 ε,-

494 1751 669 1780 ΜΙῙΤΙᾹΝΟ
691 1751 949 1781 SCHOLASTICO
972 1751 1225 1781 INTERPRETE.

73 1844 223 1866 rumtamen
239 1836 363 1876 percutit,
374 1846 406 1864 ne
419 1836 519 1864 11110505
528 1836 644 1864 exsiliat.
656 1837 691 1865 Et
706 1837 744 1865 sie
754 1847 816 1866 eum
829 1838 887 1866 istis
897 1837 1020 1867 hostibus
1035 1849 1082 1877 per
1095 1845 1179 1866 totam
1188 1837 1330 1877 epistolam
1339 1836 1433 1865 videas
1444 1842 1647 1875 repugnantem,

72 1891 98 1913 et
110 1891 216 1913 strenua
229 1884 298 1913 bella
312 1890 480 1923 pet-agentem
495 1895 501 1910 :
515 1889 540 1911 et
557 1883 625 1911 sicut
638 1883 697 1922 jam
716 1883 794 1918 dixi,
812 1885 972 1923 Magistrum
986 1896 1066 1914 51111111
1082 1885 1109 1914 10
1120 1885 1248 1913 0111011105
1263 1884 1393 1913 imitatur.
1410 1883 1444 1912 Et
1457 1883 1552 1912 merito
1562 1883 1648 1922 splen-

73 1930 164 1960 dorem
175 1941 237 1959 eum
251 1930 323 1959 dixit
335 1940 390 1958 esse
401 1929 492 1968 gloriae
501 1951 508 1965 ,
520 1935 612 1968 utpote
619 1928 666 1967 qui
681 1929 770 1968 ipsum
784 1929 902 1958 audisset
916 1930 1052 1959 dicentem
1064 1943 1070 1959 2
1084 1932 1149 1969 Ego
1163 1941 1227 1960 sum
1241 1931 1292 1959 lux
1307 1930 1419 1958 mundi.
1435 1929 1575 1968 Propterea
1585 1938 1648 1956 eunt

73 1979 154 2007 etiam
165 1978 214 2007 iste
226 1977 395 2017 splendorem
413 1977 503 2016 gloriae
518 1976 668 2005 nominavit
679 1999 688 2013 ,
703 1976 843 2005 ostendens
859 1977 923 2015 qnia
934 1977 1004 2006 sicut
1018 1977 1122 2006 dietum
1131 1984 1186 2012 est,
1198 1977 1268 2005 sicut
1279 1977 1370 2005 lumen
1379 1975 1413 2004 de
1424 1971 1535 2004 lumine.
1546 1975 1582 2003 Et
1595 1985 1647 2003 non

74 2026 162 2055 solum
177 2025 293 2055 ostendit
306 2025 390 2063 istud,
405 2024 452 2054 scd
464 2024 527 2063 quia
545 2024 626 2052 etiam
641 2024 743 2052 animas
757 2032 861 2052 nostras
875 2024 1020 2061 illuminat,
1029 2031 1053 2052 et
1064 2024 1170 2052 Patrem
1185 2023 1262 2052 nobis
1273 2023 1391 2051 insinuat
1403 2035 1409 2050 :
1421 2033 1469 2061 per
1479 2021 1648 2061 splendorem

73 2074 174 2114 quippe
183 2073 412 2113 propinquitatem
422 2071 570 2101 declaravit
580 2071 708 2100 essentiae.
722 2071 846 2110 Intelligc
857 2081 920 2110 ergo
931 2071 1125 2100 sublimitatem
1136 2070 1273 2099 dictorum
1286 2081 1292 2097 τ
1306 2079 1387 2097 unam
1403 2068 1499 2097 sumsit
1508 2069 1648 2098 essentiam

73 2131 208 2159 unamque
221 2119 415 2153 substantiam,
439 2126 468 2147 ut
483 2118 550 2147 duas
568 2118 755 2147 subsistentias
771 2118 886 2158 aperiret
904 2131 909 2146 :
926 2118 998 2157 quod
1014 2118 1094 2147 etiam
1111 2117 1144 2147 de
1159 2116 1269 2146 scientia
1283 2116 1334 2145 Dei
1347 2122 1372 2144 et
1387 2115 1505 2155 Spiritus
1524 2122 1649 2154 operatus

75 2175 122 2196 est.
137 2167 216 2198 Sicut
230 2167 302 2196 enim
317 2166 374 2195 illic
387 2176 469 2194 unam
481 2165 620 2195 seientiam
634 2165 722 2201 dixit,
743 2166 830 2194 Patris
847 2173 873 2195 et
884 2166 1003 2206 Spiritus
1022 2176 1085 2195 vere
1100 2176 1194 2203 unam,
1209 2171 1235 2193 et
1249 2164 1318 2192 nihil
1330 2162 1365 2191 ad
1377 2162 1492 2203 seipsam
1505 2162 1648 2191 habentem

76 2215 103 2243 in
122 2214 272 2249 diversum,
292 2214 415 2252 nihilque
429 2213 535 2253 penitus
550 2213 692 2242 alteratum
711 2226 716 2241 :
734 2214 772 2243 sic
788 2214 869 2243 etiam
889 2214 932 2243 1110
949 2225 1029 2243 unam
1049 2224 1105 2243 rem
1117 2213 1199 2242 sumit
1215 2212 1252 2242 ad
1265 2210 1520 2240 demonstrationem
1532 2209 1649 2239 duarum

76 2259 295 2288 substantiarum.
307 2259 388 2288 Unde
403 2259 483 2288 etiam
499 2259 639 2299 subjungit
658 2271 663 2288 :
679 2261 735 2298 Qui
749 2261 904 2289 character
913 2267 954 2289 est
972 2272 980 2288 .-
991 2260 1128 2289 character
1139 2259 1239 2299 quippe
1248 2259 1315 2287 alter
1329 2264 1367 2286 cst
1378 2256 1413 2285 ab
1423 2267 1453 2285 eo
1468 2257 1544 2296 cujus
1560 2266 1648 2285 enun-

78 2307 124 2336 tiat
136 2307 264 2343 sormam;
275 2307 343 2335 alter
357 2313 445 2336 antem
460 2318 512 2336 uon
525 2307 550 2336 in
567 2307 702 2344 omnibus,
719 2307 765 2336 sed
777 2307 925 2337 secundum
937 2308 1124 2337 substantiam.
1139 2309 1207 2336 Nam
1218 2313 1243 2335 et
1258 2306 1302 2334 hic
1313 2305 1450 2334 character
1460 2303 1649 2333 similitudinis

77 2353 230 2383 omnimode
243 2353 344 2392 prrebet
354 2352 483 2382 indicium
493 2353 528 2382 ad
542 2353 613 2382 illud
624 2354 702 2392 cujus
714 2353 852 2383 character
860 2353 1010 2383 ostenditur
1019 2377 1026 2390 ,
1038 2361 1064 2383 et
1075 2353 1255 2393 suspicionem
1264 2351 1305 2381 rel
1317 2361 1407 2390 parvae
1417 2349 1650 2378 dissimilitudinis

77 2399 186 2429 omnino
201 2409 253 2428 non
269 2398 374 2438 recipit.
389 2398 506 2434 Quando
521 2409 585 2438 ergo
599 2410 661 2428 cum
676 2399 718 2427 rel
731 2399 844 2429 sormam
859 2400 969 2438 vocitat,
986 2401 1030 2430 1·οΙ
1049 2400 1246 2435 characterem,
1257 2396 1323 2436 quid
1339 2396 1446 2433 dicunt,
1461 2402 1507 2424 aut
1521 2395 1587 2434 quid
1603 2395 1648 2423 ni-

78 2452 172 2475 tuntur
183 2455 316 2485 opponere
325 2445 339 2473 ἶ)
350 2444 403 2474 Sed
414 2445 495 2474 ctiam
510 2445 651 2484 imaginis,
666 2446 811 2484 inquiunt,
833 2446 922 2487 imago
934 2447 1085 2487 appellatus
1101 2454 1139 2475 est
1152 2446 1239 2474 homo.
1255 2443 1330 2479 Quid
1345 2452 1408 2481 crgo
1419 2442 1433 2470 ‘z‘
1449 2451 1513 2470 num
1525 2451 1556 2470 eo
1569 2440 1648 2470 modo

78 2494 147 2523 sicut
162 2492 248 2522 Filius
261 2493 274 2521 ?
292 2493 351 2521 Non
361 2515 370 2529 ,
387 2491 528 2530 inquiunt,
545 2492 591 2521 sed
611 2493 674 2531 qnia
691 2493 780 2533 imago
794 2505 845 2523 non
859 2502 897 2524 est
910 2495 1098 2524 similitudinis
1114 2493 1267 2523 indicatrix.
1284 2492 1339 2521 Cur
1349 2513 1356 2527 ,
1371 2490 1498 2525 obsecro,
1522 2499 1574 2518 nun
1589 2488 1648 2517 sit?

80 2542 149 2570 Nam
164 2539 282 2570 011101110
298 2538 444 2568 seeundum
459 2539 531 2577 quod
548 2539 636 2578 imago
654 2540 802 2580 appellatus
815 2549 872 2582 est,
891 2541 1055 2571 demonstrat
1071 2539 1294 2574 similitudinem,
1311 2538 1379 2568 sicut
1395 2543 1479 2577 potest
1494 2536 1520 2565 in
1536 2534 1644 2564 homine
