1886 2846
178 459 195 480 ’.
225 450 348 479 Christus
368 451 475 489 quidem
490 451 554 479 dicii
576 462 583 478 τ

231 203 294 227 130

224 266 343 295 studium
365 272 402 294 est
423 266 538 295 effusum
559 266 585 295 in
609 277 638 295 ea
661 278 720 305 qua=
742 266 776 295 ad
791 266 859 295 lianc
876 266 958 294 vitam

225 312 367 351 pertinent.
384 312 566 352 spiritualium
581 322 643 341 vero
662 312 736 341 nulia
754 312 867 340 habetur
882 310 958 339 ratio.

226 359 368 397 Propterea
391 368 437 386 nec
457 358 502 386 illa
518 358 594 387 vobis
616 369 649 387 ex
673 358 800 386 sententia
815 356 958 391 evcniunt;

223 404 270 433 sexl
295 405 350 433 illic
365 415 472 442 quoque
494 404 584 433 multae
608 411 667 432 sunt
688 403 870 432 difficultates.
890 402 960 429 Nam

603 452 694 478 Petite
708 457 826 487 regnum
845 448 912 481 Dei,
931 453 960 476 et

226 498 287 525 luz-c
302 498 400 524 omnia
414 497 590 535 adjicientur
606 496 686 523 vobis
707 505 714 522 .·
740 499 764 520 ct
779 492 834 520 haec
849 492 958 530 quidem

223 543 289 572 dicit
303 542 390 571 danda
415 553 462 582 pro
478 542 642 573 acccssione3
669 550 715 567 nos
729 544 819 566 autem
835 538 958 568 ordinem

221 590 393 627 iux-,crtimus
409 596 432 617 ct
460 596 555 616 tcunm
571 586 716 624 quzrrimus
738 591 763 613 ct
787 584 855 613 bona
881 591 957 614 terrae

578 205 606 228 S.
635 205 692 229 JOA
699 206 716 228 N
723 205 774 229 Nis
799 205 976 228 cimYSOST.

1006 204 1024 226 A
1031 205 1165 228 ncutEP.
1190 206 1459 232 CONSTANTINOP-

1010 268 1093 301 (θεοῦ,
1117 267 1161 295 καὶ
1188 271 1269 297 ταῦτα
1291 270 1378 299 πάντα
1400 270 1606 311 προστεθήσεται
1631 273 1691 310 ὑμῖν
1702 285 1708 290 ·
1733 274 1778 302 καὶ

1009 314 1091 340 ταῦτα
1108 312 1155 350 μὲν
1166 314 1191 342 ἐν
1204 314 1355 353 προσθήκης
1365 311 1420 345 εἷπε
1434 317 1507 356 μέρει
1518 317 1673 353 δοθήσεσθαι
1685 330 1691 336 ·
1701 322 1778 356 ἡμεῖς

1011 356 1038 386 δὲ
1052 357 1099 393 τὴν
1113 358 1186 392 τάξιν
1209 361 1430 401 ἀπεστρέψαμεν,
1453 363 1497 392 καὶ
1514 365 1640 402 ζητοῦμεν
1655 364 1703 400 τὴν
1719 367 1778 403 γῆν,

1011 404 1056 433 καὶ
1071 405 1104 434 τὰ
1121 406 1206 445 ἀγαθὰ
1220 407 1253 436 τὰ
1270 409 1296 436 ἐν
1312 411 1343 446 τῇ
1358 411 1407 448 γῇ,
1421 411 1456 443 ὡς
1468 410 1572 439 ἐκείνων
1587 412 1613 439 ἐν
1626 411 1778 451 προσθήκης

1012 452 1085 490 μέρει
1100 453 1280 490 δοθησομένων
1292 456 1365 492 ἡμῖν.
1379 455 1430 484 Διὰ
1443 459 1519 485 τοῦτο
1532 457 1591 486 οὔτε
1605 461 1703 493 ταῦτα,
1718 457 1776 486 οὔτε

1009 498 1096 527 ἐκεῖνα
1110 498 1215 537 ἔχομεν.
1232 499 1417 539 Ἀνανήψωμεν
1429 497 1472 530 οὖν
1485 513 1548 530 ποτε
1557 525 1564 538 ,
1579 503 1623 531 καὶ
1639 502 1776 542 γενώμεθα

1009 546 1060 573 τῶν
1087 545 1235 583 μελλιόντων
1259 548 1363 584 ἀγαθων
1384 547 1559 584 ἐπιθυμηταί·
1577 547 1644 577 οὕτω
1658 548 1709 589 γὰρ
1731 549 1776 578 καὶ

1008 594 1090 620 ταῦτα
1112 591 1213 631 ἕψεται
1229 592 1297 621 Οὐδὲ
1319 592 1368 632 γὰρ
1392 593 1430 622 ἔνι
1445 593 1489 622 τὸν
1506 593 1539 622 τὰ
1553 593 1622 622 κατὰ
1643 593 1712 622 Θεὸν
1727 595 1775 630 ζη-

220 643 357 674 tamquam
374 612 417 663 iila
431 634 481 662 sint
496 632 584 661 danda
599 643 665 671 pro
658 631 816 660 accessione.
830 632 955 671 Pr·-0pte1
972 638 992 661 D
1008 641 1116 673 —0232-:01'
1131 637 1167 676 μὴ
1181 638 1226 666 mt
1237 640 1288 666 τῶν
1301 638 1494 678 ἀνθρωπίνων’
1483 644 1633 678 επιτυχεῐν·
1645 638 1777 679 ἀπόφασίς

219 693 248 710 ea
264 692 348 720 neque
370 681 426 709 lucc
444 679 686 715 imminuant-<1110
702 678 757 706 illa.
773 677 895 706 Tandem
910 689 957 707 er-

220 738 254 766 go
269 727 466 765 resipiscamus,
490 731 513 752 et
535 724 623 751 futura
644 723 863 774 concupiscamus
888 735 894 751 z
919 724 957 752 sic

218 775 288 802 enim
303 773 359 801 hac
372 781 476 809 quoque
488 776 640 807 sequentur.
654 769 726 798 Fieri
744 769 816 798 enim
838 779 889 798 non
904 781 957 809 po—

219 826 277 853 test,
293 825 320 846 ut
341 818 387 855 qui
410 827 438 844 ea
455 815 549 854 quaerit
573 826 632 854 quae
648 816 705 844 Deo
719 822 882 854 congruunt,
900 815 956 844 hu-

218 875 294 892 mana
311 873 415 901 quoque
437 872 488 890 non
505 869 660 900 assequatur
681 875 687 890 z
704 861 761 890 haec
773 868 812 890 est
827 861 956 891 sententia

217 910 302 949 ipsius
317 908 447 939 Veritatis
461 908 512 937 hoc
526 907 649 937 dicentis.
659 908 698 936 Ne
713 917 777 946 ergo
787 907 865 936 aliter
875 907 956 937 sacia-

217 966 285 991 mus,
301 954 346 983 sed
357 954 458 983 Christi
470 953 612 983 consilium
624 960 769 989 teneamus,
781 964 814 982 ne
826 953 861 982 ab
870 953 957 982 omni-

216 1002 266 1031 hus
281 1001 446 1030 excidamus.
462 1001 536 1029 Deus
559 1008 647 1029 autem
661 1007 699 1029 est
714 1007 807 1039 potens
820 1011 869 1029 nos
884 1011 956 1029 com-

215 1058 344 1087 pungere,
358 1054 383 1076 et
399 1047 520 1075 meliores
536 1047 632 1081 facere,
649 1046 676 1075 in
694 1046 802 1075 Christo
818 1047 880 1075 Jesu
896 1047 956 1075 Do-

215 1093 288 1121 mino
313 1099 413 1129 nostro,
439 1103 500 1121 cum
525 1102 578 1130 quo
604 1091 678 1121 Patri
703 1101 755 1119 una
778 1101 840 1120 cum
864 1098 956 1120 sancto

215 1139 319 1178 Spiritu
341 1138 437 1178 gloria,
468 1137 622 1177 imperium,
644 1137 742 1173 honor,
769 1143 795 1165 ct
821 1136 954 1173 adoratio,

215 1196 286 1215 nunc
301 1192 327 1214 et
343 1195 458 1224 semper,
475 1185 539 1214 etin
557 1184 651 1213 saecula
669 1184 840 1213 saeculorum.
857 1186 952 1212 Amen.

1007 685 1063 712 ἐστι
1086 685 1134 718 τ-’ῆς
1155 684 1279 719 ἇ)ηοειάς
1296 685 1375 719 αὐτῆς
1390 687 1465 713 τοῦτο
1478 684 1612 721 λεγούσης.
1627 684 1674 720 Μὴ
1689 684 1775 714 τοίνυν

1008 729 1093 763 ἄλλως
1109 732 1236 767 ποιῶμεν,
1251 731 1308 759 ἀλλ’
1320 730 1491 770 ἀντεχώμεθα
1506 733 1552 766 τ’ῆς
1567 730 1718 769 συμὸουλῆς
1730 733 1776 760 τοῦ

1008 776 1136 814 Χριστοῦ,
1147 775 1190 804 ἵνα
1207 775 1244 814 μὴ
1258 776 1364 805 πάντων
1379 776 1542 814 ἐκπέσιιιμεν.
1554 776 1588 805 Ὁ
1602 776 1629 806 δὲ
1639 777 1707 809 Θεὸς
1717 777 1776 805 ἱκα-

1007 822 1049 854 νός
1059 823 1114 850 ἐστι
1123 821 1262 855 κατανύξαι
1272 824 1351 860 ἡμᾶς,
1361 822 1406 851 καὶ
1417 825 1527 857 ποιῆσαι
1539 822 1665 861 βελτίους,
1676 824 1701 852 ἓν
1710 823 1776 862 Χρι-

1008 869 1062 907 στῷ
1077 868 1164 903 Ἰησοῦ
1179 869 1217 906 τῷ
1241 868 1329 907 Κυρίῳ
1343 870 1430 905 ἡμῶν,
1445 870 1501 905 μεθ’
1519 865 1549 896 οἷ
1563 870 1601 907 τῷ
1616 868 1704 908 Πατρὶ
1719 869 1776 907 ἅμα

1007 915 1045 952 τῷ
1056 913 1122 952 ἁγίῳ
1134 913 1271 951 Πνεύματι
1284 913 1353 949 δόξα,
1364 913 1459 953 κράτος
1467 936 1474 949 ,
1486 913 1560 951 τιμὴ,
1573 913 1618 942 καὶ
1628 913 1776 952 προσκύνη-

1008 972 1064 995 κις,
1085 962 1129 988 νῦν
1145 960 1190 988 καὶ
1216 959 1271 996 ἀεὶ,
1287 959 1332 988 καὶ
1348 960 1384 991 εἷς
1403 959 1462 992 τοὺς
1485 960 1582 991 αἰῶνας
1595 960 1647 988 τῶν
1663 958 1775 988 αἰώνων.

1007 1005 1100 1044 Ἀμήν.

634 1295 807 1324 MUTIANO
825 1294 1077 1323 SCHOLASTICO
1103 1293 1352 1323 INTERPRETE.

216 1389 348 1418 nisestatio
359 1388 386 1416 in
398 1388 432 1416 iis
445 1397 502 1425 quae
514 1386 550 1415 ad
561 1386 646 1415 vitam
658 1385 728 1414 hanc
741 1385 882 1425 pertinent,
893 1391 1039 1413 evacuatur
1051 1397 1057 1412 ε
1069 1384 1103 1413 de
1113 1385 1301 1424 spiritualibus
1313 1391 1402 1413 autem
1413 1384 1487 1414 nulla
1495 1384 1563 1414 ratio
1574 1391 1622 1413 est.
1630 1384 1774 1425 Propterea

216 1436 293 1465 nobis
317 1445 400 1473 neque
422 1434 468 1462 illa
483 1444 532 1473 pro
550 1440 609 1462 voto
625 1432 796 1472 proveniunt,
808 1432 855 1461 sed
869 1432 993 1472 plurimae
1008 1432 1088 1460 etiam
1101 1432 1140 1460 ibi
1155 1432 1336 1461 difficultates.
1353 1431 1476 1461 Christus
1490 1432 1590 1472 quippe
1605 1432 1678 1461 dixit
1692 1445 1699 1460 ι
1715 1433 1774 1462 Pe-

215 1485 266 1511 lile
288 1492 408 1521 regnum
421 1482 488 1515 Dei,
511 1487 538 1509 et
560 1481 621 1509 lzoec
643 1482 742 1508 omnia
755 1486 938 1519 apponentur
950 1480 1043 1508 vobis.
1061 1480 1096 1508 Et
1110 1479 1165 1508 haec
1179 1479 1290 1518 quidem
1311 1479 1338 1508 in
1351 1479 1528 1519 appositionis
1543 1487 1617 1519 parte
1634 1479 1703 1509 dicit
1721 1479 1775 1509 da-

215 1537 273 1558 tum
286 1530 336 1563 iri;
351 1540 397 1557 nos
412 1535 501 1557 autem
514 1527 635 1556 ordinem
650 1527 839 1567 pervertimus,
853 1534 879 1556 ct
893 1527 1009 1567 petimus
1024 1534 1122 1555 terram
1133 1534 1159 1556 et
1172 1527 1242 1555 bona
1255 1527 1282 1555 in
1298 1534 1367 1555 terra
1383 1533 1520 1565 tamquam
1535 1526 1590 1556 illis
1607 1526 1634 1555 in
1651 1526 1772 1556 additio-

216 1575 257 1603 nis
271 1574 328 1602 loco
343 1573 493 1602 tribuendis
507 1573 584 1602 nobis
599 1585 605 1601 :
623 1573 724 1601 idcirco
739 1583 823 1611 neque
842 1573 902 1609 ista,
918 1583 1002 1611 neque
1014 1573 1061 1601 illa
1074 1573 1214 1602 hahemus.
1233 1573 1400 1611 Evigilemus
1413 1572 1568 1611 aliquando,
1580 1579 1605 1602 et
1623 1573 1774 1603 efficiamur

215 1623 367 1649 futurorum
382 1620 573 1649 desideratores
589 1632 595 1647 z
609 1619 648 1648 sic
662 1619 742 1648 ctiam
753 1620 803 1648 ista
817 1626 969 1658 sequentur.
982 1619 1151 1659 Impossibile
1164 1627 1204 1648 cst
1215 1630 1330 1657 namque
1343 1630 1404 1648 eum
1419 1619 1466 1658 qui
1479 1630 1539 1658 quae
1553 1619 1604 1648 Dei
1618 1626 1679 1648 sunt
1697 1630 1773 1658 quae—

215 1668 260 1703 rit,
275 1678 327 1696 non
342 1669 421 1696 etiam
436 1678 496 1706 quse
510 1667 627 1695 humana
641 1674 702 1695 sunt
717 1667 821 1705 assequi
836 1679 842 1694 :
858 1667 986 1696 sententia
999 1674 1038 1695 est
1053 1667 1136 1706 ipsius
1151 1667 1272 1696 veritatis
1284 1667 1336 1696 hoc
1357 1666 1481 1696 dicentis.
1500 1668 1675 1705 Nequaquam
1689 1666 1773 1706 igitur

214 1712 292 1741 aliter
313 1713 453 1749 faciamus,
469 1713 515 1741 sed
529 1712 713 1751 aequanimiter
737 1713 852 1742 seramus
868 1713 1035 1742 voluntatem
1052 1713 1164 1750 Christi,
1178 1723 1211 1742 nc
1224 1713 1258 1742 ab
1275 1713 1400 1742 omnibus
1414 1713 1579 1742 excidamus.
1595 1714 1669 1742 Deus
1682 1720 1771 1742 autem

215 1767 307 1799 potens
321 1767 361 1788 est
375 1760 561 1799 compaginare
575 1771 631 1796 vos,
647 1771 677 1789 ac
694 1760 816 1789 meliores
829 1760 915 1789 sacci-e
927 1760 953 1789 in
968 1760 1075 1789 Christo
1090 1761 1152 1790 Jesu
1169 1760 1284 1789 Domino
1299 1767 1399 1796 nostro,
1417 1771 1478 1789 cum
1493 1771 1545 1799 quo
1561 1760 1634 1790 Patri
1646 1771 1699 1790 una
1709 1771 1771 1790 cum

215 1814 305 1836 sancto
321 1807 423 1847 Spiritu
439 1807 534 1847 gloria,
553 1808 707 1847 imperium,
726 1808 821 1847 honor,
839 1818 912 1837 nunc
925 1814 950 1836 et
964 1818 1078 1847 semper,
1092 1815 1118 1837 et
1132 1808 1159 1837 in
1174 1808 1270 1837 saecula
1287 1808 1456 1837 saeculorum.
1474 1810 1567 1837 Amen.
