1886 2846
435 175 466 197 tx
498 175 604 198 1312151'.

83 250 146 274 τως;
159 237 226 274 Ναὶ,
242 237 318 277 φησὶ,
337 237 383 265 καὶ
397 236 500 265 πολλοί.
515 237 550 264 Τι’
566 232 608 265 οὖν
623 237 729 268 ἐκείνοις
740 237 787 264 οὐκ
799 237 855 264 ἐπι-

82 287 199 323 κουρεῖς,
214 283 305 318 ἐπειδὴ
327 281 439 321 ἀκριὸὴς
455 277 478 310 εἶ
496 283 548 310 τῶν
577 281 635 309 ,tow
660 283 744 310 αὐτῶν
767 281 855 315 ἐξετα-

83 329 160 365 στῆς;
176 330 280 368 Σκῆψις
298 331 380 357 ταῦτα
406 327 450 356 καὶ
474 326 616 365 πρόφασις.

81 374 169 405 τοῧντί
179 387 208 404 σε
223 375 293 404 δίδου
303 397 310 410 ,
326 374 425 403 καὶτὸν
441 373 548 402 Οέλοντα
561 372 729 400 δανείσασθαι
746 373 796 401 ἀπὸ
811 375 856 400 σοῦ

84 421 121 459 μὴ
140 422 324 459 ἀποστραφῇς

84 466 289 504 συνεσταλμένη.
304 465 374 505 Οὐχὶ
389 467 440 493 τῶν
457 465 522 503 βίων
536 463 702 501 κατέστημεν
723 463 858 495 ἐξετασταὶ

345 420 458 449 ἔκτεινον
480 418 528 453 τὴν
550 418 628 457 χεῖρά
650 429 709 452 σου,
735 418 772 455 μὴ
790 418 858 446 ἔστι-1

84 513 142 542 ἐπεὶ
155 512 247 541 οὐδένα
260 511 341 544 οὕτως
354 510 507 548 ἐλεήσομεν.
529 509 580 538 Διὰ
599 508 625 537 τί
635 532 642 545 ‚
654 508 717 538 ὅταν
729 508 773 537 τὸν
791 508 858 536 (θεὸν

84 559 256 597 παρακαλῇς,
269 557 369 596 λέγεις,
386 556 422 594 μὴ
439 558 557 595 μνησθῇς
573 557 624 583 τῶν
638 555 775 594 ἁμαρτιῶν
793 565 858 591 μου;

84 602 187 639 ιὨιτ-τε,
198 601 275 632 εἶκαὶ
291 602 390 642 σφόδρα
406 602 477 630 ἐστὶν
493 603 589 634 ἐκεῖνος
604 600 774 639 ἁμαρτωλὸς,
784 602 860 627 τοῦτο

86 649 131 679 καὶ
147 651 188 679 ἐπ’
208 651 286 678 αὐτοῦ
297 648 415 687 λογίζου,
432 648 477 676 καὶ
490 647 526 685 μὴ
544 647 693 685 μιμνήσκου
707 648 759 674 τῶν
775 646 861 684 ἁμαρ-

86 698 149 724 τιῶν
161 696 249 725 αὐτοῦ,
268 693 476 733 Φιλανθρωπιάς
495 693 566 721 ἐστὶν
581 695 594 721 ὃ
606 691 708 731 καιρὸς,
725 693 772 720 οὔκ
787 693 861 731 ἀκρι-

87 741 177 773 ὅοῖῐςέ
166 739 319 772 εξετάσεως·
342 739 385 767 ἕλ’
373 750 442 774 εους,
467 740 495 766 οὖ
518 739 656 776 λογισυοῧ.
678 738 862 776 Διατραφῆναι

88 786 224 853 βουλιεται·
240 785 270 814 ἂν
283 784 330 823 μὲν
353 784 476 823 βούλῃ,
463 784 519 816 οός·
535 784 564 812 ἂν
582 783 608 812 δὲ
625 782 661 821 wi]
682 782 763 821 βούλῃ
774 805 780 817 ,
792 782 861 811 ἀπό-

86 834 201 871 πεμγον,
213 830 275 869 μὴ’
264 842 436 869 επαπορησας
447 829 489 858 διὰ
503 829 528 858 τί
541 829 652 861 ἅθλιος
639 842 655 867 ῃ
668 841 713 857 και
727 828 862 856 ταλαίπω-

90 890 142 918 ρος.
155 878 206 907 Διὰ
218 878 243 906 τί
258 877 316 907 οὐδὲ
332 877 408 906 αὐτὸν
422 877 519 912 ἐλεεῖς,
536 876 582 904 καὶ
594 887 653 908 τους
664 874 785 907 θέὶοιτας
801 876 863 903 ἀπο-

87 936 132 963 τρε
126 924 208 959 ’πειςς
214 923 301 953 ‘Notou
315 922 366 962 γὰρ
381 923 424 951 ὁ
410 933 435 950 οε
438 927 480 950 ἱνα
492 921 610 960 ἀκούσῃ
602 921 675 959 παρὰ
686 932 748 955 σου,
763 920 801 948 ὁτι
814 923 862 948 οὓ-

88 981 132 1003 τος
146 969 278 1004 ἀπατεων,
293 981 334 998 οτι
348 969 445 1000 ἐκεῖνος
463 967 608 1006 ὑποκριτπς
598 989 626 1001 ,
644 967 683 995 ὅτι
697 968 796 998 ἐκεῖνος
816 966 862 994 δα-

89 1016 179 1049 νείζει·
190 1015 248 1045 οὔτε
258 1014 358 1047 τούτοις
369 1014 484 1049 δίδωσιν,
495 1013 554 1041 οὔτε
565 1012 673 1045 ἐκείνοις
683 1024 689 1029 ·
700 1011 801 1044 πάντας
812 1011 863 1050 γὰρ

89 1062 229 1092 ὑποπτεύει
242 1061 374 1093 τοιούτους
393 1055 469 1088 εἶναι.
484 1059 556 1088 Ἴστε
576 1058 627 1098 γὰρ
645 1059 686 1087 ὅτι
706 1057 739 1086 τὰ
761 1058 864 1097 πονηρὰ

89 1108 202 1140 εὐκόλως
215 1106 406 1145 ὑποπτεύομεν,
420 1105 454 1134 τὰ
474 1105 500 1134 δὲ
519 1104 642 1144 χρηστὰ,
663 1103 760 1132 οὐκέτι.
780 1105 800 1132 Γ
803 1103 865 1132 ενώ-

90 1157 158 1193 μεθα
178 1153 329 1191 ἐλεήμονες,
344 1154 393 1192 οὐχ
405 1153 508 1187 ἁπλῶς,
522 1152 581 1180 οὒλ
597 1153 632 1184 ὡς
649 1152 662 1179 ὁ
679 1149 776 1189 Πατὴρ
787 1151 864 1187 ἡμῶν

90 1202 104 1228 ὁ
115 1199 245 1239 οὐράνιος·
257 1199 334 1231 αὐτὸς
347 1199 392 1228 καὶ
407 1197 516 1237 μοιχους
529 1209 574 1226 και
585 1197 695 1236 πόρνους
711 1195 756 1224 καὶ
768 1195 865 1234 γόητας

91 1257 136 1284 τρε
129 1245 192 1284 'gozi‘
205 1257 250 1274 και
258 1244 374 1283 τιλεγω
381 1249 434 1272 πᾶν
453 1244 519 1276 εἶδος
531 1243 626 1275 κακίας
635 1242 753 1282 ἔχοντας.
759 1241 806 1270 Εν
814 1241 866 1280 γὰρ

92 1291 208 1320 τοσούτω
224 1291 316 1330 κόσμω
331 1290 390 1319 ἀνά·
389 1302 433 1329 (κη
448 1293 515 1318 εἰναι
531 1301 576 1318 και
595 1287 728 1320 τοιούτους
741 1287 866 1319 πολλούς·

93 1338 151 1366 ἀλλ’
164 1335 262 1375 ὅμως
246 1347 363 1367 απαντας
374 1335 478 1374 τρέοει,
486 1335 603 1367 ἅπαν-ας
615 1333 773 1363 ἐνδιδυσκει·
786 1333 868 1366 οὗοεὶς

93 1385 164 1422 λιμω
177 1382 302 1422 διεοθάρη
312 1380 386 1414 ποτὲ,
399 1381 446 1409 π)
436 1393 467 1416 ην
483 1381 507 1409 εἴ
518 1393 557 1413 τις
569 1380 645 1410 ἑκών
658 1380 737 1409 Οὕτω
752 1379 868 1419 ·ι’(εν1>υ.ε-

95 1432 128 1458 θα
142 1431 165 1458 οἷ
168 1428 320 1468 κτίρμονες·
331 1426 374 1456 ἐὰν
392 1426 497 1460 δέηται,
512 1437 556 1454 και
570 1427 596 1454 ἐν
608 1426 709 1464 ἀνάγκη
723 1429 754 1464 ᾐ,
771 1425 868 1464 βοήθει.

95 1474 179 1503 Νῦν
165 1473 192 1503 οὲ
207 1475 242 1506 εἷς
257 1483 378 1502 τοσουτον
388 1471 502 1510 ἤλθομεν
517 1470 672 1509 ἀλογίας,“’
655 1482 723 1499 ωστε
737 1470 774 1508 μὴ
789 1470 866 1508 μόνον

96 1519 139 1548 ἐπὶ
153 1522 204 1548 τῶν
217 1519 336 1554 πενήτων
350 1522 427 1547 τοῦτο
440 1522 523 1546 ποιεῖν
539 1519 590 1545 τῶν
603 1516 645 1544 διὰ
660 1518 712 1545 τῶν
730 1519 870 1546 στενωπῶν

97 1564 265 1602 βαδιζόντων,
273 1563 340 1592 ἀλλὰ
350 1564 396 1592 καὶ
407 1563 451 1591 ἐπὶ
460 1562 623 1600 μοναζόντων
635 1562 747 1600 ἀνδρῶν.
757 1561 790 1591 ‘O
800 1563 871 1591 δεῖνα

97 1609 219 1645 ἐπιθέτης
232 1610 303 1645 ἐστὶ,
319 1609 408 1648 φησίν.
426 1608 495 1647 Οὐχὶ
509 1610 587 1637 τοῦτο
605 1607 693 1645 ἔλεγον
709 1607 811 1647 πρῴην,
831 1608 872 1637 ὅτι

100 1657 129 1684 ἂν
147 1656 193 1693 μὲν
219 1661 299 1684 πᾶσιν
326 1654 476 1694 ἀδιαφόρως
500 1654 623 1692 διδῶμεν,
648 1653 688 1681 ἀεὶ
713 1653 854 1692 ἐλεήσομεν
865 1666 870 1671 ·

637 175 655 197 Λ
662 176 682 197 D
710 175 794 197 HEBR
801 174 865 196 AEOS
873 188 878 195 .

908 172 987 195 ew.
1017 172 1064 194 vi.
1095 172 1212 194 noun..
1243 173 1290 194 xi.
1585 159 1650 206 169

909 234 978 272 quis,
1001 239 1026 262 et
1045 243 1106 261 cuin
1125 233 1243 262 abundet
1268 232 1365 272 opibus
1387 230 1540 260 mendicat?
1556 243 1652 270 quani·

909 279 1012 316 obrem,
1028 278 1087 315 dic,
1103 279 1213 317 quaeso?
1227 278 1292 317 qnid
1309 285 1347 307 est
1360 277 1465 317 turpius
1478 287 1560 315 quam
1574 288 1652 306 men—

640 327 726 355 Παιντὶ
750 328 787 365 τῷ
814 328 856 354 αἱ·
874 332 893 354 D
909 325 1019 354 dicare?
1032 325 1115 354 satius
1129 332 1167 353 est
1182 325 1260 361 mori⁷
1274 335 1354 363 qnam
1368 324 1528 352 mendicare.
1543 324 1654 358 Quous-

911 383 964 411 que
970 372 1070 401 erimus
1080 372 1143 401 saevi
1154 378 1179 400 et
1189 371 1351 400 inhumani?
1363 369 1437 405 Quid
1448 380 1520 405 vero,
1529 379 1653 398 omnesne

911 420 1089 453 foenerantur,
1111 428 1236 446 omnesne
1256 424 1318 445 sunt
1341 417 1517 455 impostores?
1543 425 1654 444 nemone

912 475 975 493 vere
990 463 1112 504 pauper?
1126 464 1201 492 Certe
1211 486 1218 499 ‚
1234 463 1331 501 inquit,
1348 469 1409 491 snnt
1425 462 1512 490 inulti.
1525 463 1580 491 Cur
1591 471 1654 499 ergo

913 511 968 538 illis
981 520 1033 538 non
1050 510 1103 538 fers
1116 520 1210 549 opem,
1226 519 1287 537 cum
1306 509 1342 537 sis
1360 518 1452 537 eornm
1469 507 1530 536 vitae
1546 513 1655 535 exactus

914 563 938 584 et
952 562 1093 584 accuratus
1112 555 1299 584 examinator?
1314 555 1377 583 llaec
1391 560 1453 582 sunt
1469 559 1616 592 praetextus
1631 559 1656 580 ct

914 602 1058 631 excusatio.
1074 603 1124 630 Da
1142 604 1222 630 omni
1233 603 1362 640 pelenti;
1378 607 1404 629 et
1420 610 1496 633 eum,
1513 601 1563 638 qui
1582 599 1657 627 ‘velit

916 656 1014 678 ηιιιιιιο
1029 651 1170 688 accipere,
1187 660 1223 678 ne
1237 650 1379 677 averseris
1394 659 1401 675 :
1418 646 1531 675 extende
1549 656 1658 674 manum

872 702 1005 735 11911111111,
1015 705 1047 723 ne
1061 695 1095 723 sit
1107 701 1250 723 contracta.
1265 695 1323 722 Non
1339 703 1431 722 sumus
1446 692 1507 721 vitae
1521 691 1660 720 examina-

881 745 899 766 A
918 747 1001 775 tores;
1014 740 1114 778 alioqui
1129 740 1230 769 nullius
1242 739 1277 768 ita
1290 738 1485 768 miserebimur.
1499 738 1565 773 Cur,
1578 748 1661 776 quan-

917 786 952 814 do
968 788 1053 816 Deum
1069 797 1161 825 rogas,
1172 785 1253 822 dieis,
1270 786 1309 814 Ne
1324 784 1476 813 memineris
1490 790 1661 824 peccatorum

919 833 1059 861 meoriun?
1073 832 1254 866 Quamobrem
1266 855 1273 867 ,
1284 831 1386 860 etlamsi
1399 831 1445 859 ille
1459 831 1493 860 sit
1505 830 1582 859 valde
1596 840 1662 869 pec-

918 885 991 907 cator
1000 900 1008 914 ,
1021 878 1109 906 hocin
1121 877 1178 916 ipso
1193 888 1298 915 qnoque
1309 884 1413 916 reputa,
1428 883 1453 905 ct
1465 876 1620 905 memineris
1630 876 1663 904 il-

918 924 971 953 lius
978 931 1158 964 peccatorum.
1172 924 1349 961 benignitatis
1361 930 1386 952 et
1396 923 1541 952 clementia:
1552 929 1664 951 esttem-

919 980 980 1009 pus,
994 979 1046 997 non
1060 976 1189 997 accuratae
1204 976 1229 997 et
1241 976 1340 997 exactae
1353 976 1574 1005 examinationis;
1585 978 1666 997 mise-

918 1014 1054 1051 ricordiae‚
1067 1024 1119 1043 non
1134 1014 1353 1043 ratiocinationis.
1366 1015 1434 1044 Vult
1449 1014 1547 1043 nutriri
1564 1026 1570 1041 :
1587 1014 1609 1042 si
1623 1013 1666 1042 vis

919 1060 1102 1099 quidem7d35
1117 1060 1156 1088 sin
1173 1060 1273 1096 minus,
1283 1060 1397 1088 amanda
1408 1083 1416 1097 ‚
1430 1060 1498 1088 nihil
1512 1060 1666 1099 disceptans

920 1117 968 1135 cur
982 1106 1016 1135 sit
1033 1106 1122 1142 miser,
1135 1116 1182 1134 cur
1198 1105 1302 1134 infelix.
1320 1106 1375 1134 Cur
1391 1116 1438 1134 nec
1450 1106 1506 1145 ipse
1521 1106 1666 1142 misereris,

922 1161 947 1182 et
967 1164 1011 1183 eos
1033 1152 1079 1191 qui
1102 1153 1196 1182 volunt
1215 1152 1338 1180 avertis?
1355 1153 1425 1181 Nam
1438 1153 1545 1190 quando
1566 1153 1611 1182 hic
1624 1153 1668 1181 vel

920 1199 966 1228 ille
977 1210 991 1227 a
1003 1206 1029 1228 te
1039 1198 1155 1227 audierit
1168 1197 1240 1236 qnod
1255 1198 1304 1226 iste
1313 1197 1423 1236 quidem
1436 1205 1474 1226 est
1486 1197 1623 1237 deceptor,
1635 1199 1669 1227 il-

885 1251 902 1273 B
920 1246 944 1274 le
956 1255 1019 1274 vero
1034 1244 1175 1284 hypocrita
1188 1251 1213 1273 et
1223 1244 1374 1279 simulator,
1389 1243 1439 1272 iste
1454 1251 1543 1272 autem
1559 1245 1672 1273 foenera-

921 1299 982 1320 tur:
995 1301 1081 1329 neque
1095 1290 1136 1318 his
1150 1289 1210 1325 dat,
1227 1300 1314 1328 neque
1330 1289 1385 1318 illis
1405 1301 1412 1318 :
1431 1289 1585 1328 suspicatur
1599 1290 1670 1318 enim

922 1348 1012 1366 omnes
1027 1347 1082 1365 esse
1094 1337 1169 1365 tales.
1182 1335 1263 1365 Scitis
1277 1335 1347 1363 enim
1361 1334 1435 1373 quod
1448 1335 1518 1363 mala
1532 1335 1609 1363 facile
1620 1345 1671 1363 su-

922 1383 1073 1423 spicamur3
1090 1393 1150 1420 quae
1165 1388 1256 1410 autem
1267 1381 1348 1419 hona,
1360 1391 1413 1409 non
1428 1380 1500 1409 item.
1513 1380 1605 1409 Simus
1619 1381 1672 1409 mi-

923 1428 1069 1465 sericodes,
1081 1438 1133 1456 non
1150 1435 1310 1465 utcumque,
1322 1426 1369 1455 sed
1386 1433 1416 1454 nt
1431 1428 1509 1455 Pater
1522 1433 1611 1455 noster
1622 1437 1673 1455 cze-

922 1475 996 1504 lestis
1008 1475 1081 1514 :ipse
1099 1473 1187 1502 nutrit
1204 1473 1342 1502 adulteros
1357 1479 1382 1501 et
1395 1479 1553 1501 scortatores
1566 1479 1590 1500 et
1605 1483 1672 1512 pree-

923 1521 1074 1560 stigiatores
1087 1531 1092 1546 :
1105 1526 1130 1548 et
1146 1519 1214 1558 quid
1229 1518 1290 1547 dico
1301 1519 1314 1546 ?
1328 1529 1372 1547 eos
1390 1518 1437 1557 qui
1457 1518 1580 1546 laborant
1599 1519 1673 1546 omni

924 1577 1018 1605 genere
1034 1566 1104 1595 vitii.
1123 1566 1192 1594 Nam
1208 1575 1310 1594 necesse
1325 1571 1363 1593 est
1387 1571 1417 1593 ut
1432 1564 1460 1593 in
1479 1571 1554 1592 tanto
1571 1564 1673 1592 mundo

925 1611 1002 1639 multi
1016 1611 1070 1639 sint
1085 1610 1150 1639 tales
1163 1622 1169 1638 ε
1182 1610 1230 1639 sed
1253 1617 1340 1638 tamen
1362 1619 1452 1638 omnes
1468 1608 1570 1644 nutrit,
1582 1618 1674 1637 omnes

926 1654 1028 1683 induit:
1040 1665 1117 1683 nemo
1131 1665 1258 1692 umquam
1274 1654 1343 1682 fame
1356 1653 1448 1692 periit,
1467 1652 1518 1681 nisi
1532 1651 1592 1690 quis
1606 1652 1674 1680 forte

519 1770 547 1797 M
553 1769 692 1797 UTIANO
714 1767 969 1797 SCHOMSTICO
991 1768 1243 1798 INTERPRETE.

99 1887 176 1906 causa
187 1876 199 1905 Ξ)
212 1875 257 1904 dic
270 1874 338 1903 mihi
349 1885 355 1901 ι
367 1872 433 1912 quid
445 1879 482 1901 est
496 1872 684 1901 confusibilius
695 1872 707 1900 ἶ)
719 1871 814 1900 melius
829 1871 930 1911 quippe
946 1878 984 1900 est
999 1871 1083 1908 mori,
1098 1882 1180 1910 qnam
1196 1871 1356 1900 mendicare.
1373 1871 1513 1907 Quamdiu
1528 1871 1564 1899 ita
1579 1870 1668 1910 supini

101 1922 211 1952 sumus?
223 1920 297 1957 Quid
313 1930 375 1959 ergo
387 1919 399 1947 ‚⁹
411 1929 502 1947 omnes
517 1918 551 1947 ad
571 1929 679 1947 usuram
694 1918 759 1947 dant
769 1941 776 1955 ,
789 1929 880 1947 omnes
896 1919 1053 1958 impostores
1067 1925 1145 1954 sunt,
1163 1918 1254 1946 nullus
1273 1928 1364 1947 revera
1378 1928 1479 1957 pauper
1494 1917 1553 1946 est?
1566 1917 1668 1955 Etiam,

100 1970 198 2009 inquis,
209 1976 234 1997 et
248 1968 337 1997 multi.
351 1966 427 2002 Quid
444 1966 529 2005 ergo?
547 1966 599 1994 Vel
621 1966 658 1994 cis
680 1976 731 1994 non
752 1965 865 1994 exhibes
887 1966 1022 1994 auxilium
1036 1977 1041 1992 ε
1057 1972 1086 1993 nt
1103 1964 1170 2003 qnid
1185 1965 1293 1993 exsistis
1310 1964 1483 2004 scrupulosus
1500 1964 1563 1993 vitae
1578 1974 1669 1993 eorum

100 2015 270 2046 enucleator?
281 2014 334 2044 Sed
344 2014 385 2042 11ae
397 2013 547 2042 occasiones
557 2019 618 2041 sunt
629 2019 654 2040 et
665 2013 859 2042 excusationes.
876 2015 962 2041 Omni
972 2015 1082 2051 petenti
1097 2019 1124 2041 te
1136 2013 1184 2049 da,
1199 2019 1226 2041 et
1239 2013 1385 2041 volentem
1399 2023 1418 2040 a
1431 2018 1459 2040 te
1470 2014 1600 2040 mutuari
1613 2023 1671 2040 non

99 2065 249 2093 averseris.
265 2061 388 2091 Extende
406 2071 515 2089 manum
530 2067 620 2094 tuam,
636 2070 688 2088 non
711 2060 746 2088 sit
764 2067 908 2089 contracta.
926 2060 985 2089 Non
1001 2062 1073 2088 enim
1090 2060 1207 2089 vitarum
1222 2059 1359 2088 constituti
1374 2069 1467 2087 snmus
1491 2058 1670 2095 discussores;

100 2109 199 2147 alioqui
216 2109 306 2137 nullus
320 2108 370 2136 hoc
381 2106 460 2136 modo
472 2106 652 2135 miserebitur.
666 2107 767 2142 Quare,
779 2106 886 2144 qnando
903 2107 990 2135 Deum
1004 2117 1094 2144 rogas,
1107 2106 1175 2134 dicis
1187 2118 1192 2133 :
1207 2106 1378 2134 pcccatorum
1394 2116 1513 2134 meorum
1529 2116 1561 2134 ne
1575 2106 1670 2134 memi-

101 2156 190 2186 neris?
204 2155 330 2192 Proinde,
343 2162 368 2184 et
381 2154 403 2183 si
417 2154 496 2183 valde
507 2154 542 2182 sit
556 2154 601 2182 ille
611 2160 743 2192 peccator,
755 2153 807 2181 hoc
822 2154 911 2193 ipsum
925 2161 950 2182 et
964 2154 990 2182 in
1004 2154 1062 2194 ipso
1075 2153 1223 2190 considera,
1238 2160 1263 2181 et
1280 2153 1333 2181 noli
1351 2153 1484 2182 reminisci
1500 2159 1669 2193 peccatorum

102 2202 167 2241 ejus.
183 2201 303 2240 Tempus
317 2207 355 2229 est
375 2199 578 2235 miscricordhe,
596 2209 647 2227 non
663 2199 827 2238 scrupulosa«,
839 2198 1032 2236 dis‹·ussi0nis;
1047 2199 1249 2236 miseriem-dice,
1265 2211 1316 2229 non
1334 2199 1551 2228 ratiocinationis.
1565 2199 1670 2228 Nutrix-i

103 2247 163 2277 vult
176 2259 182 2274 z
195 2246 327 2285 siquidem
340 2246 393 2283 vis,
409 2246 512 2283 trihue;
530 2245 551 2273 si
564 2252 653 2274 autem
666 2255 719 2273 non
737 2245 789 2280 vis,
802 2244 909 2273 dimitte
922 2246 978 2274 sine
993 2246 1184 2286 increpatione.
1200 2247 1289 2281 Quare
1300 2246 1380 2275 miser
1392 2257 1418 2275 es
1430 2253 1454 2274 ct
1469 2246 1584 2274 infelix?
1601 2257 1670 2285 qua-

104 2305 131 2324 re
142 2305 190 2323 nec
200 2301 230 2323 tu
241 2293 384 2331 misereris,
397 2300 423 2323 et
437 2293 555 2323 volentes
568 2293 687 2322 avertis?
703 2292 820 2329 Quando
831 2293 903 2321 enim
923 2293 968 2322 ille
981 2293 1097 2323 audierit
1109 2305 1122 2322 a
1136 2301 1170 2330 te,
1186 2294 1319 2329 Quoniam
1337 2294 1386 2322 istc
1400 2293 1526 2333 deceptor
1539 2300 1588 2331 est,
1603 2304 1667 2332 quo-

105 2342 176 2370 niam
188 2341 233 2370 ille
244 2341 322 2369 fictor
335 2347 384 2379 est,
396 2340 524 2379 quoniam
537 2340 583 2368 ille
596 2339 632 2368 ad
648 2349 755 2367 usuram
768 2338 824 2373 dat,
838 2339 933 2379 incipit
948 2350 1033 2379 neque
1045 2341 1102 2369 istis
1116 2340 1196 2377 dare,
1211 2351 1294 2378 neque
1307 2340 1360 2369 illis
1373 2352 1378 2367 ε
1392 2350 1483 2369 omnes
1498 2339 1525 2368 in
1539 2339 1669 2378 suspicio-

105 2399 138 2418 ne
152 2388 270 2423 habebst,
286 2388 350 2417 tales
364 2399 419 2417 esse
435 2387 551 2427 putabit.
568 2387 649 2417 Scitis
663 2386 734 2416 enim
750 2386 812 2425 qnia
829 2397 888 2424 quae
909 2388 980 2416 mala
1001 2395 1063 2417 sunt
1080 2389 1158 2417 facile
1177 2388 1362 2427 suspicamur;
1387 2398 1445 2426 quse
1462 2397 1524 2416 vero
1547 2387 1648 2426 optima
1661 2410 1668 2422 ,

105 2446 156 2465 non
169 2435 216 2465 ita.
228 2435 389 2464 Efficiamur
399 2434 592 2472 misericordes,
602 2445 655 2463 non
672 2433 934 2473 quomodocumque,
947 2435 993 2465 sed
1006 2437 1140 2475 quomodo
1151 2437 1227 2465 Pater
1236 2443 1324 2464 noster
1333 2435 1462 2464 caelestis:
1473 2435 1529 2474 ipsc
1535 2434 1670 2463 etadulte-

107 2493 150 2512 ros
161 2489 186 2512 et
198 2483 347 2512 meretrices
358 2490 384 2512 et
397 2483 532 2512 maleficos
544 2483 675 2521 gubernat
686 2492 692 2508 z
702 2489 727 2510 et
738 2481 805 2520 quid
816 2481 877 2510 dico
888 2483 901 2511 ἱ)
915 2493 1021 2512 omnem
1036 2485 1151 2523 speciem
1164 2483 1313 2522 iniquitatis
1326 2483 1462 2512 babentes.
1473 2483 1504 2511 In
1515 2488 1588 2510 tanto
1599 2481 1670 2510 enim

109 2528 210 2559 mundo
219 2539 322 2559 necesse
333 2537 372 2559 est
383 2540 438 2559 esse
447 2530 512 2559 tales
523 2537 548 2559 et
562 2529 694 2569 plurimos
708 2540 714 2556 ι
728 2535 910 2560 verumtamen
923 2540 1013 2559 omnes
1025 2531 1116 2568 nutrit,
1126 2541 1216 2560 omncs
1230 2530 1316 2560 induit
1328 2543 1334 2559 z
1347 2529 1437 2559 nullus
1450 2529 1519 2558 same
1530 2528 1607 2568 periit
1620 2528 1669 2556 ali-

229 2593 302 2612 ·rom.
328 2594 381 2613 xii.
844 2600 845 2603 =
1514 2584 1524 2609 ’1
1535 2584 1551 2609 2
