1886 2846
232 182 278 226 46
570 193 599 215 S.
626 192 763 215 JOANMS
790 189 970 213 CHRYSOST.
1002 186 1154 209 ltncuuss’.
1184 185 1451 209 CONSTANTINOP-

230 254 288 294 ipso
303 254 374 283 fonte
389 254 487 293 aceepit
502 253 609 282 initium
622 267 627 281 ι
640 263 692 281 non
707 254 786 281 homo
799 261 856 279 eam
872 249 967 278 tradu-

232 300 272 328 xit
287 300 312 328 in
325 306 437 336 terram,
452 309 503 327 non
519 305 605 327 creata
621 305 750 337 potestas,
763 296 809 325 sed
825 297 881 335 ipse
895 294 965 323 Uni—

231 345 345 384 genitus.
362 345 412 372 Ab
433 347 474 373 eis
489 346 538 383 qui
559 345 729 379 audierunt,
746 344 776 370 in
795 352 846 369 nos
859 339 965 377 confir-

232 397 312 418 mata
323 397 374 418 est.
389 390 463 424 Quid
473 389 524 418 sibi
541 389 599 418 vult
615 388 693 423 illud,
711 388 891 426 Confirmata
902 389 942 411 ese
955 386 967 409 Ρ

232 435 338 464 Credita
354 435 418 472 fuit,
432 443 477 464 aut
496 436 584 464 evcnit
597 447 603 462 ι
617 445 677 463 nam
698 434 832 462 Habemus
842 453 848 465 ‚
865 430 967 467 inquit,

230 482 337 511 arrham
353 494 359 509 ε
376 482 426 511 hoc
441 489 477 511 est
489 505 497 519 7
513 492 564 510 non
586 488 624 509 est
641 480 786 513 exstincta,
801 486 853 504 non
871 475 966 510 desiit,

231 527 275 556 scd
294 527 462 556 dominatum
484 527 585 555 obtinet
605 532 629 553 et
648 530 762 563 superat.
778 522 863 549 Causa
877 527 967 548 autem

230 579 268 600 est
279 572 372 601 divina
384 574 468 601 virtus
482 583 542 610 quae
553 577 684 610 operatur.
696 566 767 601 Quid
781 565 915 603 significat
929 565 965 593 il-

231 617 289 654 lud,
299 618 348 646 Ab
360 620 394 646 iis
409 621 458 656 qui
471 618 623 645 audierunt
634 617 646 640 P
658 613 713 640 Hoc
725 618 778 647 est,
791 611 809 638 ii
824 610 896 648 quia
909 611 965 638 Do-

232 662 303 691 mino
324 663 478 697 audierunt,
492 661 542 700 ipsi
557 670 604 688 nos
618 658 818 686 confirmarunt.
833 657 965 694 Magnum

231 715 268 737 est
282 709 332 737 hoc
347 716 371 737 ct
386 709 438 736 fide
454 707 574 745 dignum.
586 703 664 739 Quod
679 702 787 741 quidem
799 702 886 731 Lucas
898 712 964 740 quo-

182 774 185 778 ·
198 781 202 785 ,
231 763 281 792 quc
296 753 361 782 dicit
375 754 400 781 in
415 753 488 781 initio
503 749 642 787 Evangelii
656 760 661 776 :
675 749 755 777 Sicut
780 748 964 777 tradiderunt

231 802 310 829 nobis
324 802 374 839 qui
388 801 423 827 ab
438 800 521 826 initio
542 798 596 835 ipsi
620 796 758 823 viderunt
771 817 777 830 ‚
790 801 817 823 et
839 796 964 824 ministri

219 847 345 883 *filerunt
357 845 505 872 sermonis.
522 840 665 876 Quomodo
679 850 741 879 ergo
757 840 807 868 fuit
821 840 963 869 confirma-

228 892 272 919 ta?
287 891 359 925 Quid
375 890 395 918 si
413 890 430 917 ii
451 889 497 927 qui
518 887 672 923 audierunt,
687 887 792 925 iuquit,
808 887 962 915 finxerunt?

226 937 281 964 Hoc
296 946 358 974 ergo
382 934 492 968 refellit,
505 940 530 962 et
545 932 660 962 ostendit
677 942 729 961 non
745 943 800 960 esse
817 932 963 961 humanam

224 982 351 1019 gratiam3
363 987 387 1009 et
399 980 540 1019 subjunxit
554 992 559 1006 z
577 979 604 1008 4.
621 979 808 1007 contestante
820 979 893 1006 Deo.
912 979 963 1006 Ne-

223 1038 275 1065 que
288 1027 357 1055 enim
369 1027 390 1055 si
407 1026 558 1061 finxissent,
569 1026 643 1053 Deus
658 1024 712 1052 iltis
727 1024 909 1052 testimonium
920 1030 962 1052 tu-

222 1073 303 1101 lisset.
317 1072 513 1101 Testimonium
527 1070 636 1110 quidem
651 1069 692 1098 illi
702 1070 864 1105 serunt,fert
873 1076 961 1098 autem

222 1119 294 1147 Deus
306 1129 411 1157 quoque
421 1117 612 1147 testimonium.
626 1115 768 1151 Quomodo
780 1116 831 1144 fert
845 1116 962 1144 testimo·

222 1164 296 1193 nium
305 1165 318 1192 ⁴?
329 1165 387 1193 Non
400 1173 535 1199 sermone,
547 1173 632 1200 neque
646 1172 712 1191 voce
724 1172 804 1190 :nam
818 1168 884 1190 esset
898 1161 960 1199 qui-

221 1209 283 1237 dem
296 1209 348 1237 hoc
361 1218 465 1247 quoque
485 1207 627 1243 credibile;
638 1206 684 1236 sed
697 1206 830 1245 quomodo
839 1207 852 1234 ἱ)
865 1207 959 1245 Signis

221 1260 249 1282 el
259 1256 400 1293 portentis
415 1260 442 1282 el
457 1255 550 1282 variis
562 1254 730 1281 virtutibus.
744 1252 859 1281 Pulchre
871 1252 960 1291 posuit

221 1300 310 1334 illud,
328 1301 424 1328 Variis
439 1300 606 1333 virtutibus,
629 1298 807 1336 gratuitorum
826 1297 959 1325 donorum

221 1356 266 1373 seu
281 1345 470 1373 charismatum
487 1343 642 1382 significans
656 1343 848 1371 abundantiam
866 1354 872 1370 ε
888 1342 959 1381 quod

221 1390 329 1428 quidem
343 1401 394 1419 non
410 1391 508 1418 sactum
522 1396 560 1417 est
575 1389 601 1417 in
615 1389 762 1428 prioribus,
775 1399 859 1427 neque
870 1395 908 1417 tot
920 1388 958 1417 si·

221 1446 270 1474 gna
282 1444 372 1465 ettam
382 1435 541 1464 differentia.
554 1435 609 1463 Hoc
626 1441 676 1469 est,
690 1435 749 1463 Non
765 1441 863 1463 temere
874 1445 905 1463 ac
918 1435 958 1463 le-

220 1482 288 1510 viter
306 1482 360 1510 illis
381 1480 543 1509 credidimus
553 1502 560 1515 ‚
573 1479 616 1508 sed
633 1490 679 1519 per
697 1480 773 1518 signa
788 1487 813 1508 et
827 1487 956 1519 portenta.

220 1527 400 1561 Quamobrem
413 1536 465 1554 non
480 1525 534 1553 illis
548 1524 693 1559 credimus,
707 1525 752 1553 sed
765 1526 830 1553 Deo.
844 1526 884 1554 Et
896 1526 957 1564 Spi-

220 1575 291 1601 ritus
305 1574 400 1601 sancti
423 1572 675 1599 distributionibus
694 1571 850 1598 secundum
874 1581 956 1599 suam

221 1619 412 1646 voluntatem.
435 1615 506 1652 Quid
523 1615 596 1654 quod
610 1622 636 1644 ct
656 1615 861 1654 praestigiatores
881 1616 956 1655 signa

1021 259 1067 284 μεν
1076 259 1081 264 ·
1093 245 1234 281 τουτέστιν,
1247 248 1294 275 οὐκ
1307 247 1428 282 ἔσὸέσθη,
1439 248 1485 276 οὐκ
1500 246 1599 283 ἴΛηξεν,
1613 247 1680 276 ἀλλὰ
1694 252 1784 286 κρατεῖ

1020 304 1064 331 καὶ
1077 302 1246 341 περιγίνεται.
1257 303 1297 331 Τὸ
1311 303 1337 331 δὲ
1354 303 1445 339 αἴτιον,
1455 306 1471 338 ἡ
1488 303 1544 332 θεία
1559 303 1667 340 δύναμις
1678 304 1783 342 ἐνεργεῖ.

1020 358 1054 387 Ti
1069 359 1148 392 ἐστιν,
1164 357 1232 387 εΥττῖ)
1246 361 1296 387 τῶν
1314 359 1477 388 ἀκουσάντων
1486 372 1493 396 ;
1510 360 1661 395 Τουτέστιν,
1674 360 1697 387 οἱ
1712 359 1784 398 παρὰ

1021 417 1064 443 τοῦ
1076 415 1173 454 Κυρίου
1185 414 1342 447 ἀκούσαντες
1354 415 1427 444 αὐτοὶ
1438 418 1507 453 ἡμᾶς
1520 415 1690 445 {Giganti-‚cm
1706 415 1785 454 Μέγα

1020 473 1095 499 τοῦτο
1107 471 1151 498 καὶ
1164 470 1321 504 ἀξιόπιστον.
1336 470 1426 510 υΟπερ
1436 471 1480 499 καὶ
1491 473 1594 504 Λουκᾶς
1606 483 1684 511 φησιν
1701 474 1727 500 ἐν
1738 474 1784 511 ἀρ-

1020 529 1055 565 [ἢ
1065 529 1109 555 τοῦ
1121 526 1282 565 Εὐαγγελιόυ
1293 538 1298 543 ·
1311 525 1404 559 Καθὼς
1418 526 1565 565 παρέδοσαν
1577 530 1641 564 ἡμῖν
1656 529 1679 556 οῖ
1690 528 1785 567 ἀπ’ἀρ-

1019 586 1068 622 yffi<
1081 582 1209 611 αὐτόπται
1223 581 1268 611 καὶ
1280 581 1407 621 ὑπηρέται
1424 581 1557 620 γενόμενοι
1571 585 1615 610 τοῦ
1626 582 1784 620 λόγου.Πῶς

1019 633 1062 667 οὖν
1071 636 1264 673 ἐδεὲαιώθη;τί
1272 632 1355 672 οἶν,εἷ
1366 638 1389 665 οἱ
1400 636 1556 670 ἀκούσαντες
1568 636 1694 673 ἔπλασαν,
1707 637 1784 677 φησί;

1019 694 1105 722 Τοῦτο
1126 693 1210 722 τοίνυν
1233 695 1357 733 ἀναιρῶν,
1371 694 1416 722 καὶ
1435 694 1535 726 δεικνὺς
1555 695 1600 723 οὐκ
1619 695 1783 733 ἀνθρωπίνην

1018 750 1065 785 τὴν
1084 750 1173 790 χάριν,
1190 750 1320 789 ἐπήγαγε,
1331 751 1621 790 Συνεπιμαρτυροῧντος
1638 753 1684 779 τοῦ
1703 752 1782 780 Θεοῦ.

1018 808 1076 836 Οὐκ
1091 806 1121 835 ἂν
1136 807 1197 846 γὰρ,
1213 808 1235 836 εἷ
1250 807 1377 842 ἔπλασαν,
1393 809 1407 835 ὁ
1421 806 1488 838 Θεὸς
1504 806 1589 838 αὐτοῖς
1603 805 1780 846 ἐμαρτύρησε.

1019 865 1188 903 Μαρτυροῧσι
1211 864 1257 902 μὲν
1278 865 1406 898 κάκεῖνοι,
1424 866 1550 901 μαρτυρεῖ
1569 862 1596 891 δὲ
1617 863 1689 891 καὶὸ
1704 862 1780 896 Θεός.

1018 920 1081 952 Πῶς
1096 924 1235 960 μαρτυρεῖς
1251 920 1291 948 Οὐ
1303 919 1387 957 λόγῳ,
1397 917 1453 946 οῦδὲ
1468 920 1539 957 φωνῇ
1549 929 1555 935 ·
1566 914 1597 954 ἦν
1614 917 1661 956 μὲν
1675 918 1726 957 γὰρ
1738 917 1783 947 καὶ

1016 978 1091 1004 τοῦτο
1104 976 1205 1005 πιστόν·
1217 974 1284 1004 ἀλλὰ
1295 976 1364 1010 πῶς;
1375 974 1499 1012 Σημείοις
1513 974 1558 1003 καὶ
1568 973 1658 1014 τέρασι
1669 973 1714 1002 καὶ
1727 985 1783 1003 ποι·

1015 1030 1101 1064 κίλαις
1116 1030 1249 1069 δυνάμεσι.
1267 1031 1360 1063 Καλῶς
1378 1030 1421 1066 τὸ,
1433 1029 1571 1063 Ποικίλαις
1585 1029 1727 1067 δυνάμεσι,
1742 1029 1782 1058 τέ-

1016 1089 1084 1115 θεικε
1093 1107 1100 1121 ,
1110 1086 1156 1121 τὴν
1172 1085 1293 1125 ἀφθονίαν
1308 1087 1359 1114 τῶν
1372 1084 1545 1124 χαρισμάτων
1561 1085 1646 1120 δηλῶν
1655 1096 1661 1102 ·
1673 1085 1738 1124 ὅπερ
1752 1085 1780 1114 οὗ

1014 1142 1151 1182 γεγένηται
1167 1142 1211 1172 ἐπὶ
1229 1145 1281 1171 τῶν
1303 1141 1448 1181 προτέρων,
1468 1141 1525 1170 οὐδὲ
1540 1143 1654 1170 τοσαῦτα
1669 1145 1781 1179 σημεῖα,

1014 1198 1058 1226 καὶ
1078 1197 1146 1227 οὕτω
1178 1198 1298 1237 διάφορα.
1323 1196 1465 1226 Τουτὲστιν
1481 1220 1488 1233 ,
1501 1198 1549 1236 οὐχ
1568 1198 1641 1230 πλῶς
1665 1197 1782 1226 ἐπιστεύ-

1013 1267 1095 1293 σαμεν
1110 1254 1227 1289 ἐκείνοις,
1241 1255 1308 1284 ἀλλὰ
1323 1253 1365 1283 διὰ
1378 1253 1495 1292 σημείων
1507 1253 1551 1282 καὶ
1563 1253 1688 1293 τεράτων.
1697 1253 1781 1282 ϋΩστε

978 1309 996 1332 D
1014 1305 1060 1334 οὐκ
1084 1305 1191 1337 ἐκείνοις
1214 1304 1390 1342 πιστεύομεν,
1405 1304 1462 1332 ἀλλ’
1485 1305 1555 1342 αὐτῷ
1579 1305 1617 1343 τῷ
1638 1305 1709 1342 Θεῷ.
1728 1303 1782 1332 Καὶ

1013 1358 1167 1396 Πνεύματος
1179 1357 1252 1396 ἁγίου
1266 1360 1417 1395 μερισμοῖς,
1428 1355 1497 1384 κατὰ
1511 1355 1560 1390 τὴν
1573 1357 1651 1384 αὐτοῦ
1666 1354 1781 1390 θέλησιν.

1011 1410 1046 1439 Τί
1062 1406 1120 1445 οὖν,
1131 1410 1171 1439 ὅτι
1185 1409 1228 1438 καὶ
1243 1409 1334 1447 γόητες
1348 1412 1446 1445 σημεῖα
1462 1409 1584 1444 ποιοῦσι,
1599 1406 1644 1435 καὶ
1658 1406 1781 1436 Ἰουδαῖοι

1013 1462 1039 1490 ἓν
1060 1460 1218 1494 Βεελζεὲοὺλ
1238 1459 1326 1498 ἔλεγον
1347 1459 1424 1487 αὐτὸν
1441 1458 1577 1488 &agninam
1592 1457 1625 1486 τὰ
1641 1457 1780 1496 δαιμόνια;

1012 1512 1080 1541 Ἀλλ’
1100 1513 1128 1541 οὐ
1148 1515 1257 1540 τοιαῦτα
1281 1512 1386 1539 ποιοῦσι
1409 1513 1518 1547 σημεῖα·
1542 1508 1584 1537 διὰ
1611 1511 1688 1537 τοῦτο
1708 1503 1779 1544 εἶπε,

1012 1564 1149 1596 Ποικίλαις
1171 1563 1319 1600 δυνάμεσιν.
1337 1561 1443 1590 Ἐκεῖνα
1462 1560 1513 1600 γὰρ
1530 1562 1557 1589 οὐ
1581 1560 1703 1598 δύναμις,
1720 1560 1778 1588 ἀλλ’

1012 1617 1131 1645 ἀσθένεια
1145 1615 1190 1644 καὶ
1212 1613 1341 1654 φαντασία
1365 1613 1409 1641 καὶ
1434 1612 1540 1641 διάκενα
1561 1612 1714 1651 πράγματα.
1727 1611 1778 1639 Διὰ

639 1719 810 1748 ML‘TIANO
832 1719 1084 1748 SCHOLASTICO
1108 1717 1358 1748 INTERPRETE.

221 1812 335 1838 initium
352 1811 507 1846 accepisset
523 1810 657 1836 enarrari
666 1819 717 1846 per
727 1810 895 1838 Dominum.
914 1810 971 1838 Hoc
985 1817 1038 1845 est,
1051 1811 1073 1838 si
1087 1810 1122 1838 ab
1135 1810 1194 1849 ipso
1205 1810 1275 1837 fonte
1286 1809 1343 1837 haec
1355 1809 1469 1837 dicimus
1484 1808 1582 1836 habere
1596 1807 1758 1846 principium
1772 1824 1778 1839 :

221 1867 272 1884 uon
288 1865 351 1893 ergo
361 1854 396 1882 ab
407 1853 561 1882 hominibus
580 1853 656 1881 nobis
677 1853 756 1882 allata
771 1861 845 1890 sunt,
859 1865 911 1883 non
923 1855 957 1884 ab
971 1855 1060 1893 aliqua
1076 1855 1175 1884 virtute
1189 1855 1232 1884 vel
1245 1861 1347 1892 creata,
1364 1853 1407 1883 vel
1425 1853 1548 1890 condita,
1565 1853 1610 1881 sed
1625 1852 1682 1891 ipse
1704 1852 1782 1881 nobis

221 1914 251 1930 ea
264 1902 348 1930 Filius
362 1900 682 1938 unigenitusimpertivit.
695 1902 744 1929 Ab
758 1903 808 1936 eis,
827 1901 925 1940 inquit,
939 1904 989 1941 qui
1002 1903 1169 1941 audierunt,
1187 1904 1218 1930 in
1230 1912 1281 1930 nos
1296 1902 1472 1941 confirmata
1482 1907 1532 1929 est.
1547 1898 1622 1934 Quid
1636 1905 1690 1936 est,
1701 1899 1782 1927 Con-

214 1950 342 1987 firmata
349 1951 413 1977 est?
423 1947 529 1976 Credita
540 1953 578 1975 est
591 1954 670 1985 atque
684 1949 797 1987 peffecta
812 1962 818 1979 :
833 1949 945 1988 Pignus,
959 1949 1056 1988 inquit,
1073 1949 1213 1987 habemus.
1224 1949 1280 1978 Hoc
1294 1956 1344 1985 est,
1357 1959 1410 1977 non
1425 1947 1554 1977 exstincta
1563 1969 1570 1982 ,
1583 1957 1635 1975 non
1648 1946 1782 1975 diminuta

223 2001 262 2022 est
273 1994 354 2031 salus,
365 2002 447 2031 quam
461 1991 538 2020 nobis
552 1992 683 2028 attribuit,
695 1993 739 2021 sed
754 2001 890 2032 permanet
909 2001 934 2023 et
948 1995 1076 2033 proevalet
1090 1995 1118 2024 in
1133 2002 1273 2023 aeternum.
1288 1995 1375 2023 Causa
1388 2004 1453 2023 vero
1467 1993 1547 2032 hujus
1564 1992 1603 2021 rei
1626 1998 1664 2020 est
1683 1992 1783 2022 divinae

224 2039 370 2068 voluntatis
380 2039 506 2077 operatio,
517 2038 572 2067 Hoc
583 2043 631 2071 est,
644 2038 690 2076 qui
705 2050 719 2066 a
731 2040 847 2068 Domino
858 2039 1012 2078 audierunt,
1025 2041 1077 2080 ipsi
1090 2051 1138 2069 nos
1153 2040 1269 2080 propriis
1280 2039 1470 2069 confirmavere
1484 2038 1640 2067 virtutibus.
1651 2039 1783 2076 Magnum

225 2087 276 2114 hoc
289 2096 368 2125 opus,
380 2084 506 2122 omnique
520 2083 575 2112 fide
588 2083 788 2123 dignissimum,
801 2087 873 2124 quod
886 2087 966 2116 etiam
981 2088 1069 2116 Lucas
1083 2087 1155 2117 dixit
1168 2088 1197 2116 in
1210 2087 1344 2126 principio
1360 2084 1502 2124 Evangelii
1516 2084 1558 2112 sui
1571 2096 1577 2111 ε
1590 2084 1669 2113 Sicut
1690 2085 1782 2113 tradi—

225 2134 330 2161 derunt
344 2133 426 2160 nobis
439 2133 490 2170 qui
504 2131 542 2159 ab
555 2132 639 2159 initio
653 2139 807 2169 proesentes
820 2134 960 2163 viderunt
970 2156 978 2171 ‚
992 2141 1019 2163 et
1029 2136 1268 2163 ministraverunt
1282 2135 1381 2162 verbo.
1391 2131 1444 2162 Sed
1456 2131 1526 2160 dicet
1537 2129 1634 2168 aliquis
1645 2141 1651 2157 ε
1663 2129 1782 2164 Quomo-

225 2180 260 2208 do
273 2180 331 2208 haec
345 2178 501 2207 confirmata
512 2183 550 2206 est
565 2177 636 2206 salus
645 2177 659 2206 Ρ
669 2178 736 2216 quid
751 2179 830 2215 enim,
841 2180 862 2208 si
876 2181 910 2208 ab
924 2181 967 2218 iis,
977 2181 1024 2220 qui
1038 2182 1120 2221 primi
1131 2180 1273 2209 audierunt
1287 2180 1352 2216 ista,
1369 2179 1481 2208 conficta
1495 2177 1578 2206 sunt?
1594 2177 1650 2206 Hoc
1662 2186 1725 2215 ergo
1738 2187 1783 2205 re-

223 2227 302 2260 futat,
312 2232 337 2254 et
347 2224 463 2254 ostendit
476 2233 528 2252 non
543 2234 597 2253 esse
611 2224 758 2253 humanam
773 2226 840 2255 hane
852 2228 975 2265 gratiam.
986 2229 1077 2267 Neque
1092 2228 1173 2263 enim,
1187 2228 1209 2256 si
1222 2227 1280 2256 baec
1295 2227 1406 2255 conficta
1422 2231 1519 2261 essent,
1529 2230 1720 2252 contestaretur
1729 2223 1784 2252 illis

222 2272 315 2301 divina
331 2272 447 2312 potentia
459 2284 465 2300 :
477 2278 616 2311 propterea
631 2281 695 2310 ergo
709 2272 811 2310 intulit,
828 2273 919 2303 dicens
933 2287 938 2302 :
955 2276 1144 2305 Contestanle
1157 2276 1229 2304 Deo.
1242 2273 1434 2303 Testificantur
1449 2271 1558 2310 quidem
1572 2277 1597 2299 et
1611 2270 1653 2298 illi
1662 2292 1670 2307 ‚
1683 2270 1782 2299 testifi-

223 2326 299 2348 catur
312 2327 338 2348 et
351 2321 433 2348 Deus.
443 2319 478 2348 Et
496 2317 631 2357 quomodo
643 2318 801 2348 testificatur
813 2321 905 2350 Deus?
921 2322 980 2350 Non
995 2323 1094 2360 verbo,
1108 2333 1193 2361 neque
1208 2332 1288 2359 voce;
1301 2327 1367 2350 esset
1381 2319 1490 2358 quidem
1510 2319 1561 2347 boc
1574 2317 1656 2346 etiam
1669 2316 1783 2355 dignum

223 2365 276 2393 [ide
288 2388 295 2402 ‚
313 2372 497 2394 verumtamen
518 2366 676 2394 Virtutibus
690 2372 718 2394 et
737 2367 877 2405 prodigiis
901 2375 927 2396 et
949 2371 1043 2398 variis
1066 2371 1224 2398 virtutibus
1244 2374 1409 2397 attestatur.
1428 2366 1498 2394 Bene
1512 2365 1593 2401 dixit,
1609 2365 1705 2392 Γανίἱε
1719 2365 1783 2392 vir.

223 2413 346 2447 tutibus,
371 2412 539 2440 affluentiam
560 2411 714 2449 significans
729 2413 885 2450 gratiarum,
900 2425 958 2452 quae
974 2425 1024 2444 non
1036 2423 1091 2444 crat
1111 2415 1186 2455 apud
1198 2415 1338 2453 antiquos;
1350 2423 1433 2451 neque
1447 2419 1520 2440 tanta
1534 2411 1619 2449 signa,
1632 2419 1716 2447 neque
1727 2415 1782 2438 tam

222 2456 328 2485 diversa
339 2457 472 2496 prodigia.
483 2457 541 2486 lloc
553 2467 616 2495 ergo
624 2456 701 2493 dicit,
711 2458 774 2496 quia
782 2469 834 2487 non
846 2459 1004 2498 simpliciter
1014 2461 1069 2489 illis
1082 2461 1271 2496 estere-ditum,
1284 2459 1331 2489 sed
1341 2470 1387 2499 per
1400 2459 1476 2497 signa
1485 2464 1510 2486 et
1522 2455 1655 2496 prodigia.
1667 2454 1784 2484 Proinde

221 2502 288 2531 dum
298 2502 353 2531 illis
367 2503 572 2538 credimus‚nou
583 2503 707 2539 illis,sed
719 2505 776 2533 Deo
791 2516 837 2534 nos
852 2506 957 2534 credere
971 2506 1132 2537 declaratur,
1148 2509 1188 2536 Et
1205 2508 1327 2546 Spiritus
1343 2507 1447 2540 sancti,
1461 2504 1555 2542 inquit,
1572 2503 1782 2530 distrIbutioni-

223 2551 273 2578 bus
287 2549 442 2577 secundum
456 2560 537 2577 suam
548 2550 743 2583 volunlatem.
760 2550 812 2580 Sed
827 2551 935 2581 fortusse
950 2552 1019 2581 dicet
1035 2553 1141 2590 aliquis,
1150 2554 1224 2589 Quid
1239 2552 1322 2591 ergo?
1334 2551 1395 2590 quia
1409 2557 1433 2579 et
1449 2549 1518 2587 magi
1538 2548 1612 2585 sigua
1628 2546 1744 2585 faciunt,
1757 2553 1781 2575 ct
