<?xml version="1.0" encoding="UTF-8"?>
<!DOCTYPE html PUBLIC "-//W3C//DTD XHTML 1.0 Transitional//EN"
    "http://www.w3.org/TR/xhtml1/DTD/xhtml1-transitional.dtd">
<html xmlns="http://www.w3.org/1999/xhtml" xml:lang="en" lang="en">
 <head>
  <title>
</title>
<meta http-equiv="Content-Type" content="text/html;charset=utf-8" />
  <meta name='ocr-system' content='tesseract 3.04.00' />
  <meta name='ocr-capabilities' content='ocr_page ocr_carea ocr_par ocr_line ocrx_word'/>
</head>
<body>
  <div class='ocr_page' id='page_1' title='image "./operaomniaquaeex12johnuoft/operaomniaquaeex12johnuoft_0399.png"; bbox 0 0 1906 2846; ppageno 0'>
   <div class='ocr_carea' id='block_1_1' title="bbox 401 163 568 187">
    <p class='ocr_par' dir='ltr' id='par_1_1' title="bbox 401 163 568 187">
     <span class='ocr_line' id='line_1_1' title="bbox 401 163 568 187; baseline 0.006 -1"><span class='ocrx_word' id='word_1_1' title='bbox 401 164 431 186; x_wconf 75' lang='grc' dir='ltr'><em>ΙΝ</em></span> <span class='ocrx_word' id='word_1_2' title='bbox 461 163 568 187; x_wconf 81' lang='lat' dir='ltr'><em>EPlS&#39;l&#39;.</em></span> 
     </span>
    </p>
   </div>
   <div class='ocr_carea' id='block_1_2' title="bbox 600 163 1039 187">
    <p class='ocr_par' dir='ltr' id='par_1_2' title="bbox 600 163 1039 187">
     <span class='ocr_line' id='line_1_2' title="bbox 600 163 1039 187; baseline 0 -1"><span class='ocrx_word' id='word_1_3' title='bbox 600 164 645 186; x_wconf 68' lang='lat' dir='ltr'><em>AD</em></span> <span class='ocrx_word' id='word_1_4' title='bbox 672 163 840 187; x_wconf 65' lang='lat' dir='ltr'><em>flEBRJEos.</em></span> <span class='ocrx_word' id='word_1_5' title='bbox 870 163 949 186; x_wconf 75' lang='lat' dir='ltr'><strong>CAP.</strong></span> <span class='ocrx_word' id='word_1_6' title='bbox 978 163 1039 186; x_wconf 83' lang='grc' dir='ltr'><em>ΧΠ.</em></span> 
     </span>
    </p>
   </div>
   <div class='ocr_carea' id='block_1_3' title="bbox 1573 150 1641 186">
    <p class='ocr_par' dir='ltr' id='par_1_3' title="bbox 1573 150 1641 186">
     <span class='ocr_line' id='line_1_3' title="bbox 1573 152 1590 186; textangle 90"><span class='ocrx_word' id='word_1_7' title='bbox 1573 152 1590 186; x_wconf 73' lang='lat'><em>01</em></span> 
     </span>
     <span class='ocr_line' id='line_1_4' title="bbox 1596 152 1616 185; textangle 90"><span class='ocrx_word' id='word_1_8' title='bbox 1596 152 1616 185; x_wconf 79' lang='lat'><em>00</em></span> 
     </span>
     <span class='ocr_line' id='line_1_5' title="bbox 1621 150 1641 186; textangle 90"><span class='ocrx_word' id='word_1_9' title='bbox 1621 150 1641 186; x_wconf 68' lang='lat'><em>01</em></span> 
     </span>
    </p>
   </div>
   <div class='ocr_carea' id='block_1_4' title="bbox 1070 163 1314 187">
    <p class='ocr_par' dir='ltr' id='par_1_4' title="bbox 1070 163 1314 187">
     <span class='ocr_line' id='line_1_6' title="bbox 1070 163 1314 187; baseline 0 -1"><span class='ocrx_word' id='word_1_10' title='bbox 1070 163 1188 187; x_wconf 80' lang='lat' dir='ltr'><em>llOMlL.</em></span> <span class='ocrx_word' id='word_1_11' title='bbox 1218 163 1314 186; x_wconf 66' lang='lat' dir='ltr'><em>xxm.</em></span> 
     </span>
    </p>
   </div>
   <div class='ocr_carea' id='block_1_5' title="bbox 375 266 1011 269">
    <p class='ocr_par' dir='ltr' id='par_1_5' title="bbox 375 266 1011 269">
     <span class='ocr_line' id='line_1_7' title="bbox 375 266 1011 269; baseline 0 0"><span class='ocrx_word' id='word_1_12' title='bbox 375 266 1011 269; x_wconf 95' lang='lat' dir='ltr'><em> </em></span> 
     </span>
    </p>
   </div>
   <div class='ocr_carea' id='block_1_6' title="bbox 791 273 1292 276">
    <p class='ocr_par' dir='ltr' id='par_1_6' title="bbox 791 273 1292 276">
     <span class='ocr_line' id='line_1_8' title="bbox 791 273 1292 276; baseline 0 0"><span class='ocrx_word' id='word_1_13' title='bbox 791 273 1292 276; x_wconf 95' lang='lat' dir='ltr'><em> </em></span> 
     </span>
    </p>
   </div>
   <div class='ocr_carea' id='block_1_7' title="bbox 354 356 554 391">
    <p class='ocr_par' dir='ltr' id='par_1_7' title="bbox 354 356 554 391">
     <span class='ocr_line' id='line_1_9' title="bbox 354 356 554 391; baseline 0.005 -7"><span class='ocrx_word' id='word_1_14' title='bbox 354 356 489 385; x_wconf 80' lang='grc' dir='ltr'><strong>ΟΜΙΑῙΑ</strong></span> <span class='ocrx_word' id='word_1_15' title='bbox 511 356 554 391; x_wconf 80' lang='grc' dir='ltr'><em>κή-</em></span> 
     </span>
    </p>
   </div>
   <div class='ocr_carea' id='block_1_8' title="bbox 68 447 843 809">
    <p class='ocr_par' dir='ltr' id='par_1_8' title="bbox 68 447 843 809">
     <span class='ocr_line' id='line_1_10' title="bbox 68 447 841 489; baseline 0.001 -12"><span class='ocrx_word' id='word_1_16' title='bbox 68 447 152 478; x_wconf 60' lang='lat' dir='ltr'><em>odam</em></span> <span class='ocrx_word' id='word_1_17' title='bbox 166 447 260 488; x_wconf 80' lang='grc' dir='ltr'>μέχρις</span> <span class='ocrx_word' id='word_1_18' title='bbox 272 448 382 486; x_wconf 82' lang='grc' dir='ltr'>αἵματος</span> <span class='ocrx_word' id='word_1_19' title='bbox 397 448 604 484; x_wconf 79' lang='grc' dir='ltr'>ἀντικατέστητε</span> <span class='ocrx_word' id='word_1_20' title='bbox 619 449 682 488; x_wconf 81' lang='grc' dir='ltr'>πρὸς</span> <span class='ocrx_word' id='word_1_21' title='bbox 694 448 741 484; x_wconf 75' lang='grc' dir='ltr'><em>τὴν</em></span> <span class='ocrx_word' id='word_1_22' title='bbox 754 449 841 489; x_wconf 79' lang='grc' dir='ltr'>ἁμαρ-</span> 
     </span>
     <span class='ocr_line' id='line_1_11' title="bbox 107 493 842 534; baseline 0.003 -12"><span class='ocrx_word' id='word_1_23' title='bbox 107 494 165 523; x_wconf 80' lang='grc' dir='ltr'>τίαν</span> <span class='ocrx_word' id='word_1_24' title='bbox 188 493 442 533; x_wconf 79' lang='grc' dir='ltr'>ἀνταγωνιζόμενοι’</span> <span class='ocrx_word' id='word_1_25' title='bbox 458 495 503 523; x_wconf 77' lang='grc' dir='ltr'><em>καὶ</em></span> <span class='ocrx_word' id='word_1_26' title='bbox 524 495 665 530; x_wconf 79' lang='grc' dir='ltr'>ἐκλέλησθε</span> <span class='ocrx_word' id='word_1_27' title='bbox 689 497 735 530; x_wconf 73' lang='grc' dir='ltr'><em>τῆς</em></span> <span class='ocrx_word' id='word_1_28' title='bbox 756 508 842 534; x_wconf 87' lang='grc' dir='ltr'>παρα-</span> 
     </span>
     <span class='ocr_line' id='line_1_12' title="bbox 108 540 841 580; baseline 0.001 -12"><span class='ocrx_word' id='word_1_29' title='bbox 108 540 226 575; x_wconf 77' lang='grc' dir='ltr'>κλήσεως</span> <span class='ocrx_word' id='word_1_30' title='bbox 236 562 244 577; x_wconf 84' lang='lat'><em>‚</em></span> <span class='ocrx_word' id='word_1_31' title='bbox 259 540 317 575; x_wconf 78' lang='grc' dir='ltr'>ἥτις</span> <span class='ocrx_word' id='word_1_32' title='bbox 331 542 392 578; x_wconf 77' lang='grc' dir='ltr'>ὑμῖν</span> <span class='ocrx_word' id='word_1_33' title='bbox 408 542 444 573; x_wconf 80' lang='grc' dir='ltr'><em>ὡς</em></span> <span class='ocrx_word' id='word_1_34' title='bbox 458 543 522 573; x_wconf 83' lang='grc' dir='ltr'>υἱοῖς</span> <span class='ocrx_word' id='word_1_35' title='bbox 542 541 705 580; x_wconf 74' lang='grc' dir='ltr'>διαλέγεται·</span> <span class='ocrx_word' id='word_1_36' title='bbox 718 541 757 570; x_wconf 80' lang='grc' dir='ltr'><em>υἱέ</em></span> <span class='ocrx_word' id='word_1_37' title='bbox 775 553 841 579; x_wconf 84' lang='grc' dir='ltr'>μου,</span> 
     </span>
     <span class='ocr_line' id='line_1_13' title="bbox 110 586 842 626; baseline 0.003 -12"><span class='ocrx_word' id='word_1_38' title='bbox 110 586 146 624; x_wconf 84' lang='grc' dir='ltr'><em>μὴ</em></span> <span class='ocrx_word' id='word_1_39' title='bbox 169 586 290 625; x_wconf 77' lang='grc' dir='ltr'>ὀλιγώρει</span> <span class='ocrx_word' id='word_1_40' title='bbox 313 587 433 620; x_wconf 73' lang='grc' dir='ltr'>παιδείας</span> <span class='ocrx_word' id='word_1_41' title='bbox 459 587 573 626; x_wconf 79' lang='grc' dir='ltr'>Κυρίου,</span> <span class='ocrx_word' id='word_1_42' title='bbox 592 587 658 625; x_wconf 74' lang='grc' dir='ltr'>μηδὲ</span> <span class='ocrx_word' id='word_1_43' title='bbox 679 588 772 616; x_wconf 76' lang='grc' dir='ltr'>ἐκλύου</span> <span class='ocrx_word' id='word_1_44' title='bbox 798 589 842 616; x_wconf 78' lang='grc' dir='ltr'>ὑπ’</span> 
     </span>
     <span class='ocr_line' id='line_1_14' title="bbox 108 632 843 673; baseline 0.001 -12"><span class='ocrx_word' id='word_1_45' title='bbox 108 633 188 661; x_wconf 71' lang='grc' dir='ltr'>αὐτοῦ</span> <span class='ocrx_word' id='word_1_46' title='bbox 208 632 390 672; x_wconf 78' lang='grc' dir='ltr'>ἐλεγχόμενος.</span> <span class='ocrx_word' id='word_1_47' title='bbox 406 632 458 661; x_wconf 63' lang='grc' dir='ltr'><em>“Ον</em></span> <span class='ocrx_word' id='word_1_48' title='bbox 475 633 526 672; x_wconf 83' lang='grc' dir='ltr'><em>γὰρ</em></span> <span class='ocrx_word' id='word_1_49' title='bbox 541 635 632 672; x_wconf 76' lang='grc' dir='ltr'>ἀγαπᾷ</span> <span class='ocrx_word' id='word_1_50' title='bbox 653 634 764 673; x_wconf 77' lang='grc' dir='ltr'>Κύριος,</span> <span class='ocrx_word' id='word_1_51' title='bbox 780 646 843 662; x_wconf 84' lang='grc' dir='ltr'>παι-</span> 
     </span>
     <span class='ocr_line' id='line_1_15' title="bbox 108 678 843 718; baseline 0.003 -11"><span class='ocrx_word' id='word_1_52' title='bbox 108 678 188 707; x_wconf 76' lang='grc' dir='ltr'>δεύει·</span> <span class='ocrx_word' id='word_1_53' title='bbox 200 683 325 717; x_wconf 79' lang='grc' dir='ltr'>μαστιγοῖ</span> <span class='ocrx_word' id='word_1_54' title='bbox 340 678 367 707; x_wconf 75' lang='grc' dir='ltr'><em>δὲ</em></span> <span class='ocrx_word' id='word_1_55' title='bbox 382 678 469 707; x_wconf 72' lang='grc' dir='ltr'>πάντα</span> <span class='ocrx_word' id='word_1_56' title='bbox 483 679 546 715; x_wconf 73' lang='grc' dir='ltr'>υἱὸν,</span> <span class='ocrx_word' id='word_1_57' title='bbox 562 679 589 707; x_wconf 79' lang='grc' dir='ltr'><em>ὃν</em></span> <span class='ocrx_word' id='word_1_58' title='bbox 603 679 794 718; x_wconf 72' lang='grc' dir='ltr'>παραδέχεται.</span> <span class='ocrx_word' id='word_1_59' title='bbox 808 681 843 709; x_wconf 82' lang='grc' dir='ltr'><em>Εἰ</em></span> 
     </span>
     <span class='ocr_line' id='line_1_16' title="bbox 106 724 842 766; baseline 0.001 -13"><span class='ocrx_word' id='word_1_60' title='bbox 106 724 228 753; x_wconf 80' lang='grc' dir='ltr'>παιδείαν</span> <span class='ocrx_word' id='word_1_61' title='bbox 244 724 403 762; x_wconf 77' lang='grc' dir='ltr'>ὑπομένετε,</span> <span class='ocrx_word' id='word_1_62' title='bbox 417 726 453 757; x_wconf 82' lang='grc' dir='ltr'><em>ὡς</em></span> <span class='ocrx_word' id='word_1_63' title='bbox 467 727 532 758; x_wconf 82' lang='grc' dir='ltr'>υἱοῖς</span> <span class='ocrx_word' id='word_1_64' title='bbox 551 727 612 763; x_wconf 81' lang='grc' dir='ltr'>ὑμῖν</span> <span class='ocrx_word' id='word_1_65' title='bbox 629 726 807 766; x_wconf 75' lang='grc' dir='ltr'>προσφέρεται</span> <span class='ocrx_word' id='word_1_66' title='bbox 829 728 842 754; x_wconf 85' lang='grc' dir='ltr'>ὁ</span> 
     </span>
     <span class='ocr_line' id='line_1_17' title="bbox 106 770 801 809; baseline 0 -9"><span class='ocrx_word' id='word_1_67' title='bbox 106 770 183 803; x_wconf 80' lang='grc' dir='ltr'>Θεός.</span> <span class='ocrx_word' id='word_1_68' title='bbox 194 770 244 803; x_wconf 87' lang='grc' dir='ltr'><em>Τίς</em></span> <span class='ocrx_word' id='word_1_69' title='bbox 257 770 308 809; x_wconf 83' lang='grc' dir='ltr'><em>γάρ</em></span> <span class='ocrx_word' id='word_1_70' title='bbox 324 772 393 799; x_wconf 84' lang='grc' dir='ltr'>ἐστιν</span> <span class='ocrx_word' id='word_1_71' title='bbox 409 770 463 803; x_wconf 73' lang='grc' dir='ltr'>υἱὸς</span> <span class='ocrx_word' id='word_1_72' title='bbox 477 771 504 800; x_wconf 77' lang='grc' dir='ltr'><em>ὃν</em></span> <span class='ocrx_word' id='word_1_73' title='bbox 520 772 548 800; x_wconf 80' lang='grc' dir='ltr'>οὐ</span> <span class='ocrx_word' id='word_1_74' title='bbox 563 770 683 800; x_wconf 79' lang='grc' dir='ltr'>παιδεύει</span> <span class='ocrx_word' id='word_1_75' title='bbox 698 771 801 809; x_wconf 78' lang='grc' dir='ltr'>πατήρ;</span> 
     </span>
    </p>
   </div>
   <div class='ocr_carea' id='block_1_9' title="bbox 103 1003 875 1043">
    <p class='ocr_par' dir='ltr' id='par_1_9' title="bbox 103 1003 875 1043">
     <span class='ocr_line' id='line_1_18' title="bbox 103 1003 875 1043; baseline -0.003 -9"><span class='ocrx_word' id='word_1_76' title='bbox 103 1004 194 1034; x_wconf 59' lang='lat' dir='ltr'><em>&#39;Ee-Sua</em></span> <span class='ocrx_word' id='word_1_77' title='bbox 216 1004 272 1040; x_wconf 83' lang='grc' dir='ltr'>εἴδη</span> <span class='ocrx_word' id='word_1_78' title='bbox 288 1004 483 1043; x_wconf 74' lang='grc' dir='ltr'>παρακλήσεως</span> <span class='ocrx_word' id='word_1_79' title='bbox 509 1003 568 1040; x_wconf 77' lang='grc' dir='ltr'>δύο,</span> <span class='ocrx_word' id='word_1_80' title='bbox 589 1003 694 1032; x_wconf 78' lang='grc' dir='ltr'>ἐναντία</span> <span class='ocrx_word' id='word_1_81' title='bbox 717 1004 841 1039; x_wconf 82' lang='grc' dir='ltr'>ἀλλήλοις</span> <span class='ocrx_word' id='word_1_82' title='bbox 855 1008 875 1032; x_wconf 87' lang='lat' dir='ltr'>C</span> 
     </span>
    </p>
   </div>
   <div class='ocr_carea' id='block_1_10' title="bbox 62 1046 841 1412">
    <p class='ocr_par' dir='ltr' id='par_1_10' title="bbox 62 1046 841 1412">
     <span class='ocr_line' id='line_1_19' title="bbox 62 1046 840 1089; baseline -0.003 -9"><span class='ocrx_word' id='word_1_83' title='bbox 62 1046 129 1080; x_wconf 60' lang='grc' dir='ltr'>εἶναι</span> <span class='ocrx_word' id='word_1_84' title='bbox 145 1052 272 1080; x_wconf 71' lang='grc' dir='ltr'>δοκοῦντα</span> <span class='ocrx_word' id='word_1_85' title='bbox 281 1073 288 1085; x_wconf 92' lang='grc'><strong>,</strong></span> <span class='ocrx_word' id='word_1_86' title='bbox 299 1050 399 1085; x_wconf 80' lang='grc' dir='ltr'>πολλὴν</span> <span class='ocrx_word' id='word_1_87' title='bbox 422 1050 448 1078; x_wconf 81' lang='grc' dir='ltr'><em>δὲ</em></span> <span class='ocrx_word' id='word_1_88' title='bbox 466 1051 569 1082; x_wconf 80' lang='grc' dir='ltr'>ἑαυτοῖς</span> <span class='ocrx_word' id='word_1_89' title='bbox 580 1050 782 1089; x_wconf 74' lang='grc' dir='ltr'>συνεισφέροντα</span> <span class='ocrx_word' id='word_1_90' title='bbox 793 1050 840 1086; x_wconf 74' lang='grc' dir='ltr'><em>τὴν</em></span> 
     </span>
     <span class='ocr_line' id='line_1_20' title="bbox 62 1094 841 1135; baseline -0.001 -11"><span class='ocrx_word' id='word_1_91' title='bbox 62 1096 137 1135; x_wconf 74' lang='grc' dir='ltr'>ἰσχύν</span> <span class='ocrx_word' id='word_1_92' title='bbox 147 1108 154 1114; x_wconf 89' lang='grc'><em>·</em></span> <span class='ocrx_word' id='word_1_93' title='bbox 167 1096 235 1135; x_wconf 86' lang='grc' dir='ltr'>ἅπερ</span> <span class='ocrx_word' id='word_1_94' title='bbox 254 1096 392 1135; x_wconf 73' lang='grc' dir='ltr'>ἀμφότερα</span> <span class='ocrx_word' id='word_1_95' title='bbox 413 1097 525 1124; x_wconf 75' lang='grc' dir='ltr'>ἐνταῦθα</span> <span class='ocrx_word' id='word_1_96' title='bbox 543 1095 655 1124; x_wconf 81' lang='grc' dir='ltr'>τέθεικε.</span> <span class='ocrx_word' id='word_1_97' title='bbox 669 1095 708 1124; x_wconf 81' lang='grc' dir='ltr'><em>Τὸ</em></span> <span class='ocrx_word' id='word_1_98' title='bbox 729 1094 777 1133; x_wconf 77' lang='grc' dir='ltr'><em>μὲν</em></span> <span class='ocrx_word' id='word_1_99' title='bbox 790 1095 841 1134; x_wconf 83' lang='grc' dir='ltr'><em>γάρ</em></span> 
     </span>
     <span class='ocr_line' id='line_1_21' title="bbox 62 1140 840 1181; baseline -0.004 -9"><span class='ocrx_word' id='word_1_100' title='bbox 62 1144 144 1179; x_wconf 84' lang='grc' dir='ltr'>ἐστιν,</span> <span class='ocrx_word' id='word_1_101' title='bbox 159 1142 220 1171; x_wconf 78' lang='grc' dir='ltr'>ὅταν</span> <span class='ocrx_word' id='word_1_102' title='bbox 237 1142 325 1171; x_wconf 85' lang='grc' dir='ltr'>πολλὰ</span> <span class='ocrx_word' id='word_1_103' title='bbox 343 1141 461 1180; x_wconf 80' lang='grc' dir='ltr'>λέγωμεν</span> <span class='ocrx_word' id='word_1_104' title='bbox 482 1140 641 1170; x_wconf 81' lang='grc' dir='ltr'>πεπονθέναι</span> <span class='ocrx_word' id='word_1_105' title='bbox 655 1141 743 1174; x_wconf 79' lang='grc' dir='ltr'>τινάς·</span> <span class='ocrx_word' id='word_1_106' title='bbox 757 1144 773 1177; x_wconf 77' lang='grc' dir='ltr'>ἡ</span> <span class='ocrx_word' id='word_1_107' title='bbox 789 1141 840 1181; x_wconf 83' lang='grc' dir='ltr'><em>γὰρ</em></span> 
     </span>
     <span class='ocr_line' id='line_1_22' title="bbox 63 1187 840 1227; baseline 0 -10"><span class='ocrx_word' id='word_1_108' title='bbox 63 1188 135 1227; x_wconf 76' lang='grc' dir='ltr'>ψυχὴ</span> <span class='ocrx_word' id='word_1_109' title='bbox 159 1188 366 1223; x_wconf 80' lang='grc' dir='ltr'>διαναπαύεται,</span> <span class='ocrx_word' id='word_1_110' title='bbox 389 1188 452 1216; x_wconf 77' lang='grc' dir='ltr'>ὅταν</span> <span class='ocrx_word' id='word_1_111' title='bbox 474 1187 523 1227; x_wconf 78' lang='grc' dir='ltr'><em>ἔχῃ</em></span> <span class='ocrx_word' id='word_1_112' title='bbox 545 1189 597 1216; x_wconf 84' lang='grc' dir='ltr'><em>τῶν</em></span> <span class='ocrx_word' id='word_1_113' title='bbox 620 1187 723 1216; x_wconf 79' lang='grc' dir='ltr'>οἰκείων</span> <span class='ocrx_word' id='word_1_114' title='bbox 748 1190 840 1217; x_wconf 79' lang='grc' dir='ltr'>παθῶν</span> 
     </span>
     <span class='ocr_line' id='line_1_23' title="bbox 65 1232 840 1273; baseline 0 -11"><span class='ocrx_word' id='word_1_115' title='bbox 65 1234 201 1273; x_wconf 85' lang='grc' dir='ltr'>μάρτυρας</span> <span class='ocrx_word' id='word_1_116' title='bbox 214 1234 339 1267; x_wconf 78' lang='grc' dir='ltr'>πολλούς·</span> <span class='ocrx_word' id='word_1_117' title='bbox 351 1233 415 1273; x_wconf 82' lang='grc' dir='ltr'>ὅπερ</span> <span class='ocrx_word' id='word_1_118' title='bbox 428 1233 552 1272; x_wconf 82' lang='grc' dir='ltr'>ἀνωτέρω</span> <span class='ocrx_word' id='word_1_119' title='bbox 566 1232 657 1268; x_wconf 81' lang='grc' dir='ltr'>ἔθηκεν</span> <span class='ocrx_word' id='word_1_120' title='bbox 673 1232 840 1270; x_wconf 81' lang='grc' dir='ltr'>εἷπὼν,Ἀνα-</span> 
     </span>
     <span class='ocr_line' id='line_1_24' title="bbox 66 1275 840 1319; baseline 0 -11"><span class='ocrx_word' id='word_1_121' title='bbox 66 1279 247 1317; x_wconf 81' lang='grc' dir='ltr'>μιμνήσκεσθε</span> <span class='ocrx_word' id='word_1_122' title='bbox 267 1279 314 1313; x_wconf 76' lang='grc' dir='ltr'><em>τὰς</em></span> <span class='ocrx_word' id='word_1_123' title='bbox 331 1279 457 1319; x_wconf 82' lang='grc' dir='ltr'>πρότερον</span> <span class='ocrx_word' id='word_1_124' title='bbox 472 1278 624 1319; x_wconf 81' lang='grc' dir='ltr'>ἡμέρας,ε’ν</span> <span class='ocrx_word' id='word_1_125' title='bbox 641 1275 682 1310; x_wconf 74' lang='grc' dir='ltr'><em>αἷς</em></span> <span class='ocrx_word' id='word_1_126' title='bbox 693 1279 840 1318; x_wconf 71' lang='grc' dir='ltr'>φωτισθέν-</span> 
     </span>
     <span class='ocr_line' id='line_1_25' title="bbox 65 1324 840 1364; baseline 0.003 -11"><span class='ocrx_word' id='word_1_127' title='bbox 65 1336 122 1360; x_wconf 84' lang='grc' dir='ltr'>τες,</span> <span class='ocrx_word' id='word_1_128' title='bbox 136 1324 237 1360; x_wconf 85' lang='grc' dir='ltr'>πολλὴν</span> <span class='ocrx_word' id='word_1_129' title='bbox 255 1325 364 1360; x_wconf 83' lang='grc' dir='ltr'>ἄθλησιν</span> <span class='ocrx_word' id='word_1_130' title='bbox 382 1325 539 1364; x_wconf 77' lang='grc' dir='ltr'>ὑπεμείνατε</span> <span class='ocrx_word' id='word_1_131' title='bbox 557 1325 736 1363; x_wconf 81' lang='grc' dir='ltr'>παθημάτων·</span> <span class='ocrx_word' id='word_1_132' title='bbox 751 1325 780 1355; x_wconf 88' lang='grc' dir='ltr'><em>τὸ</em></span> <span class='ocrx_word' id='word_1_133' title='bbox 798 1325 840 1362; x_wconf 78' lang='grc' dir='ltr'><em>δὲ,</em></span> 
     </span>
     <span class='ocr_line' id='line_1_26' title="bbox 65 1370 840 1412; baseline 0.003 -13"><span class='ocrx_word' id='word_1_134' title='bbox 65 1370 128 1400; x_wconf 77' lang='grc' dir='ltr'>ὅταν</span> <span class='ocrx_word' id='word_1_135' title='bbox 143 1371 263 1409; x_wconf 79' lang='grc' dir='ltr'>λέγωμεν</span> <span class='ocrx_word' id='word_1_136' title='bbox 273 1393 281 1408; x_wconf 83' lang='grc'><strong>,</strong></span> <span class='ocrx_word' id='word_1_137' title='bbox 295 1371 335 1400; x_wconf 81' lang='grc' dir='ltr'><em>ὅτι</em></span> <span class='ocrx_word' id='word_1_138' title='bbox 349 1372 377 1400; x_wconf 80' lang='grc' dir='ltr'>οὗ</span> <span class='ocrx_word' id='word_1_139' title='bbox 393 1371 460 1410; x_wconf 79' lang='grc' dir='ltr'>μέγα</span> <span class='ocrx_word' id='word_1_140' title='bbox 476 1384 502 1400; x_wconf 94' lang='grc' dir='ltr'><em>τι</em></span> <span class='ocrx_word' id='word_1_141' title='bbox 517 1371 664 1404; x_wconf 84' lang='grc' dir='ltr'>πέπονθας·</span> <span class='ocrx_word' id='word_1_142' title='bbox 682 1372 840 1412; x_wconf 74' lang='grc' dir='ltr'>ἐπιστρεφό-</span> 
     </span>
    </p>
   </div>
   <div class='ocr_carea' id='block_1_11' title="bbox 66 1417 875 1459">
    <p class='ocr_par' dir='ltr' id='par_1_11' title="bbox 66 1417 875 1459">
     <span class='ocr_line' id='line_1_27' title="bbox 66 1417 875 1459; baseline 0.002 -13"><span class='ocrx_word' id='word_1_143' title='bbox 66 1419 134 1454; x_wconf 84' lang='grc' dir='ltr'>μεθα</span> <span class='ocrx_word' id='word_1_144' title='bbox 148 1417 200 1456; x_wconf 83' lang='grc' dir='ltr'><em>γὰρ</em></span> <span class='ocrx_word' id='word_1_145' title='bbox 213 1419 251 1457; x_wconf 80' lang='grc' dir='ltr'><em>τῷ</em></span> <span class='ocrx_word' id='word_1_146' title='bbox 264 1418 335 1458; x_wconf 86' lang='grc' dir='ltr'>λόγῳ</span> <span class='ocrx_word' id='word_1_147' title='bbox 350 1418 394 1447; x_wconf 81' lang='grc' dir='ltr'><em>καὶ</em></span> <span class='ocrx_word' id='word_1_148' title='bbox 408 1418 609 1456; x_wconf 80' lang='grc' dir='ltr'>διανιστάμεθα,</span> <span class='ocrx_word' id='word_1_149' title='bbox 620 1418 666 1447; x_wconf 75' lang='grc' dir='ltr'><em>καὶ</em></span> <span class='ocrx_word' id='word_1_150' title='bbox 678 1418 765 1447; x_wconf 81' lang='grc' dir='ltr'>πάντα</span> <span class='ocrx_word' id='word_1_151' title='bbox 777 1419 841 1459; x_wconf 84' lang='grc' dir='ltr'>πρὸς</span> <span class='ocrx_word' id='word_1_152' title='bbox 856 1426 875 1448; x_wconf 91' lang='lat' dir='ltr'>D</span> 
     </span>
    </p>
   </div>
   <div class='ocr_carea' id='block_1_12' title="bbox 63 1463 840 1873">
    <p class='ocr_par' dir='ltr' id='par_1_12' title="bbox 63 1463 840 1873">
     <span class='ocr_line' id='line_1_28' title="bbox 65 1463 840 1505; baseline 0.003 -13"><span class='ocrx_word' id='word_1_153' title='bbox 65 1463 96 1491; x_wconf 82' lang='grc' dir='ltr'><em>τὸ</em></span> <span class='ocrx_word' id='word_1_154' title='bbox 111 1465 203 1492; x_wconf 86' lang='grc' dir='ltr'>παθεῖν</span> <span class='ocrx_word' id='word_1_155' title='bbox 217 1464 343 1502; x_wconf 81' lang='grc' dir='ltr'>γινόμεθα</span> <span class='ocrx_word' id='word_1_156' title='bbox 355 1463 556 1503; x_wconf 85' lang='grc' dir='ltr'>προθυμότεροι.</span> <span class='ocrx_word' id='word_1_157' title='bbox 573 1463 625 1493; x_wconf 83' lang='grc' dir='ltr'><em>Καὶ</em></span> <span class='ocrx_word' id='word_1_158' title='bbox 641 1463 669 1493; x_wconf 80' lang='grc' dir='ltr'><em>τὸ</em></span> <span class='ocrx_word' id='word_1_159' title='bbox 685 1464 732 1502; x_wconf 76' lang='grc' dir='ltr'><em>μὲν</em></span> <span class='ocrx_word' id='word_1_160' title='bbox 748 1477 840 1505; x_wconf 86' lang='grc' dir='ltr'>τετρυ-</span> 
     </span>
     <span class='ocr_line' id='line_1_29' title="bbox 64 1509 839 1549; baseline 0.005 -12"><span class='ocrx_word' id='word_1_161' title='bbox 64 1509 191 1548; x_wconf 73' lang='grc' dir='ltr'>χωμένην</span> <span class='ocrx_word' id='word_1_162' title='bbox 204 1509 251 1545; x_wconf 85' lang='grc' dir='ltr'><em>τὴν</em></span> <span class='ocrx_word' id='word_1_163' title='bbox 276 1509 364 1549; x_wconf 74' lang='grc' dir='ltr'>ψυχὴν</span> <span class='ocrx_word' id='word_1_164' title='bbox 379 1510 536 1540; x_wconf 74' lang='grc' dir='ltr'>διαναπαύει</span> <span class='ocrx_word' id='word_1_165' title='bbox 557 1510 603 1539; x_wconf 77' lang='grc' dir='ltr'><em>καὶ</em></span> <span class='ocrx_word' id='word_1_166' title='bbox 621 1512 744 1539; x_wconf 77' lang='grc' dir='ltr'>ἀναπνεῖν</span> <span class='ocrx_word' id='word_1_167' title='bbox 760 1516 839 1548; x_wconf 82' lang='grc' dir='ltr'>ποιεῖ,</span> 
     </span>
     <span class='ocr_line' id='line_1_30' title="bbox 63 1555 837 1596; baseline 0.005 -13"><span class='ocrx_word' id='word_1_168' title='bbox 63 1555 93 1584; x_wconf 89' lang='grc' dir='ltr'><em>τὸ</em></span> <span class='ocrx_word' id='word_1_169' title='bbox 108 1555 134 1583; x_wconf 80' lang='grc' dir='ltr'><em>δὲ</em></span> <span class='ocrx_word' id='word_1_170' title='bbox 160 1557 325 1596; x_wconf 71' lang='grc' dir='ltr'>ῥαθυμοῦσαν</span> <span class='ocrx_word' id='word_1_171' title='bbox 341 1556 423 1592; x_wconf 79' lang='grc' dir='ltr'>αὐτὴν</span> <span class='ocrx_word' id='word_1_172' title='bbox 447 1557 492 1586; x_wconf 73' lang='grc' dir='ltr'><em>καὶ</em></span> <span class='ocrx_word' id='word_1_173' title='bbox 508 1557 603 1586; x_wconf 82' lang='grc' dir='ltr'>ὑπτίαν</span> <span class='ocrx_word' id='word_1_174' title='bbox 620 1557 762 1595; x_wconf 77' lang='grc' dir='ltr'>γενομένην</span> <span class='ocrx_word' id='word_1_175' title='bbox 777 1559 837 1587; x_wconf 78' lang='grc' dir='ltr'>ἐπι-</span> 
     </span>
     <span class='ocr_line' id='line_1_31' title="bbox 64 1601 838 1642; baseline 0.004 -12"><span class='ocrx_word' id='word_1_176' title='bbox 64 1601 241 1640; x_wconf 80' lang='grc' dir='ltr'>στρέφει,καὶ</span> <span class='ocrx_word' id='word_1_177' title='bbox 263 1605 309 1631; x_wconf 78' lang='grc' dir='ltr'><em>τοῦ</em></span> <span class='ocrx_word' id='word_1_178' title='bbox 329 1603 497 1642; x_wconf 81' lang='grc' dir='ltr'>φρονήματος</span> <span class='ocrx_word' id='word_1_179' title='bbox 520 1608 657 1642; x_wconf 76' lang='grc' dir='ltr'>κατασπᾷ.</span> <span class='ocrx_word' id='word_1_180' title='bbox 672 1603 732 1633; x_wconf 83' lang='grc' dir='ltr'><em>Ἵνα</em></span> <span class='ocrx_word' id='word_1_181' title='bbox 753 1604 838 1634; x_wconf 87' lang='grc' dir='ltr'>τοίνυν</span> 
     </span>
     <span class='ocr_line' id='line_1_32' title="bbox 64 1646 838 1690; baseline 0.005 -15"><span class='ocrx_word' id='word_1_182' title='bbox 64 1646 101 1684; x_wconf 85' lang='grc' dir='ltr'><em>μὴ</em></span> <span class='ocrx_word' id='word_1_183' title='bbox 117 1646 144 1680; x_wconf 79' lang='grc' dir='ltr'><em>ἐξ</em></span> <span class='ocrx_word' id='word_1_184' title='bbox 158 1647 259 1683; x_wconf 78' lang='grc' dir='ltr'>ἐκείνης</span> <span class='ocrx_word' id='word_1_185' title='bbox 273 1650 319 1683; x_wconf 80' lang='grc' dir='ltr'><em>τῆς</em></span> <span class='ocrx_word' id='word_1_186' title='bbox 335 1648 482 1689; x_wconf 84' lang='grc' dir='ltr'>μαρτυρίας</span> <span class='ocrx_word' id='word_1_187' title='bbox 497 1649 621 1689; x_wconf 82' lang='grc' dir='ltr'>φρόνημα</span> <span class='ocrx_word' id='word_1_188' title='bbox 641 1650 728 1682; x_wconf 79' lang='grc' dir='ltr'>αὐτοῖς</span> <span class='ocrx_word' id='word_1_189' title='bbox 742 1653 838 1690; x_wconf 78' lang='grc' dir='ltr'>τεχθῇ,</span> 
     </span>
     <span class='ocr_line' id='line_1_33' title="bbox 63 1693 839 1734; baseline 0.005 -13"><span class='ocrx_word' id='word_1_190' title='bbox 63 1693 111 1732; x_wconf 76' lang='grc' dir='ltr'><em>ὅρα</em></span> <span class='ocrx_word' id='word_1_191' title='bbox 125 1693 151 1722; x_wconf 82' lang='grc' dir='ltr'><em>τί</em></span> <span class='ocrx_word' id='word_1_192' title='bbox 165 1699 250 1722; x_wconf 89' lang='grc' dir='ltr'>ποιεῖ·</span> <span class='ocrx_word' id='word_1_193' title='bbox 267 1695 364 1731; x_wconf 75' lang='grc' dir='ltr'>Οὔπω,</span> <span class='ocrx_word' id='word_1_194' title='bbox 380 1695 462 1734; x_wconf 70' lang='grc' dir='ltr'>φησὶ,</span> <span class='ocrx_word' id='word_1_195' title='bbox 479 1695 574 1734; x_wconf 74' lang='grc' dir='ltr'>μέχρις</span> <span class='ocrx_word' id='word_1_196' title='bbox 594 1695 706 1734; x_wconf 79' lang='grc' dir='ltr'>αἵματος</span> <span class='ocrx_word' id='word_1_197' title='bbox 728 1697 839 1725; x_wconf 82' lang='grc' dir='ltr'>ἀντικα-</span> 
     </span>
     <span class='ocr_line' id='line_1_34' title="bbox 64 1739 838 1780; baseline 0.004 -13"><span class='ocrx_word' id='word_1_198' title='bbox 64 1739 186 1775; x_wconf 78' lang='grc' dir='ltr'>τέστητε,</span> <span class='ocrx_word' id='word_1_199' title='bbox 206 1740 270 1779; x_wconf 87' lang='grc' dir='ltr'>πρὸς</span> <span class='ocrx_word' id='word_1_200' title='bbox 293 1740 340 1775; x_wconf 71' lang='grc' dir='ltr'><em>τὴν</em></span> <span class='ocrx_word' id='word_1_201' title='bbox 364 1741 496 1780; x_wconf 84' lang='grc' dir='ltr'>ἁμαρτίαν</span> <span class='ocrx_word' id='word_1_202' title='bbox 524 1741 774 1780; x_wconf 64' lang='grc' dir='ltr'>ἀνταγωνιζόμενον</span> <span class='ocrx_word' id='word_1_203' title='bbox 794 1742 838 1770; x_wconf 82' lang='grc' dir='ltr'><em>καὶ</em></span> 
     </span>
     <span class='ocr_line' id='line_1_35' title="bbox 63 1785 837 1825; baseline 0.003 -11"><span class='ocrx_word' id='word_1_204' title='bbox 63 1785 205 1820; x_wconf 73' lang='grc' dir='ltr'>ἐκλέλησθε</span> <span class='ocrx_word' id='word_1_205' title='bbox 227 1789 273 1822; x_wconf 70' lang='grc' dir='ltr'><em>τῆς</em></span> <span class='ocrx_word' id='word_1_206' title='bbox 298 1788 502 1825; x_wconf 78' lang='grc' dir='ltr'>παρακλήσεως.</span> <span class='ocrx_word' id='word_1_207' title='bbox 519 1787 573 1817; x_wconf 71' lang='grc' dir='ltr'><em>Καὶ</em></span> <span class='ocrx_word' id='word_1_208' title='bbox 596 1789 643 1816; x_wconf 79' lang='grc' dir='ltr'>οὐκ</span> <span class='ocrx_word' id='word_1_209' title='bbox 659 1788 752 1820; x_wconf 81' lang='grc' dir='ltr'>εὐθέως</span> <span class='ocrx_word' id='word_1_210' title='bbox 769 1789 837 1823; x_wconf 77' lang='grc' dir='ltr'>ἐπή-</span> 
     </span>
     <span class='ocr_line' id='line_1_36' title="bbox 64 1831 838 1873; baseline 0.003 -13"><span class='ocrx_word' id='word_1_211' title='bbox 64 1843 128 1870; x_wconf 83' lang='grc' dir='ltr'>γαγε</span> <span class='ocrx_word' id='word_1_212' title='bbox 143 1831 176 1861; x_wconf 78' lang='grc' dir='ltr'><em>τὰ</em></span> <span class='ocrx_word' id='word_1_213' title='bbox 192 1831 263 1869; x_wconf 75' lang='grc' dir='ltr'>ἑξῆς,</span> <span class='ocrx_word' id='word_1_214' title='bbox 278 1832 346 1861; x_wconf 77' lang='grc' dir='ltr'>ἀλλὰ</span> <span class='ocrx_word' id='word_1_215' title='bbox 365 1832 447 1866; x_wconf 79' lang='grc' dir='ltr'>δείξας</span> <span class='ocrx_word' id='word_1_216' title='bbox 459 1835 545 1867; x_wconf 79' lang='grc' dir='ltr'>αὐτοῖς</span> <span class='ocrx_word' id='word_1_217' title='bbox 557 1833 658 1866; x_wconf 84' lang='grc' dir='ltr'>πάντας</span> <span class='ocrx_word' id='word_1_218' title='bbox 671 1833 729 1866; x_wconf 83' lang='grc' dir='ltr'>τοὺς</span> <span class='ocrx_word' id='word_1_219' title='bbox 744 1834 838 1873; x_wconf 79' lang='grc' dir='ltr'>μέχρις</span> 
     </span>
    </p>
   </div>
   <div class='ocr_carea' id='block_1_13' title="bbox 1126 357 1413 388">
    <p class='ocr_par' dir='ltr' id='par_1_13' title="bbox 1126 357 1413 388">
     <span class='ocr_line' id='line_1_37' title="bbox 1126 357 1413 388; baseline 0.007 -2"><span class='ocrx_word' id='word_1_220' title='bbox 1126 357 1285 386; x_wconf 80' lang='lat' dir='ltr'>HOMILIA</span> <span class='ocrx_word' id='word_1_221' title='bbox 1307 357 1413 388; x_wconf 86' lang='lat' dir='ltr'><strong>XXIX.</strong></span> 
     </span>
    </p>
   </div>
   <div class='ocr_carea' id='block_1_14' title="bbox 895 449 1640 944">
    <p class='ocr_par' dir='ltr' id='par_1_14' title="bbox 895 449 1639 585">
     <span class='ocr_line' id='line_1_38' title="bbox 895 449 1638 493; baseline 0.008 -15"><span class='ocrx_word' id='word_1_222' title='bbox 895 449 963 478; x_wconf 68' lang='lat' dir='ltr'><em>Car.</em></span> <span class='ocrx_word' id='word_1_223' title='bbox 979 449 1045 479; x_wconf 80' lang='lat' dir='ltr'>XII.</span> <span class='ocrx_word' id='word_1_224' title='bbox 1064 461 1089 480; x_wconf 86' lang='lat' dir='ltr'><em>v.</em></span> <span class='ocrx_word' id='word_1_225' title='bbox 1103 451 1132 481; x_wconf 70' lang='lat'><em>4.</em></span> <span class='ocrx_word' id='word_1_226' title='bbox 1154 452 1292 480; x_wconf 81' lang='lat' dir='ltr'><em>Nondum</em></span> <span class='ocrx_word' id='word_1_227' title='bbox 1306 462 1397 491; x_wconf 85' lang='lat' dir='ltr'><em>usque</em></span> <span class='ocrx_word' id='word_1_228' title='bbox 1414 453 1456 481; x_wconf 86' lang='lat' dir='ltr'><em>ad</em></span> <span class='ocrx_word' id='word_1_229' title='bbox 1468 456 1638 493; x_wconf 80' lang='lat' dir='ltr'><em>sanguinem</em></span> 
     </span>
     <span class='ocr_line' id='line_1_39' title="bbox 935 498 1638 537; baseline 0.007 -13"><span class='ocrx_word' id='word_1_230' title='bbox 935 498 1083 525; x_wconf 83' lang='lat' dir='ltr'><em>restitistis</em></span> <span class='ocrx_word' id='word_1_231' title='bbox 1097 498 1237 526; x_wconf 70' lang='lat' dir='ltr'><em>adversus</em></span> <span class='ocrx_word' id='word_1_232' title='bbox 1250 504 1402 536; x_wconf 85' lang='lat' dir='ltr'><em>peccatum</em></span> <span class='ocrx_word' id='word_1_233' title='bbox 1415 507 1610 537; x_wconf 79' lang='lat' dir='ltr'><em>repugnantes</em></span> <span class='ocrx_word' id='word_1_234' title='bbox 1630 513 1638 528; x_wconf 86' lang='lat'><em>:</em></span> 
     </span>
     <span class='ocr_line' id='line_1_40' title="bbox 937 542 1639 585; baseline 0.006 -14"><span class='ocrx_word' id='word_1_235' title='bbox 937 542 964 571; x_wconf 82' lang='lat'><em>5.</em></span> <span class='ocrx_word' id='word_1_236' title='bbox 988 549 1016 571; x_wconf 85' lang='lat' dir='ltr'><em>et</em></span> <span class='ocrx_word' id='word_1_237' title='bbox 1039 544 1123 571; x_wconf 80' lang='lat' dir='ltr'><em>obliti</em></span> <span class='ocrx_word' id='word_1_238' title='bbox 1137 547 1205 572; x_wconf 82' lang='lat' dir='ltr'><em>estis</em></span> <span class='ocrx_word' id='word_1_239' title='bbox 1225 544 1446 581; x_wconf 75' lang='lat' dir='ltr'><em>consolationis,</em></span> <span class='ocrx_word' id='word_1_240' title='bbox 1468 556 1532 585; x_wconf 84' lang='lat' dir='ltr'><em>quoe</em></span> <span class='ocrx_word' id='word_1_241' title='bbox 1554 549 1639 575; x_wconf 78' lang='lat' dir='ltr'><em>vobis</em></span> 
     </span>
    </p>

    <p class='ocr_par' dir='ltr' id='par_1_15' title="bbox 936 590 1639 629">
     <span class='ocr_line' id='line_1_41' title="bbox 936 590 1639 629; baseline 0.007 -13"><span class='ocrx_word' id='word_1_242' title='bbox 936 590 1174 628; x_wconf 80' lang='lat' dir='ltr'><em>tamquamflliis</em></span> <span class='ocrx_word' id='word_1_243' title='bbox 1197 590 1336 629; x_wconf 84' lang='lat' dir='ltr'><em>loquitur,</em></span> <span class='ocrx_word' id='word_1_244' title='bbox 1352 591 1452 619; x_wconf 82' lang='lat' dir='ltr'><em>dicens</em></span> <span class='ocrx_word' id='word_1_245' title='bbox 1476 604 1483 619; x_wconf 85' lang='lat'><em>.-</em></span> <span class='ocrx_word' id='word_1_246' title='bbox 1506 592 1569 620; x_wconf 88' lang='lat' dir='ltr'><em>Fili</em></span> <span class='ocrx_word' id='word_1_247' title='bbox 1587 595 1639 627; x_wconf 85' lang='lat' dir='ltr'><em>mi,</em></span> 
     </span>
    </p>

    <p class='ocr_par' dir='ltr' id='par_1_16' title="bbox 938 636 1640 677">
     <span class='ocr_line' id='line_1_42' title="bbox 938 636 1640 677; baseline 0.007 -15"><span class='ocrx_word' id='word_1_248' title='bbox 938 636 999 663; x_wconf 86' lang='lat' dir='ltr'><em>noli</em></span> <span class='ocrx_word' id='word_1_249' title='bbox 1024 636 1168 674; x_wconf 71' lang='lat' dir='ltr'><em>negligere</em></span> <span class='ocrx_word' id='word_1_250' title='bbox 1191 637 1379 675; x_wconf 81' lang='lat' dir='ltr'><em>disciplinam</em></span> <span class='ocrx_word' id='word_1_251' title='bbox 1394 637 1524 675; x_wconf 85' lang='lat' dir='ltr'><em>Domini,</em></span> <span class='ocrx_word' id='word_1_252' title='bbox 1548 649 1640 677; x_wconf 80' lang='lat' dir='ltr'><em>neque</em></span> 
     </span>
    </p>

    <p class='ocr_par' dir='ltr' id='par_1_17' title="bbox 928 682 1640 944">
     <span class='ocr_line' id='line_1_43' title="bbox 936 682 1639 721; baseline 0.004 -12"><span class='ocrx_word' id='word_1_253' title='bbox 936 682 1070 719; x_wconf 65' lang='lat' dir='ltr'><em>fatigeris</em></span> <span class='ocrx_word' id='word_1_254' title='bbox 1081 682 1149 710; x_wconf 86' lang='lat' dir='ltr'><em>dum</em></span> <span class='ocrx_word' id='word_1_255' title='bbox 1161 682 1197 709; x_wconf 84' lang='lat' dir='ltr'><em>ab</em></span> <span class='ocrx_word' id='word_1_256' title='bbox 1209 693 1241 710; x_wconf 85' lang='lat' dir='ltr'><em>eo</em></span> <span class='ocrx_word' id='word_1_257' title='bbox 1251 684 1448 721; x_wconf 55' lang='lat' dir='ltr'><em>corriperis&amp;</em></span> <span class='ocrx_word' id='word_1_258' title='bbox 1460 684 1551 721; x_wconf 82' lang='lat' dir='ltr'><em>Quem</em></span> <span class='ocrx_word' id='word_1_259' title='bbox 1562 687 1639 712; x_wconf 88' lang='lat' dir='ltr'><em>enim</em></span> 
     </span>
     <span class='ocr_line' id='line_1_44' title="bbox 935 727 1640 770; baseline 0.007 -16"><span class='ocrx_word' id='word_1_260' title='bbox 935 727 1032 766; x_wconf 75' lang='lat' dir='ltr'><em>diligit</em></span> <span class='ocrx_word' id='word_1_261' title='bbox 1050 728 1202 764; x_wconf 80' lang='lat' dir='ltr'><em>Dominus,</em></span> <span class='ocrx_word' id='word_1_262' title='bbox 1216 731 1342 767; x_wconf 79' lang='lat' dir='ltr'><em>castigat</em></span> <span class='ocrx_word' id='word_1_263' title='bbox 1361 741 1369 756; x_wconf 83' lang='grc'><em>.-</em></span> <span class='ocrx_word' id='word_1_264' title='bbox 1383 729 1525 770; x_wconf 81' lang='lat' dir='ltr'><em>flagellat</em></span> <span class='ocrx_word' id='word_1_265' title='bbox 1542 737 1640 759; x_wconf 83' lang='lat' dir='ltr'><em>autem</em></span> 
     </span>
     <span class='ocr_line' id='line_1_45' title="bbox 935 774 1640 813; baseline 0.006 -12"><span class='ocrx_word' id='word_1_266' title='bbox 935 774 1160 812; x_wconf 80' lang='lat' dir='ltr'><em>oninernfilium</em></span> <span class='ocrx_word' id='word_1_267' title='bbox 1175 784 1259 812; x_wconf 86' lang='lat' dir='ltr'><em>quem</em></span> <span class='ocrx_word' id='word_1_268' title='bbox 1275 777 1385 813; x_wconf 81' lang='lat' dir='ltr'><em>recipit.</em></span> <span class='ocrx_word' id='word_1_269' title='bbox 1404 777 1432 803; x_wconf 82' lang='lat'><em>7.</em></span> <span class='ocrx_word' id='word_1_270' title='bbox 1447 776 1477 804; x_wconf 87' lang='lat' dir='ltr'><em>Si</em></span> <span class='ocrx_word' id='word_1_271' title='bbox 1491 778 1640 805; x_wconf 81' lang='lat' dir='ltr'><em>sustinetis</em></span> 
     </span>
     <span class='ocr_line' id='line_1_46' title="bbox 928 818 1640 859; baseline 0.004 -14"><span class='ocrx_word' id='word_1_272' title='bbox 928 818 1128 855; x_wconf 77' lang='lat' dir='ltr'><em>disciplinam,</em></span> <span class='ocrx_word' id='word_1_273' title='bbox 1150 828 1219 856; x_wconf 79' lang='lat' dir='ltr'><em>erga</em></span> <span class='ocrx_word' id='word_1_274' title='bbox 1239 828 1294 847; x_wconf 75' lang='lat' dir='ltr'><em>vos</em></span> <span class='ocrx_word' id='word_1_275' title='bbox 1309 825 1460 858; x_wconf 82' lang='lat' dir='ltr'><em>tamquam</em></span> <span class='ocrx_word' id='word_1_276' title='bbox 1475 830 1544 859; x_wconf 85' lang='lat' dir='ltr'><em>erga</em></span> <span class='ocrx_word' id='word_1_277' title='bbox 1560 821 1640 857; x_wconf 84' lang='lat' dir='ltr'><em>filios</em></span> 
     </span>
     <span class='ocr_line' id='line_1_47' title="bbox 934 862 1639 904; baseline 0.004 -15"><span class='ocrx_word' id='word_1_278' title='bbox 934 862 1085 900; x_wconf 75' lang='lat' dir='ltr'><em>afficietur</em></span> <span class='ocrx_word' id='word_1_279' title='bbox 1097 863 1188 890; x_wconf 86' lang='lat' dir='ltr'><em>Deus.</em></span> <span class='ocrx_word' id='word_1_280' title='bbox 1208 862 1281 899; x_wconf 83' lang='lat' dir='ltr'><em>Quis</em></span> <span class='ocrx_word' id='word_1_281' title='bbox 1293 869 1335 892; x_wconf 84' lang='lat' dir='ltr'><em>est</em></span> <span class='ocrx_word' id='word_1_282' title='bbox 1356 865 1433 892; x_wconf 86' lang='lat' dir='ltr'><em>enim</em></span> <span class='ocrx_word' id='word_1_283' title='bbox 1451 864 1533 903; x_wconf 83' lang='lat' dir='ltr'><em>filius</em></span> <span class='ocrx_word' id='word_1_284' title='bbox 1554 874 1639 904; x_wconf 86' lang='lat' dir='ltr'><em>quem</em></span> 
     </span>
     <span class='ocr_line' id='line_1_48' title="bbox 935 906 1247 944; baseline 0.006 -12"><span class='ocrx_word' id='word_1_285' title='bbox 935 915 993 933; x_wconf 84' lang='lat' dir='ltr'><em>non</em></span> <span class='ocrx_word' id='word_1_286' title='bbox 1010 906 1127 944; x_wconf 76' lang='lat' dir='ltr'><em>corripit</em></span> <span class='ocrx_word' id='word_1_287' title='bbox 1136 912 1222 944; x_wconf 79' lang='lat' dir='ltr'><em>pater</em></span> <span class='ocrx_word' id='word_1_288' title='bbox 1234 909 1247 933; x_wconf 72' lang='grc' dir='ltr'><em>Ρ</em></span> 
     </span>
    </p>
   </div>
   <div class='ocr_carea' id='block_1_15' title="bbox 892 999 1643 1271">
    <p class='ocr_par' dir='ltr' id='par_1_18' title="bbox 892 999 1643 1271">
     <span class='ocr_line' id='line_1_49' title="bbox 934 999 1639 1040; baseline 0.007 -14"><span class='ocrx_word' id='word_1_289' title='bbox 934 999 960 1026; x_wconf 81' lang='grc'><em>1.</em></span> <span class='ocrx_word' id='word_1_290' title='bbox 981 999 1048 1026; x_wconf 83' lang='lat' dir='ltr'><em>Duae</em></span> <span class='ocrx_word' id='word_1_291' title='bbox 1061 1005 1123 1027; x_wconf 87' lang='lat' dir='ltr'><em>sunt</em></span> <span class='ocrx_word' id='word_1_292' title='bbox 1137 999 1237 1038; x_wconf 85' lang='lat' dir='ltr'><em>species</em></span> <span class='ocrx_word' id='word_1_293' title='bbox 1253 1000 1452 1039; x_wconf 80' lang='lat' dir='ltr'><em>consolationis,</em></span> <span class='ocrx_word' id='word_1_294' title='bbox 1474 1012 1532 1040; x_wconf 80' lang='lat' dir='ltr'><em>quae</em></span> <span class='ocrx_word' id='word_1_295' title='bbox 1548 1001 1639 1031; x_wconf 84' lang='lat' dir='ltr'><em>viden-</em></span> 
     </span>
     <span class='ocr_line' id='line_1_50' title="bbox 894 1044 1639 1085; baseline 0.008 -14"><span class='ocrx_word' id='word_1_296' title='bbox 894 1051 938 1072; x_wconf 86' lang='lat' dir='ltr'><em>tur</em></span> <span class='ocrx_word' id='word_1_297' title='bbox 949 1054 1005 1072; x_wconf 87' lang='lat' dir='ltr'><em>esse</em></span> <span class='ocrx_word' id='word_1_298' title='bbox 1019 1044 1088 1072; x_wconf 84' lang='lat' dir='ltr'><em>inter</em></span> <span class='ocrx_word' id='word_1_299' title='bbox 1101 1055 1127 1073; x_wconf 88' lang='lat' dir='ltr'><em>se</em></span> <span class='ocrx_word' id='word_1_300' title='bbox 1142 1046 1293 1080; x_wconf 76' lang='lat' dir='ltr'><em>contrariae,</em></span> <span class='ocrx_word' id='word_1_301' title='bbox 1309 1057 1434 1085; x_wconf 79' lang='lat' dir='ltr'><em>magnam</em></span> <span class='ocrx_word' id='word_1_302' title='bbox 1447 1055 1537 1076; x_wconf 86' lang='lat' dir='ltr'><em>autem</em></span> <span class='ocrx_word' id='word_1_303' title='bbox 1549 1059 1639 1077; x_wconf 86' lang='lat' dir='ltr'><em>secum</em></span> 
     </span>
     <span class='ocr_line' id='line_1_51' title="bbox 893 1090 1639 1134; baseline 0.008 -16"><span class='ocrx_word' id='word_1_304' title='bbox 893 1090 951 1119; x_wconf 88' lang='lat' dir='ltr'><em>vim</em></span> <span class='ocrx_word' id='word_1_305' title='bbox 966 1091 1082 1119; x_wconf 77' lang='lat' dir='ltr'><em>asserunt</em></span> <span class='ocrx_word' id='word_1_306' title='bbox 1102 1103 1109 1119; x_wconf 90' lang='lat'>:</span> <span class='ocrx_word' id='word_1_307' title='bbox 1127 1102 1194 1129; x_wconf 86' lang='lat' dir='ltr'><em>quas</em></span> <span class='ocrx_word' id='word_1_308' title='bbox 1214 1092 1259 1120; x_wconf 88' lang='lat' dir='ltr'><em>hic</em></span> <span class='ocrx_word' id='word_1_309' title='bbox 1273 1093 1364 1131; x_wconf 87' lang='lat' dir='ltr'><em>posuit</em></span> <span class='ocrx_word' id='word_1_310' title='bbox 1381 1094 1484 1123; x_wconf 81' lang='lat' dir='ltr'><em>ambas.</em></span> <span class='ocrx_word' id='word_1_311' title='bbox 1498 1095 1559 1123; x_wconf 86' lang='lat' dir='ltr'><em>Una</em></span> <span class='ocrx_word' id='word_1_312' title='bbox 1575 1095 1639 1134; x_wconf 88' lang='lat' dir='ltr'><em>qui-</em></span> 
     </span>
     <span class='ocr_line' id='line_1_52' title="bbox 892 1137 1640 1180; baseline 0.007 -15"><span class='ocrx_word' id='word_1_313' title='bbox 892 1137 955 1166; x_wconf 87' lang='lat' dir='ltr'><em>dem</em></span> <span class='ocrx_word' id='word_1_314' title='bbox 972 1144 1020 1171; x_wconf 87' lang='lat' dir='ltr'><em>est,</em></span> <span class='ocrx_word' id='word_1_315' title='bbox 1035 1137 1144 1176; x_wconf 82' lang='lat' dir='ltr'><em>quando</em></span> <span class='ocrx_word' id='word_1_316' title='bbox 1158 1137 1276 1167; x_wconf 83' lang='lat' dir='ltr'><em>dicimus</em></span> <span class='ocrx_word' id='word_1_317' title='bbox 1290 1139 1394 1177; x_wconf 79' lang='lat' dir='ltr'><em>aliquos</em></span> <span class='ocrx_word' id='word_1_318' title='bbox 1411 1140 1495 1168; x_wconf 84' lang='lat' dir='ltr'><em>multa</em></span> <span class='ocrx_word' id='word_1_319' title='bbox 1512 1151 1567 1169; x_wconf 86' lang='lat' dir='ltr'><em>esse</em></span> <span class='ocrx_word' id='word_1_320' title='bbox 1579 1152 1640 1180; x_wconf 83' lang='lat' dir='ltr'><em>pas-</em></span> 
     </span>
     <span class='ocr_line' id='line_1_53' title="bbox 893 1183 1643 1223; baseline 0.007 -12"><span class='ocrx_word' id='word_1_321' title='bbox 893 1194 936 1212; x_wconf 88' lang='lat' dir='ltr'><em>sos</em></span> <span class='ocrx_word' id='word_1_322' title='bbox 951 1195 957 1211; x_wconf 87' lang='lat'>:</span> <span class='ocrx_word' id='word_1_323' title='bbox 976 1183 1119 1222; x_wconf 85' lang='lat' dir='ltr'><em>requiescit</em></span> <span class='ocrx_word' id='word_1_324' title='bbox 1130 1184 1203 1212; x_wconf 89' lang='lat' dir='ltr'><em>enim</em></span> <span class='ocrx_word' id='word_1_325' title='bbox 1219 1184 1337 1221; x_wconf 84' lang='lat' dir='ltr'><em>animus,</em></span> <span class='ocrx_word' id='word_1_326' title='bbox 1354 1185 1462 1223; x_wconf 83' lang='lat' dir='ltr'><em>quando</em></span> <span class='ocrx_word' id='word_1_327' title='bbox 1477 1186 1556 1215; x_wconf 84' lang='lat' dir='ltr'><em>habet</em></span> <span class='ocrx_word' id='word_1_328' title='bbox 1570 1188 1643 1216; x_wconf 73' lang='lat' dir='ltr'><em>inul-</em></span> 
     </span>
     <span class='ocr_line' id='line_1_54' title="bbox 894 1231 1640 1271; baseline 0.004 -13"><span class='ocrx_word' id='word_1_329' title='bbox 894 1236 934 1259; x_wconf 88' lang='lat' dir='ltr'><em>tos</em></span> <span class='ocrx_word' id='word_1_330' title='bbox 959 1236 1037 1259; x_wconf 74' lang='lat' dir='ltr'><em>testes</em></span> <span class='ocrx_word' id='word_1_331' title='bbox 1057 1240 1167 1258; x_wconf 84' lang='lat' dir='ltr'><em>suarum</em></span> <span class='ocrx_word' id='word_1_332' title='bbox 1182 1231 1385 1270; x_wconf 84' lang='lat' dir='ltr'><em>perpessionum</em></span> <span class='ocrx_word' id='word_1_333' title='bbox 1407 1243 1413 1259; x_wconf 87' lang='lat'><strong>:</strong></span> <span class='ocrx_word' id='word_1_334' title='bbox 1436 1243 1516 1270; x_wconf 88' lang='lat' dir='ltr'><em>quam</em></span> <span class='ocrx_word' id='word_1_335' title='bbox 1529 1233 1640 1271; x_wconf 89' lang='lat' dir='ltr'><em>quidem</em></span> 
     </span>
    </p>
   </div>
   <div class='ocr_carea' id='block_1_16' title="bbox 894 1276 1777 1319">
    <p class='ocr_par' dir='ltr' id='par_1_19' title="bbox 894 1276 1777 1319">
     <span class='ocr_line' id='line_1_55' title="bbox 894 1276 1777 1319; baseline 0.005 -15"><span class='ocrx_word' id='word_1_336' title='bbox 894 1287 977 1315; x_wconf 85' lang='lat' dir='ltr'><em>supra</em></span> <span class='ocrx_word' id='word_1_337' title='bbox 999 1276 1107 1316; x_wconf 78' lang='lat' dir='ltr'><em>posuit,</em></span> <span class='ocrx_word' id='word_1_338' title='bbox 1129 1276 1222 1305; x_wconf 85' lang='lat' dir='ltr'><em>dicens</em></span> <span class='ocrx_word' id='word_1_339' title='bbox 1245 1289 1251 1305; x_wconf 74' lang='grc' dir='ltr'><em>ε</em></span> <span class='ocrx_word' id='word_1_340' title='bbox 1269 1278 1517 1306; x_wconf 82' lang='lat' dir='ltr'><em>Rememoramini</em></span> <span class='ocrx_word' id='word_1_341' title='bbox 1542 1286 1639 1308; x_wconf 87' lang='lat' dir='ltr'><em>autem</em></span> <span class='ocrx_word' id='word_1_342' title='bbox 1654 1296 1722 1318; x_wconf 34' lang='lat' dir='ltr'><em>mbr*</em></span> <span class='ocrx_word' id='word_1_343' title='bbox 1742 1304 1777 1319; x_wconf 41' lang='grc' dir='ltr'><em>ω·</em></span> 
     </span>
    </p>
   </div>
   <div class='ocr_carea' id='block_1_17' title="bbox 892 1323 1691 1871">
    <p class='ocr_par' dir='ltr' id='par_1_20' title="bbox 892 1323 1691 1871">
     <span class='ocr_line' id='line_1_56' title="bbox 892 1323 1691 1364; baseline 0.003 -13"><span class='ocrx_word' id='word_1_344' title='bbox 892 1324 1033 1362; x_wconf 79' lang='lat' dir='ltr'><em>pristinos</em></span> <span class='ocrx_word' id='word_1_345' title='bbox 1055 1323 1126 1359; x_wconf 83' lang='lat' dir='ltr'><em>dies,</em></span> <span class='ocrx_word' id='word_1_346' title='bbox 1148 1325 1180 1351; x_wconf 88' lang='lat' dir='ltr'><em>in</em></span> <span class='ocrx_word' id='word_1_347' title='bbox 1199 1323 1303 1363; x_wconf 78' lang='lat' dir='ltr'><em>quibus</em></span> <span class='ocrx_word' id='word_1_348' title='bbox 1318 1324 1482 1352; x_wconf 84' lang='lat' dir='ltr'><em>illuminati</em></span> <span class='ocrx_word' id='word_1_349' title='bbox 1501 1334 1639 1364; x_wconf 80' lang='lat' dir='ltr'><em>magnum</em></span> <span class='ocrx_word' id='word_1_350' title='bbox 1652 1327 1691 1349; x_wconf 82' lang='grc'><em>32-</em></span> 
     </span>
     <span class='ocr_line' id='line_1_57' title="bbox 894 1370 1639 1407; baseline 0.001 -9"><span class='ocrx_word' id='word_1_351' title='bbox 894 1375 1044 1398; x_wconf 86' lang='lat' dir='ltr'><em>certamen</em></span> <span class='ocrx_word' id='word_1_352' title='bbox 1057 1371 1237 1398; x_wconf 79' lang='lat' dir='ltr'><em>sustinuistis</em></span> <span class='ocrx_word' id='word_1_353' title='bbox 1246 1372 1418 1407; x_wconf 78' lang='lat' dir='ltr'><em>passionum</em></span> <span class='ocrx_word' id='word_1_354' title='bbox 1429 1370 1527 1399; x_wconf 82' lang='lat' dir='ltr'><em>:altera</em></span> <span class='ocrx_word' id='word_1_355' title='bbox 1539 1378 1639 1407; x_wconf 84' lang='lat' dir='ltr'><em>autem,</em></span> 
     </span>
     <span class='ocr_line' id='line_1_58' title="bbox 894 1415 1638 1456; baseline 0.001 -12"><span class='ocrx_word' id='word_1_356' title='bbox 894 1415 1002 1455; x_wconf 87' lang='lat' dir='ltr'><em>quando</em></span> <span class='ocrx_word' id='word_1_357' title='bbox 1013 1415 1142 1450; x_wconf 86' lang='lat' dir='ltr'><em>dicimus,</em></span> <span class='ocrx_word' id='word_1_358' title='bbox 1156 1416 1216 1444; x_wconf 89' lang='lat' dir='ltr'><em>Non</em></span> <span class='ocrx_word' id='word_1_359' title='bbox 1231 1427 1257 1444; x_wconf 88' lang='lat' dir='ltr'><em>es</em></span> <span class='ocrx_word' id='word_1_360' title='bbox 1269 1426 1363 1455; x_wconf 80' lang='lat' dir='ltr'><em>passus</em></span> <span class='ocrx_word' id='word_1_361' title='bbox 1376 1416 1479 1455; x_wconf 86' lang='lat' dir='ltr'><em>aliquid</em></span> <span class='ocrx_word' id='word_1_362' title='bbox 1491 1428 1620 1456; x_wconf 81' lang='lat' dir='ltr'><em>magnum</em></span> <span class='ocrx_word' id='word_1_363' title='bbox 1632 1430 1638 1445; x_wconf 93' lang='lat'>:</span> 
     </span>
     <span class='ocr_line' id='line_1_59' title="bbox 894 1461 1640 1501; baseline 0.001 -10"><span class='ocrx_word' id='word_1_364' title='bbox 894 1473 956 1491; x_wconf 85' lang='lat' dir='ltr'><em>nam</em></span> <span class='ocrx_word' id='word_1_365' title='bbox 977 1462 1029 1490; x_wconf 89' lang='lat' dir='ltr'><em>hoc</em></span> <span class='ocrx_word' id='word_1_366' title='bbox 1046 1461 1120 1490; x_wconf 86' lang='lat' dir='ltr'><em>dicto</em></span> <span class='ocrx_word' id='word_1_367' title='bbox 1142 1462 1326 1490; x_wconf 83' lang='lat' dir='ltr'><em>convertimur</em></span> <span class='ocrx_word' id='word_1_368' title='bbox 1346 1469 1371 1490; x_wconf 83' lang='lat' dir='ltr'><em>et</em></span> <span class='ocrx_word' id='word_1_369' title='bbox 1385 1462 1544 1499; x_wconf 77' lang='lat' dir='ltr'><em>excitamur,</em></span> <span class='ocrx_word' id='word_1_370' title='bbox 1560 1470 1640 1501; x_wconf 86' lang='lat' dir='ltr'><em>atque</em></span> 
     </span>
     <span class='ocr_line' id='line_1_60' title="bbox 894 1507 1640 1548; baseline 0.001 -11"><span class='ocrx_word' id='word_1_371' title='bbox 894 1508 930 1537; x_wconf 81' lang='lat' dir='ltr'><em>ad</em></span> <span class='ocrx_word' id='word_1_372' title='bbox 945 1507 1035 1538; x_wconf 85' lang='lat' dir='ltr'><em>omnia</em></span> <span class='ocrx_word' id='word_1_373' title='bbox 1052 1507 1179 1547; x_wconf 83' lang='lat' dir='ltr'><em>patienda</em></span> <span class='ocrx_word' id='word_1_374' title='bbox 1194 1508 1337 1536; x_wconf 78' lang='lat' dir='ltr'><em>alacriores</em></span> <span class='ocrx_word' id='word_1_375' title='bbox 1352 1508 1494 1537; x_wconf 82' lang='lat' dir='ltr'><em>efficimur.</em></span> <span class='ocrx_word' id='word_1_376' title='bbox 1509 1509 1559 1537; x_wconf 87' lang='lat' dir='ltr'><em>Illa</em></span> <span class='ocrx_word' id='word_1_377' title='bbox 1579 1509 1640 1548; x_wconf 88' lang='lat' dir='ltr'><em>qui-</em></span> 
     </span>
     <span class='ocr_line' id='line_1_61' title="bbox 893 1553 1641 1592; baseline 0 -8"><span class='ocrx_word' id='word_1_378' title='bbox 893 1555 955 1584; x_wconf 88' lang='lat' dir='ltr'><em>dem</em></span> <span class='ocrx_word' id='word_1_379' title='bbox 970 1554 1034 1583; x_wconf 81' lang='lat' dir='ltr'><em>facit</em></span> <span class='ocrx_word' id='word_1_380' title='bbox 1046 1560 1076 1583; x_wconf 85' lang='lat' dir='ltr'><em>ut</em></span> <span class='ocrx_word' id='word_1_381' title='bbox 1091 1553 1190 1582; x_wconf 79' lang='lat' dir='ltr'><em>afflicta</em></span> <span class='ocrx_word' id='word_1_382' title='bbox 1203 1560 1228 1582; x_wconf 86' lang='lat' dir='ltr'><em>et</em></span> <span class='ocrx_word' id='word_1_383' title='bbox 1242 1561 1339 1583; x_wconf 81' lang='lat' dir='ltr'><em>vexata</em></span> <span class='ocrx_word' id='word_1_384' title='bbox 1357 1561 1489 1583; x_wconf 82' lang='lat' dir='ltr'><em>recreetur</em></span> <span class='ocrx_word' id='word_1_385' title='bbox 1500 1567 1508 1592; x_wconf 86' lang='lat'>;</span> <span class='ocrx_word' id='word_1_386' title='bbox 1522 1555 1580 1584; x_wconf 75' lang='lat' dir='ltr'><em>haec</em></span> <span class='ocrx_word' id='word_1_387' title='bbox 1593 1567 1641 1584; x_wconf 93' lang='lat' dir='ltr'><em>au-</em></span> 
     </span>
     <span class='ocr_line' id='line_1_62' title="bbox 894 1600 1639 1640; baseline 0 -10"><span class='ocrx_word' id='word_1_388' title='bbox 894 1608 947 1630; x_wconf 85' lang='lat' dir='ltr'><em>tem</em></span> <span class='ocrx_word' id='word_1_389' title='bbox 967 1600 1074 1640; x_wconf 81' lang='lat' dir='ltr'><em>pigram</em></span> <span class='ocrx_word' id='word_1_390' title='bbox 1097 1607 1122 1629; x_wconf 88' lang='lat' dir='ltr'><em>et</em></span> <span class='ocrx_word' id='word_1_391' title='bbox 1137 1600 1261 1640; x_wconf 80' lang='lat' dir='ltr'><em>supinam</em></span> <span class='ocrx_word' id='word_1_392' title='bbox 1282 1601 1413 1629; x_wconf 76' lang='lat' dir='ltr'><em>convertit</em></span> <span class='ocrx_word' id='word_1_393' title='bbox 1431 1608 1456 1630; x_wconf 86' lang='lat' dir='ltr'><em>et</em></span> <span class='ocrx_word' id='word_1_394' title='bbox 1477 1612 1491 1629; x_wconf 88' lang='lat' dir='ltr'><em>a</em></span> <span class='ocrx_word' id='word_1_395' title='bbox 1514 1602 1639 1640; x_wconf 81' lang='lat' dir='ltr'><em>superbia</em></span> 
     </span>
     <span class='ocr_line' id='line_1_63' title="bbox 894 1647 1640 1686; baseline 0 -9"><span class='ocrx_word' id='word_1_396' title='bbox 894 1647 1015 1677; x_wconf 70' lang='lat' dir='ltr'><em>retrahit,</em></span> <span class='ocrx_word' id='word_1_397' title='bbox 1032 1648 1072 1676; x_wconf 88' lang='lat' dir='ltr'><em>Ne</em></span> <span class='ocrx_word' id='word_1_398' title='bbox 1087 1647 1170 1686; x_wconf 82' lang='lat' dir='ltr'><em>igitur</em></span> <span class='ocrx_word' id='word_1_399' title='bbox 1188 1657 1221 1676; x_wconf 80' lang='lat' dir='ltr'><em>ex</em></span> <span class='ocrx_word' id='word_1_400' title='bbox 1234 1647 1281 1675; x_wconf 89' lang='lat' dir='ltr'><em>illo</em></span> <span class='ocrx_word' id='word_1_401' title='bbox 1296 1648 1448 1676; x_wconf 78' lang='lat' dir='ltr'><em>testimonio</em></span> <span class='ocrx_word' id='word_1_402' title='bbox 1466 1648 1504 1676; x_wconf 85' lang='lat' dir='ltr'><em>eis</em></span> <span class='ocrx_word' id='word_1_403' title='bbox 1520 1659 1640 1677; x_wconf 80' lang='lat' dir='ltr'><em>nascere-</em></span> 
     </span>
     <span class='ocr_line' id='line_1_64' title="bbox 893 1693 1638 1734; baseline 0.001 -11"><span class='ocrx_word' id='word_1_404' title='bbox 893 1702 938 1723; x_wconf 92' lang='lat' dir='ltr'><em>tur</em></span> <span class='ocrx_word' id='word_1_405' title='bbox 961 1695 1058 1728; x_wconf 84' lang='lat' dir='ltr'><em>fastus,</em></span> <span class='ocrx_word' id='word_1_406' title='bbox 1085 1693 1147 1722; x_wconf 90' lang='lat' dir='ltr'><em>vide</em></span> <span class='ocrx_word' id='word_1_407' title='bbox 1167 1694 1233 1732; x_wconf 88' lang='lat' dir='ltr'><em>quid</em></span> <span class='ocrx_word' id='word_1_408' title='bbox 1247 1694 1327 1723; x_wconf 84' lang='lat' dir='ltr'><em>saciat</em></span> <span class='ocrx_word' id='word_1_409' title='bbox 1348 1696 1521 1732; x_wconf 81' lang='lat' dir='ltr'><em>:Nondum,</em></span> <span class='ocrx_word' id='word_1_410' title='bbox 1538 1695 1638 1734; x_wconf 86' lang='lat' dir='ltr'><em>inquit,</em></span> 
     </span>
     <span class='ocr_line' id='line_1_65' title="bbox 895 1741 1637 1780; baseline 0.001 -11"><span class='ocrx_word' id='word_1_411' title='bbox 895 1751 987 1780; x_wconf 86' lang='lat' dir='ltr'><em>usque</em></span> <span class='ocrx_word' id='word_1_412' title='bbox 1006 1741 1048 1768; x_wconf 80' lang='lat' dir='ltr'><em>ad</em></span> <span class='ocrx_word' id='word_1_413' title='bbox 1065 1742 1236 1779; x_wconf 80' lang='lat' dir='ltr'><em>sanguinem</em></span> <span class='ocrx_word' id='word_1_414' title='bbox 1254 1742 1401 1769; x_wconf 78' lang='lat' dir='ltr'><em>restitistis</em></span> <span class='ocrx_word' id='word_1_415' title='bbox 1416 1742 1555 1770; x_wconf 74' lang='lat' dir='ltr'><em>adversus</em></span> <span class='ocrx_word' id='word_1_416' title='bbox 1570 1752 1637 1780; x_wconf 61' lang='lat' dir='ltr'><em>pec&gt;-</em></span> 
     </span>
     <span class='ocr_line' id='line_1_66' title="bbox 894 1787 1638 1825; baseline -0.003 -9"><span class='ocrx_word' id='word_1_417' title='bbox 894 1794 991 1816; x_wconf 84' lang='lat' dir='ltr'><em>catum</em></span> <span class='ocrx_word' id='word_1_418' title='bbox 1008 1793 1200 1825; x_wconf 77' lang='lat' dir='ltr'><em>repugnantes</em></span> <span class='ocrx_word' id='word_1_419' title='bbox 1214 1798 1222 1813; x_wconf 89' lang='lat'><em>.·</em></span> <span class='ocrx_word' id='word_1_420' title='bbox 1239 1793 1265 1815; x_wconf 90' lang='lat' dir='ltr'><em>et</em></span> <span class='ocrx_word' id='word_1_421' title='bbox 1281 1787 1366 1814; x_wconf 84' lang='lat' dir='ltr'><em>obliti</em></span> <span class='ocrx_word' id='word_1_422' title='bbox 1378 1789 1447 1816; x_wconf 76' lang='lat' dir='ltr'><em>estis</em></span> <span class='ocrx_word' id='word_1_423' title='bbox 1460 1788 1638 1816; x_wconf 82' lang='lat' dir='ltr'><em>consolatio-</em></span> 
     </span>
     <span class='ocr_line' id='line_1_67' title="bbox 895 1832 1636 1871; baseline 0.001 -10"><span class='ocrx_word' id='word_1_424' title='bbox 895 1835 948 1862; x_wconf 89' lang='lat' dir='ltr'><em>nis.</em></span> <span class='ocrx_word' id='word_1_425' title='bbox 972 1834 1026 1862; x_wconf 88' lang='lat' dir='ltr'><em>Nec</em></span> <span class='ocrx_word' id='word_1_426' title='bbox 1045 1832 1136 1861; x_wconf 82' lang='lat' dir='ltr'><em>statim</em></span> <span class='ocrx_word' id='word_1_427' title='bbox 1157 1832 1299 1871; x_wconf 76' lang='lat' dir='ltr'><em>subjunxit</em></span> <span class='ocrx_word' id='word_1_428' title='bbox 1318 1843 1376 1871; x_wconf 71' lang='lat' dir='ltr'><em>qum</em></span> <span class='ocrx_word' id='word_1_429' title='bbox 1401 1841 1566 1871; x_wconf 82' lang='lat' dir='ltr'><em>sequuntur,</em></span> <span class='ocrx_word' id='word_1_430' title='bbox 1591 1834 1636 1863; x_wconf 75' lang='lat' dir='ltr'><em>scd</em></span> 
     </span>
    </p>
   </div>
   <div class='ocr_carea' id='block_1_18' title="bbox 481 1951 1214 1982">
    <p class='ocr_par' dir='ltr' id='par_1_21' title="bbox 481 1951 1214 1982">
     <span class='ocr_line' id='line_1_68' title="bbox 481 1951 1214 1982; baseline 0 -2"><span class='ocrx_word' id='word_1_431' title='bbox 481 1953 657 1982; x_wconf 82' lang='lat' dir='ltr'><strong>MUTIANO</strong></span> <span class='ocrx_word' id='word_1_432' title='bbox 679 1952 936 1982; x_wconf 79' lang='lat' dir='ltr'>SCHOLASTICO</span> <span class='ocrx_word' id='word_1_433' title='bbox 960 1951 1214 1981; x_wconf 86' lang='lat' dir='ltr'>INTERPRETE.</span> 
     </span>
    </p>
   </div>
   <div class='ocr_carea' id='block_1_19' title="bbox 57 2044 1637 2611">
    <p class='ocr_par' dir='ltr' id='par_1_22' title="bbox 57 2044 1637 2611">
     <span class='ocr_line' id='line_1_69' title="bbox 104 2044 1635 2083; baseline 0.005 -12"><span class='ocrx_word' id='word_1_434' title='bbox 104 2044 243 2072; x_wconf 78' lang='lat' dir='ltr'><em>Nondum</em></span> <span class='ocrx_word' id='word_1_435' title='bbox 260 2054 350 2083; x_wconf 79' lang='lat' dir='ltr'><em>usque</em></span> <span class='ocrx_word' id='word_1_436' title='bbox 361 2044 401 2072; x_wconf 82' lang='lat' dir='ltr'><em>acl</em></span> <span class='ocrx_word' id='word_1_437' title='bbox 415 2046 587 2083; x_wconf 79' lang='lat' dir='ltr'><em>sanguinem</em></span> <span class='ocrx_word' id='word_1_438' title='bbox 600 2045 749 2073; x_wconf 85' lang='lat' dir='ltr'><em>restitistis</em></span> <span class='ocrx_word' id='word_1_439' title='bbox 763 2044 903 2073; x_wconf 71' lang='lat' dir='ltr'><em>adversus</em></span> <span class='ocrx_word' id='word_1_440' title='bbox 916 2049 1069 2082; x_wconf 83' lang='lat' dir='ltr'><em>peccatum</em></span> <span class='ocrx_word' id='word_1_441' title='bbox 1082 2050 1276 2082; x_wconf 77' lang='lat' dir='ltr'><em>repugnantes</em></span> <span class='ocrx_word' id='word_1_442' title='bbox 1292 2057 1299 2071; x_wconf 92' lang='lat'><em>:</em></span> <span class='ocrx_word' id='word_1_443' title='bbox 1313 2051 1339 2073; x_wconf 88' lang='lat' dir='ltr'><em>et</em></span> <span class='ocrx_word' id='word_1_444' title='bbox 1356 2046 1441 2074; x_wconf 85' lang='lat' dir='ltr'><em>obliti</em></span> <span class='ocrx_word' id='word_1_445' title='bbox 1452 2050 1520 2076; x_wconf 83' lang='lat' dir='ltr'><em>estis</em></span> <span class='ocrx_word' id='word_1_446' title='bbox 1535 2058 1635 2078; x_wconf 75' lang='lat' dir='ltr'><em>conso-</em></span> 
     </span>
     <span class='ocr_line' id='line_1_70' title="bbox 65 2092 1633 2132; baseline 0.003 -12"><span class='ocrx_word' id='word_1_447' title='bbox 65 2092 196 2129; x_wconf 79' lang='lat' dir='ltr'><em>tationis,</em></span> <span class='ocrx_word' id='word_1_448' title='bbox 211 2102 276 2131; x_wconf 69' lang='lat' dir='ltr'><em>quse</em></span> <span class='ocrx_word' id='word_1_449' title='bbox 289 2093 375 2121; x_wconf 80' lang='lat' dir='ltr'><em>vobis</em></span> <span class='ocrx_word' id='word_1_450' title='bbox 390 2099 542 2131; x_wconf 86' lang='lat' dir='ltr'><em>tamquam</em></span> <span class='ocrx_word' id='word_1_451' title='bbox 552 2093 625 2131; x_wconf 81' lang='lat' dir='ltr'><em>filiis</em></span> <span class='ocrx_word' id='word_1_452' title='bbox 642 2092 780 2131; x_wconf 82' lang='lat' dir='ltr'><em>loquitur,</em></span> <span class='ocrx_word' id='word_1_453' title='bbox 796 2093 895 2121; x_wconf 84' lang='lat' dir='ltr'><em>dicens</em></span> <span class='ocrx_word' id='word_1_454' title='bbox 910 2104 917 2120; x_wconf 81' lang='lat'><em>.-</em></span> <span class='ocrx_word' id='word_1_455' title='bbox 932 2092 995 2121; x_wconf 88' lang='lat' dir='ltr'><em>Fili</em></span> <span class='ocrx_word' id='word_1_456' title='bbox 1008 2093 1056 2128; x_wconf 85' lang='lat' dir='ltr'><em>mi,</em></span> <span class='ocrx_word' id='word_1_457' title='bbox 1070 2092 1131 2120; x_wconf 88' lang='lat' dir='ltr'><em>noli</em></span> <span class='ocrx_word' id='word_1_458' title='bbox 1147 2092 1291 2131; x_wconf 81' lang='lat' dir='ltr'><em>negligere</em></span> <span class='ocrx_word' id='word_1_459' title='bbox 1300 2094 1487 2132; x_wconf 76' lang='lat' dir='ltr'><em>disciplinam</em></span> <span class='ocrx_word' id='word_1_460' title='bbox 1500 2096 1633 2131; x_wconf 81' lang='lat' dir='ltr'><em>Domini,</em></span> 
     </span>
     <span class='ocr_line' id='line_1_71' title="bbox 66 2140 1637 2181; baseline 0.006 -16"><span class='ocrx_word' id='word_1_461' title='bbox 66 2148 159 2177; x_wconf 86' lang='lat' dir='ltr'><em>neque</em></span> <span class='ocrx_word' id='word_1_462' title='bbox 168 2140 306 2178; x_wconf 82' lang='lat' dir='ltr'><em>fatigeris</em></span> <span class='ocrx_word' id='word_1_463' title='bbox 318 2140 388 2168; x_wconf 86' lang='lat' dir='ltr'><em>dum</em></span> <span class='ocrx_word' id='word_1_464' title='bbox 400 2141 438 2168; x_wconf 86' lang='lat' dir='ltr'><em>ab</em></span> <span class='ocrx_word' id='word_1_465' title='bbox 451 2150 484 2168; x_wconf 90' lang='lat' dir='ltr'><em>eo</em></span> <span class='ocrx_word' id='word_1_466' title='bbox 497 2142 637 2179; x_wconf 83' lang='lat' dir='ltr'><em>argueris.</em></span> <span class='ocrx_word' id='word_1_467' title='bbox 654 2141 746 2178; x_wconf 84' lang='lat' dir='ltr'><em>Quem</em></span> <span class='ocrx_word' id='word_1_468' title='bbox 758 2141 836 2168; x_wconf 93' lang='lat' dir='ltr'><em>enim</em></span> <span class='ocrx_word' id='word_1_469' title='bbox 849 2140 945 2179; x_wconf 79' lang='lat' dir='ltr'><em>diligit</em></span> <span class='ocrx_word' id='word_1_470' title='bbox 958 2140 1105 2168; x_wconf 86' lang='lat' dir='ltr'><em>Dominus</em></span> <span class='ocrx_word' id='word_1_471' title='bbox 1119 2141 1255 2179; x_wconf 81' lang='lat' dir='ltr'><em>castigat,</em></span> <span class='ocrx_word' id='word_1_472' title='bbox 1259 2140 1401 2181; x_wconf 79' lang='lat' dir='ltr'><em>flagellat</em></span> <span class='ocrx_word' id='word_1_473' title='bbox 1413 2149 1510 2171; x_wconf 80' lang='lat' dir='ltr'><em>antem</em></span> <span class='ocrx_word' id='word_1_474' title='bbox 1523 2154 1637 2174; x_wconf 84' lang='lat' dir='ltr'><em>omnem</em></span> 
     </span>
     <span class='ocr_line' id='line_1_72' title="bbox 57 2184 1636 2226; baseline 0.005 -13"><span class='ocrx_word' id='word_1_475' title='bbox 57 2184 161 2223; x_wconf 82' lang='lat' dir='ltr'><em>filium</em></span> <span class='ocrx_word' id='word_1_476' title='bbox 173 2196 259 2224; x_wconf 88' lang='lat' dir='ltr'><em>quem</em></span> <span class='ocrx_word' id='word_1_477' title='bbox 269 2187 450 2225; x_wconf 83' lang='lat' dir='ltr'><em>recipit.Duae</em></span> <span class='ocrx_word' id='word_1_478' title='bbox 460 2193 522 2215; x_wconf 88' lang='lat' dir='ltr'><em>sunt</em></span> <span class='ocrx_word' id='word_1_479' title='bbox 532 2187 686 2216; x_wconf 81' lang='lat' dir='ltr'><em>orationum</em></span> <span class='ocrx_word' id='word_1_480' title='bbox 697 2187 808 2226; x_wconf 84' lang='lat' dir='ltr'><em>species,</em></span> <span class='ocrx_word' id='word_1_481' title='bbox 820 2197 880 2225; x_wconf 81' lang='lat' dir='ltr'><em>quae</em></span> <span class='ocrx_word' id='word_1_482' title='bbox 893 2186 1000 2216; x_wconf 79' lang='lat' dir='ltr'><em>sibimet</em></span> <span class='ocrx_word' id='word_1_483' title='bbox 1012 2186 1153 2215; x_wconf 82' lang='lat' dir='ltr'><em>contrariae</em></span> <span class='ocrx_word' id='word_1_484' title='bbox 1167 2197 1222 2215; x_wconf 86' lang='lat' dir='ltr'><em>esse</em></span> <span class='ocrx_word' id='word_1_485' title='bbox 1232 2188 1419 2226; x_wconf 85' lang='lat' dir='ltr'><em>putantur,sed</em></span> <span class='ocrx_word' id='word_1_486' title='bbox 1432 2189 1516 2218; x_wconf 88' lang='lat' dir='ltr'><em>multa</em></span> <span class='ocrx_word' id='word_1_487' title='bbox 1528 2191 1636 2221; x_wconf 81' lang='lat' dir='ltr'><em>sibimet</em></span> 
     </span>
     <span class='ocr_line' id='line_1_73' title="bbox 65 2232 1634 2277; baseline 0.005 -17"><span class='ocrx_word' id='word_1_488' title='bbox 65 2238 160 2261; x_wconf 89' lang='lat' dir='ltr'><em>mutuo</em></span> <span class='ocrx_word' id='word_1_489' title='bbox 167 2232 283 2261; x_wconf 68' lang='lat' dir='ltr'><em>afferunt</em></span> <span class='ocrx_word' id='word_1_490' title='bbox 295 2232 448 2272; x_wconf 81' lang='lat' dir='ltr'><em>adjumenta</em></span> <span class='ocrx_word' id='word_1_491' title='bbox 460 2245 466 2261; x_wconf 74' lang='grc' dir='ltr'>ι</span> <span class='ocrx_word' id='word_1_492' title='bbox 479 2243 547 2272; x_wconf 86' lang='lat' dir='ltr'><em>quas</em></span> <span class='ocrx_word' id='word_1_493' title='bbox 556 2233 602 2262; x_wconf 88' lang='lat' dir='ltr'><em>hic</em></span> <span class='ocrx_word' id='word_1_494' title='bbox 612 2240 739 2272; x_wconf 82' lang='lat' dir='ltr'><em>utrasque</em></span> <span class='ocrx_word' id='word_1_495' title='bbox 759 2234 860 2273; x_wconf 81' lang='lat' dir='ltr'><em>species</em></span> <span class='ocrx_word' id='word_1_496' title='bbox 872 2233 1028 2264; x_wconf 86' lang='lat' dir='ltr'><em>inculcavit.</em></span> <span class='ocrx_word' id='word_1_497' title='bbox 1039 2234 1100 2262; x_wconf 80' lang='lat' dir='ltr'><em>Una</em></span> <span class='ocrx_word' id='word_1_498' title='bbox 1108 2233 1209 2273; x_wconf 87' lang='lat' dir='ltr'><em>quippe</em></span> <span class='ocrx_word' id='word_1_499' title='bbox 1219 2234 1319 2273; x_wconf 83' lang='lat' dir='ltr'><em>specics</em></span> <span class='ocrx_word' id='word_1_500' title='bbox 1334 2241 1382 2271; x_wconf 83' lang='lat' dir='ltr'><em>est,</em></span> <span class='ocrx_word' id='word_1_501' title='bbox 1393 2236 1501 2274; x_wconf 87' lang='lat' dir='ltr'><em>quando</em></span> <span class='ocrx_word' id='word_1_502' title='bbox 1515 2238 1634 2277; x_wconf 84' lang='lat' dir='ltr'><em>plurima</em></span> 
     </span>
     <span class='ocr_line' id='line_1_74' title="bbox 64 2277 1636 2324; baseline 0.005 -17"><span class='ocrx_word' id='word_1_503' title='bbox 64 2277 181 2307; x_wconf 88' lang='lat' dir='ltr'><em>dicimus</em></span> <span class='ocrx_word' id='word_1_504' title='bbox 192 2278 297 2317; x_wconf 82' lang='lat' dir='ltr'><em>aliquos</em></span> <span class='ocrx_word' id='word_1_505' title='bbox 309 2290 365 2308; x_wconf 88' lang='lat' dir='ltr'><em>esse</em></span> <span class='ocrx_word' id='word_1_506' title='bbox 376 2290 515 2319; x_wconf 83' lang='lat' dir='ltr'><em>perpessos</em></span> <span class='ocrx_word' id='word_1_507' title='bbox 527 2292 532 2308; x_wconf 91' lang='lat'>:</span> <span class='ocrx_word' id='word_1_508' title='bbox 544 2280 635 2309; x_wconf 84' lang='lat' dir='ltr'><em>anima</em></span> <span class='ocrx_word' id='word_1_509' title='bbox 646 2280 717 2309; x_wconf 88' lang='lat' dir='ltr'><em>enim</em></span> <span class='ocrx_word' id='word_1_510' title='bbox 729 2280 930 2319; x_wconf 84' lang='lat' dir='ltr'><em>quodammodo</em></span> <span class='ocrx_word' id='word_1_511' title='bbox 942 2280 1205 2319; x_wconf 82' lang='lat' dir='ltr'><em>requiescit,quando</em></span> <span class='ocrx_word' id='word_1_512' title='bbox 1216 2292 1326 2310; x_wconf 79' lang='lat' dir='ltr'><em>suarum</em></span> <span class='ocrx_word' id='word_1_513' title='bbox 1338 2283 1491 2321; x_wconf 76' lang='lat' dir='ltr'><em>passionum</em></span> <span class='ocrx_word' id='word_1_514' title='bbox 1503 2285 1636 2324; x_wconf 73' lang='lat' dir='ltr'><em>plurimos</em></span> 
     </span>
     <span class='ocr_line' id='line_1_75' title="bbox 64 2326 1634 2372; baseline 0.006 -18"><span class='ocrx_word' id='word_1_515' title='bbox 64 2326 189 2355; x_wconf 75' lang='lat' dir='ltr'><em>habuerit</em></span> <span class='ocrx_word' id='word_1_516' title='bbox 203 2333 280 2356; x_wconf 81' lang='lat' dir='ltr'><em>testes</em></span> <span class='ocrx_word' id='word_1_517' title='bbox 291 2339 297 2354; x_wconf 71' lang='grc' dir='ltr'><strong>ε</strong></span> <span class='ocrx_word' id='word_1_518' title='bbox 310 2328 536 2365; x_wconf 81' lang='lat' dir='ltr'><em>quemadmodum</em></span> <span class='ocrx_word' id='word_1_519' title='bbox 549 2328 712 2358; x_wconf 81' lang='lat' dir='ltr'><em>hortationes</em></span> <span class='ocrx_word' id='word_1_520' title='bbox 725 2339 806 2368; x_wconf 80' lang='lat' dir='ltr'><em>supra</em></span> <span class='ocrx_word' id='word_1_521' title='bbox 818 2328 916 2368; x_wconf 77' lang='lat' dir='ltr'><em>posuit,</em></span> <span class='ocrx_word' id='word_1_522' title='bbox 928 2328 1019 2357; x_wconf 84' lang='lat' dir='ltr'><em>dicens</em></span> <span class='ocrx_word' id='word_1_523' title='bbox 1030 2341 1036 2356; x_wconf 90' lang='lat'>:</span> <span class='ocrx_word' id='word_1_524' title='bbox 1048 2330 1295 2358; x_wconf 84' lang='lat' dir='ltr'><em>Rememoramini</em></span> <span class='ocrx_word' id='word_1_525' title='bbox 1305 2337 1402 2359; x_wconf 86' lang='lat' dir='ltr'><em>autem</em></span> <span class='ocrx_word' id='word_1_526' title='bbox 1414 2334 1553 2370; x_wconf 85' lang='lat' dir='ltr'><em>pristinos</em></span> <span class='ocrx_word' id='word_1_527' title='bbox 1564 2336 1634 2372; x_wconf 83' lang='lat' dir='ltr'><em>dies,</em></span> 
     </span>
     <span class='ocr_line' id='line_1_76' title="bbox 65 2375 1636 2419; baseline 0.006 -17"><span class='ocrx_word' id='word_1_528' title='bbox 65 2375 97 2402; x_wconf 88' lang='lat' dir='ltr'><em>in.</em></span> <span class='ocrx_word' id='word_1_529' title='bbox 120 2376 226 2414; x_wconf 84' lang='lat' dir='ltr'><em>quibus</em></span> <span class='ocrx_word' id='word_1_530' title='bbox 246 2375 410 2404; x_wconf 82' lang='lat' dir='ltr'><em>illuminati</em></span> <span class='ocrx_word' id='word_1_531' title='bbox 428 2387 567 2416; x_wconf 81' lang='lat' dir='ltr'><em>magnum</em></span> <span class='ocrx_word' id='word_1_532' title='bbox 582 2384 731 2406; x_wconf 83' lang='lat' dir='ltr'><em>certamen</em></span> <span class='ocrx_word' id='word_1_533' title='bbox 747 2377 925 2407; x_wconf 84' lang='lat' dir='ltr'><em>sustinuistis</em></span> <span class='ocrx_word' id='word_1_534' title='bbox 934 2379 1113 2416; x_wconf 79' lang='lat' dir='ltr'><em>passionum.</em></span> <span class='ocrx_word' id='word_1_535' title='bbox 1126 2377 1214 2406; x_wconf 80' lang='lat' dir='ltr'><em>Altera</em></span> <span class='ocrx_word' id='word_1_536' title='bbox 1227 2388 1290 2407; x_wconf 89' lang='lat' dir='ltr'><em>vero</em></span> <span class='ocrx_word' id='word_1_537' title='bbox 1300 2378 1400 2417; x_wconf 87' lang='lat' dir='ltr'><em>species</em></span> <span class='ocrx_word' id='word_1_538' title='bbox 1412 2386 1460 2417; x_wconf 84' lang='lat' dir='ltr'><em>est,</em></span> <span class='ocrx_word' id='word_1_539' title='bbox 1475 2382 1582 2419; x_wconf 86' lang='lat' dir='ltr'><em>quando</em></span> <span class='ocrx_word' id='word_1_540' title='bbox 1593 2383 1636 2412; x_wconf 88' lang='lat' dir='ltr'><em>di-</em></span> 
     </span>
     <span class='ocr_line' id='line_1_77' title="bbox 65 2420 1635 2464; baseline 0.006 -15"><span class='ocrx_word' id='word_1_541' title='bbox 65 2420 151 2450; x_wconf 87' lang='lat' dir='ltr'><em>cimus</em></span> <span class='ocrx_word' id='word_1_542' title='bbox 162 2422 292 2460; x_wconf 88' lang='lat' dir='ltr'><em>quoniam</em></span> <span class='ocrx_word' id='word_1_543' title='bbox 303 2422 371 2451; x_wconf 92' lang='lat' dir='ltr'><em>nihil</em></span> <span class='ocrx_word' id='word_1_544' title='bbox 385 2429 423 2451; x_wconf 86' lang='lat' dir='ltr'><em>est</em></span> <span class='ocrx_word' id='word_1_545' title='bbox 437 2423 526 2462; x_wconf 82' lang='lat' dir='ltr'><em>magni</em></span> <span class='ocrx_word' id='word_1_546' title='bbox 538 2434 691 2463; x_wconf 86' lang='lat' dir='ltr'><em>perpessus.</em></span> <span class='ocrx_word' id='word_1_547' title='bbox 709 2423 759 2452; x_wconf 86' lang='lat' dir='ltr'><em>Illa</em></span> <span class='ocrx_word' id='word_1_548' title='bbox 770 2423 872 2464; x_wconf 86' lang='lat' dir='ltr'><em>quippe</em></span> <span class='ocrx_word' id='word_1_549' title='bbox 883 2423 983 2463; x_wconf 86' lang='lat' dir='ltr'><em>species</em></span> <span class='ocrx_word' id='word_1_550' title='bbox 994 2424 1159 2463; x_wconf 84' lang='lat' dir='ltr'><em>requiescere</em></span> <span class='ocrx_word' id='word_1_551' title='bbox 1171 2424 1233 2453; x_wconf 83' lang='lat' dir='ltr'><em>facit</em></span> <span class='ocrx_word' id='word_1_552' title='bbox 1250 2430 1275 2452; x_wconf 86' lang='lat' dir='ltr'><em>et</em></span> <span class='ocrx_word' id='word_1_553' title='bbox 1286 2426 1399 2454; x_wconf 78' lang='lat' dir='ltr'><em>recreari</em></span> <span class='ocrx_word' id='word_1_554' title='bbox 1408 2427 1526 2457; x_wconf 80' lang='lat' dir='ltr'><em>animam</em></span> <span class='ocrx_word' id='word_1_555' title='bbox 1537 2440 1635 2459; x_wconf 80' lang='lat' dir='ltr'><em>moero-</em></span> 
     </span>
     <span class='ocr_line' id='line_1_78' title="bbox 66 2468 1634 2516; baseline 0.006 -19"><span class='ocrx_word' id='word_1_556' title='bbox 66 2468 140 2497; x_wconf 87' lang='lat' dir='ltr'><em>ribus</em></span> <span class='ocrx_word' id='word_1_557' title='bbox 157 2468 345 2498; x_wconf 84' lang='lat' dir='ltr'><em>subruentem:</em></span> <span class='ocrx_word' id='word_1_558' title='bbox 360 2469 409 2498; x_wconf 83' lang='lat' dir='ltr'><em>ista</em></span> <span class='ocrx_word' id='word_1_559' title='bbox 420 2480 482 2499; x_wconf 81' lang='lat' dir='ltr'><em>vero</em></span> <span class='ocrx_word' id='word_1_560' title='bbox 497 2470 677 2509; x_wconf 79' lang='lat' dir='ltr'><em>negligentem</em></span> <span class='ocrx_word' id='word_1_561' title='bbox 690 2470 806 2499; x_wconf 87' lang='lat' dir='ltr'><em>animam</em></span> <span class='ocrx_word' id='word_1_562' title='bbox 819 2478 844 2500; x_wconf 91' lang='lat' dir='ltr'><em>et</em></span> <span class='ocrx_word' id='word_1_563' title='bbox 859 2470 984 2510; x_wconf 78' lang='lat' dir='ltr'><em>supinam</em></span> <span class='ocrx_word' id='word_1_564' title='bbox 996 2481 1030 2500; x_wconf 82' lang='lat' dir='ltr'><em>ex</em></span> <span class='ocrx_word' id='word_1_565' title='bbox 1045 2471 1196 2510; x_wconf 76' lang='lat' dir='ltr'><em>arrogantia</em></span> <span class='ocrx_word' id='word_1_566' title='bbox 1209 2472 1340 2500; x_wconf 76' lang='lat' dir='ltr'><em>convertit</em></span> <span class='ocrx_word' id='word_1_567' title='bbox 1353 2479 1377 2501; x_wconf 87' lang='lat' dir='ltr'><em>et</em></span> <span class='ocrx_word' id='word_1_568' title='bbox 1389 2475 1509 2504; x_wconf 78' lang='lat' dir='ltr'><em>retrahit.</em></span> <span class='ocrx_word' id='word_1_569' title='bbox 1522 2477 1561 2505; x_wconf 91' lang='lat' dir='ltr'><em>Nc</em></span> <span class='ocrx_word' id='word_1_570' title='bbox 1572 2488 1634 2516; x_wconf 73' lang='lat' dir='ltr'><em>crgo</em></span> 
     </span>
     <span class='ocr_line' id='line_1_79' title="bbox 66 2515 1634 2561; baseline 0.006 -17"><span class='ocrx_word' id='word_1_571' title='bbox 66 2515 120 2544; x_wconf 85' lang='lat' dir='ltr'><em>illis</em></span> <span class='ocrx_word' id='word_1_572' title='bbox 131 2525 164 2545; x_wconf 81' lang='lat' dir='ltr'><em>ex</em></span> <span class='ocrx_word' id='word_1_573' title='bbox 173 2515 220 2544; x_wconf 84' lang='lat' dir='ltr'><em>illa</em></span> <span class='ocrx_word' id='word_1_574' title='bbox 231 2516 417 2545; x_wconf 73' lang='lat' dir='ltr'><em>testificatione</em></span> <span class='ocrx_word' id='word_1_575' title='bbox 427 2517 551 2556; x_wconf 83' lang='lat' dir='ltr'><em>superbia</em></span> <span class='ocrx_word' id='word_1_576' title='bbox 563 2524 711 2556; x_wconf 78' lang='lat' dir='ltr'><em>generetur,</em></span> <span class='ocrx_word' id='word_1_577' title='bbox 721 2517 900 2557; x_wconf 82' lang='lat' dir='ltr'><em>contemplare</em></span> <span class='ocrx_word' id='word_1_578' title='bbox 911 2517 978 2556; x_wconf 87' lang='lat' dir='ltr'><em>quid</em></span> <span class='ocrx_word' id='word_1_579' title='bbox 990 2518 1026 2547; x_wconf 87' lang='lat' dir='ltr'><em>ait</em></span> <span class='ocrx_word' id='word_1_580' title='bbox 1037 2518 1137 2546; x_wconf 84' lang='lat' dir='ltr'><em>Paulus</em></span> <span class='ocrx_word' id='word_1_581' title='bbox 1147 2530 1152 2545; x_wconf 73' lang='grc' dir='ltr'><em>ε</em></span> <span class='ocrx_word' id='word_1_582' title='bbox 1162 2519 1302 2555; x_wconf 83' lang='lat' dir='ltr'><em>Necdum,</em></span> <span class='ocrx_word' id='word_1_583' title='bbox 1311 2518 1410 2558; x_wconf 85' lang='lat' dir='ltr'><em>inquit,</em></span> <span class='ocrx_word' id='word_1_584' title='bbox 1419 2531 1510 2561; x_wconf 84' lang='lat' dir='ltr'><em>usque</em></span> <span class='ocrx_word' id='word_1_585' title='bbox 1521 2525 1562 2552; x_wconf 83' lang='lat' dir='ltr'><em>ad</em></span> <span class='ocrx_word' id='word_1_586' title='bbox 1569 2535 1634 2553; x_wconf 85' lang='lat' dir='ltr'><em>san-</em></span> 
     </span>
     <span class='ocr_line' id='line_1_80' title="bbox 66 2564 1633 2611; baseline 0.006 -19"><span class='ocrx_word' id='word_1_587' title='bbox 66 2565 182 2600; x_wconf 67' lang='lat' dir='ltr'><em>guinem</em></span> <span class='ocrx_word' id='word_1_588' title='bbox 197 2566 343 2593; x_wconf 79' lang='lat' dir='ltr'><em>restitistis</em></span> <span class='ocrx_word' id='word_1_589' title='bbox 361 2570 464 2593; x_wconf 84' lang='lat' dir='ltr'><em>contra</em></span> <span class='ocrx_word' id='word_1_590' title='bbox 481 2570 641 2602; x_wconf 81' lang='lat' dir='ltr'><em>peccatum.</em></span> <span class='ocrx_word' id='word_1_591' title='bbox 657 2564 690 2594; x_wconf 84' lang='lat' dir='ltr'><em>Et</em></span> <span class='ocrx_word' id='word_1_592' title='bbox 709 2575 760 2594; x_wconf 91' lang='lat' dir='ltr'><em>non</em></span> <span class='ocrx_word' id='word_1_593' title='bbox 779 2565 918 2595; x_wconf 83' lang='lat' dir='ltr'><em>confestim</em></span> <span class='ocrx_word' id='word_1_594' title='bbox 931 2565 1021 2594; x_wconf 82' lang='lat' dir='ltr'><em>intulit</em></span> <span class='ocrx_word' id='word_1_595' title='bbox 1035 2566 1232 2604; x_wconf 79' lang='lat' dir='ltr'><em>consequentia,</em></span> <span class='ocrx_word' id='word_1_596' title='bbox 1253 2565 1297 2594; x_wconf 80' lang='lat' dir='ltr'><em>sed</em></span> <span class='ocrx_word' id='word_1_597' title='bbox 1311 2567 1450 2598; x_wconf 80' lang='lat' dir='ltr'><em>ostendens</em></span> <span class='ocrx_word' id='word_1_598' title='bbox 1464 2569 1501 2599; x_wconf 81' lang='lat' dir='ltr'><em>eis</em></span> <span class='ocrx_word' id='word_1_599' title='bbox 1514 2571 1633 2611; x_wconf 83' lang='lat' dir='ltr'><em>primum</em></span> 
     </span>
    </p>
   </div>
  </div>
 </body>
</html>
