1886 2846
430 154 462 176 ΙΝ
491 153 598 177 131115T.
629 155 672 177 AD
700 156 866 178 “Eunt-tos.

103 209 287 246 ἀντιθέσεως
270 216 313 248 ἠν,
332 225 415 242 ταυτα
425 217 482 251 ,ὡς
498 217 544 250 τ’ἥς
559 218 610 244 τῶν
628 217 792 274 πραγμάτων
808 218 871 246 ἀκο-

102 258 206 291 λουθίας
229 259 407 295 ἀπαιτούσης,
424 261 543 299 εἷσάγευ
559 261 618 300 Ἐφ’
638 262 666 290 ὂν
693 262 744 302 γὰρ
767 263 871 301 λέγεται

101 307 184 334 ταῦτα
193 325 201 339 ‚
213 316 294 344 φησι,
308 307 390 345 φυλῆς
402 306 492 345 ἑτέρας
504 319 603 346 ‹ie-5⁴7
604 319 676 344 1κεν,
690 309 734 347 ἀφ’
745 312 776 343 ἧς
791 309 872 342 οὐδεὶς

101 361 268 390 προσεσχηκε
290 354 328 380 τῖ’)
344 353 530 392 Ουσιαστηρίυ
555 354 692 392 Πρόδνλον
707 354 758 393 γὰρ
783 354 822 383 ὅτι
844 355 870 388 ἐξ

101 394 188 425 Ἰούδα
216 397 392 427 ἀνατέταλκεν
414 401 428 427 ὁ
447 399 542 438 Κύριος
566 401 653 437 ἡμῶν,
668 401 703 433 εἷς
728 401 759 435 ἦν
787 400 870 439 φυλὴν

101 442 161 481 περὶ
174 444 316 497 ἱερωσύνης
330 444 386 474 οὐδὲ
388 458 401 473 ν
417 446 532 480 Μωϋσῆς
547 447 683 481 ἐλάλησεν.
698 446 736 475 ιῸ
749 447 797 475 δὲ)
797 447 868 486 ε’γει,

101 489 216 517 τοιοῦτόν
231 491 305 518 ἐστι·
323 490 398 528 κάγώ
411 503 480 530 φημι
497 503 543 520 και
556 487 631 527 οἰδα,
646 491 686 520 ὅτι
703 492 775 521 οὐδὲν
795 495 869 532 ἱερω-

101 533 180 570 σῦνης
191 538 260 574 εἶχεν
275 548 341 572 αυτη
357 539 372 571 ἡ
386 536 468 575 φυλὴ,
482 537 540 566 οὐδέ
563 549 601 570 τις
616 538 669 567 ἀπὸ
684 539 780 573 ταύτης
797 539 867 578 ἱερά-

100 590 192 608 τευσε·
207 583 283 609 τοῦτο
304 581 356 621 γὰρ
377 583 451 618 δηλοῖ
465 583 512 619 τὸ,
536 584 630 616 Οὗδεις
650 596 731 624 προστ
726 585 817 624 ’σχηκε
831 586 869 613 τῶ

100 626 296 666 Ουσιαστηρίῳ-
312 628 381 657 ἀλλὰ
404 628 434 657 τὸ
449 633 502 658 πᾶν
517 628 612 667 μετάθε
603 641 656 663 ²02<
679 632 758 659 ἐστιν.
776 615 869 663 Oua-tu}

99 672 241 709 ἀναγκαῖον
261 675 293 708 ἠν
309 673 353 702 τὸν
374 674 452 712 νόμον
473 675 518 703 καὶ
543 675 591 710 τὴν
606 676 721 704 παλαιὰν
742 677 869 712 διαθήκην

99 719 291 755 μετατεθῆναι,
303 718 343 747 ότι
355 720 400 748 καὶ
413 720 479 755 αὶτὴ
492 720 650 755 ἐνηλλακται
666 724 682 756 ἡ
695 722 774 761 φυλή.
787 722 870 762 (Ορᾷς

98 764 155 795 πῶς
168 763 282 793 δείκνυσι
297 765 342 793 καὶ
357 766 440 801 ἄλλην
456 767 582 806 διαφορὰν
596 768 649 797 ἀπὸ
664 771 711 803 τῆς
724 769 870 807 ἔναλλαγῆς

115 809 131 817 ...
219 811 235 818 ...
310 812 317 821 ‚
365 810 372 820 t
444 813 455 821 ε
594 813 600 821 x
665 813 670 822 ι

97 820 146 844 της
167 811 266 848 φυλης;
281 812 322 839 Ου
337 822 414 848 μονον
441 811 468 840 οὲ
493 812 538 840 καὶ
554 815 607 842 ἀπο
623 825 720 849 ταν-της
738 814 869 843 δείκνυται
886 818 904 840 (ἶ

97 854 157 884 ὅσον
171 855 201 884 τὸ
227 855 359 894 διάφορον,
385 857 443 884 ἀλλ’
458 857 509 892 ἤδη
525 858 570 886 καὶ
586 859 638 887 ἀπὸ
653 861 697 888 τοῦ
710 859 868 898 προσώπου,

99 900 144 928 καὶ
158 900 211 929 ἀπὸ
224 903 272 935 τῆς
291 901 417 936 διαθήκης
428 923 436 936 ,
451 902 496 930 καὶ
515 904 568 932 ἀπὸ
580 906 624 932 τοῦ
638 903 746 942 τρόπου,
762 904 808 932 καὶ
822 906 868 932 ἀπ’

100 945 179 973 αὐτοῦ
193 948 238 974 τοῦ
259 945 351 975 τύπου.
366 946 416 978 <Ὸς
435 949 464 976 οὗ
482 948 553 978 κατὰ
566 949 646 986 νόμον
659 951 764 983 ἐντολῆς
778 962 870 989 σαρκι-

99 992 147 1025 κῆς
158 990 274 1029 γέγονεν,
291 991 358 1020 ἀλλὰ
371 992 439 1020 κατὰ
453 992 563 1031 δύναμιν
581 995 648 1029 ζωῆς
662 994 835 1023 ἀκαταλύτου.

136 1698 230 1736 Γέγονε
238 1721 245 1734 ,
258 1698 346 1737 φησὶν,
357 1697 453 1738 ἱερεὺς,
464 1699 521 1727 ἀλλ’
532 1699 560 1727 οὐ
571 1698 639 1728 κατὰ
649 1699 727 1737 νόμον
737 1702 864 1740 σαρκικῆς

96 1745 202 1779 ἐντολῆς
213 1755 219 1761 ·
233 1746 246 1773 ὁ
257 1744 308 1783 γὰρ
331 1744 410 1782 νόμος
429 1745 525 1778 ἐκεῖνος
540 1744 573 1773 τὰ
589 1745 675 1774 πολλὰ
689 1744 805 1784 Ῑόἷνομος
819 1742 862 1781 ἦν.

128 1845 140 1863 t,
159 1844 219 1868 Post
234 1843 310 1873 illud,
330 1849 413 1876 ἄνομος
429 1847 463 1873 ἦν.
485 1843 558 1869 Colb.
573 1844 611 1877 [A.
627 1846 655 1871 B.
677 1852 701 1870 et
715 1846 850 1879 Commel.]

94 1881 166 1909 addit
178 1887 200 1909 τί
212 1887 280 1915 ἐστιν,
291 1887 382 1914 ἐντολῆς
396 1890 510 1918 ςαρκυῆς.
524 1885 626 1916 Postea,
641 1886 738 1910 omissis
758 1886 787 1911 iis
798 1894 852 1918 quae

1648 147 1665 167 ,-

896 156 973 179 ων.
1002 157 1062 179 vu.
1094 157 1212 180 nonu..
1242 158 1312 180 xut.
1602 149 1665 183 18)

925 218 1021 257 inquit,
1036 219 1193 247 translatum
1217 230 1272 248 esse
1291 219 1469 248 sacerdotium
1485 231 1490 247 :
1507 230 1568 258 ergo
1584 228 1607 249 ct
1624 228 1664 249 tc-

889 268 906 291 B
924 273 1092 296 stamentum.
1103 267 1275 296 'translatum
1288 274 1376 296 autem
1389 274 1429 296 est
1444 278 1496 296 non
1507 268 1594 296 solum
1609 279 1665 297 mo-

923 311 969 349 do,
983 322 1068 351 neque
1082 313 1233 352 praecepfis,
1250 312 1295 341 sed
1311 313 1392 342 etiam
1412 313 1485 342 tribu
1503 325 1509 341 ε
1525 314 1664 353 oportebat

923 358 994 387 cuim
1010 358 1090 387 etiam
1108 358 1192 388 tribu.
1211 359 1378 394 Quomodo?
1394 360 1550 388 Translata
1564 370 1661 388 sacer-

923 405 1012 441 dolio,
1026 405 1122 444 inquit.
1134 405 1191 434 Hoc
1207 412 1256 440 est,
1274 405 1338 434 Ideo
1353 406 1511 435 translatum
1525 413 1564 436 est
1581 418 1595 435 a
1612 407 1662 435 tri-

922 450 959 478 bu
980 451 1006 479 in
1030 451 1141 489 tribum,
1156 462 1170 480 a
1191 451 1347 480 sacerdotali
1366 451 1400 480 ad
1419 452 1546 490 regalem,
1563 459 1592 480 ut
1615 463 1663 481 ea-

922 496 984 525 dem
1003 504 1069 526 esset
1085 504 1111 526 et
1125 497 1221 537 regalis
1242 505 1268 526 et
1284 497 1465 527 sacerdotalis.
1481 498 1555 527 Vide
1574 505 1664 527 autem

922 543 1081 582 mysterium
1093 555 1099 570 ι
1113 543 1230 582 primum
1240 543 1348 582 quidem
1360 550 1416 572 erat
1432 543 1538 582 regalis,
1555 551 1580 572 et
1593 555 1664 573 nunc

921 590 990 618 sacta
1011 597 1050 618 est
1070 590 1241 619 sacerdotalis
1263 602 1270 618 z
1292 591 1362 620 sicut
1384 590 1464 619 etiam
1488 590 1515 619 in
1533 591 1640 620 Christo
1658 603 1663 618 :

923 644 985 663 nam
1003 646 1106 676 semper
1126 635 1237 674 quidem
1256 636 1308 665 fuit
1325 647 1373 665 rex
1384 658 1393 674 ,
1408 636 1494 666 factus
1513 643 1552 666 est
1573 644 1663 666 autem

924 681 1063 719 sacerdos,
1084 682 1191 720 quando
1212 693 1318 711 earnem
1340 682 1469 722 suscepit,
1485 683 1593 722 quando
1617 694 1664 712 sa-

924 727 1057 756 crificium
1080 728 1189 757 obtulit:
1210 728 1295 759 Vides
1316 729 1492 758 mutationem
1506 729 1520 757 ?
1545 729 1582 758 Et
1605 740 1664 768 quae

924 780 998 802 erant
1013 774 1174 813 objicienda,
1187 774 1245 803 liaec
1263 774 1385 811 adducit,
1398 781 1426 803 ut
1450 775 1604 814 postulabat
1624 786 1665 804 re-

924 830 984 848 rum
1005 820 1211 858 consequentia:
1227 822 1264 848 In
1284 830 1342 859 quo
1366 822 1455 858 enim,
1480 820 1578 858 inquit,
1603 822 1664 850 haec

923 866 1072 903 tIIcunlur,
1089 868 1114 895 is
1134 867 1170 895 de
1186 867 1249 894 alia
1272 868 1348 894 tribu
1371 872 1423 902 est,
1447 877 1463 895 e
1482 876 1541 905 qua
1565 867 1665 895 nullus

922 911 1014 940 altari
1025 913 1210 951 proestosuit.
1229 913 1413 951 Compertum
1425 919 1467 941 est
1482 915 1558 941 enim
1571 915 1666 941 omni-

922 958 975 985 bus
992 958 1072 996 quod
1082 958 1227 986 Dominus
1243 965 1340 986 noster
1356 969 1392 987 ex
1402 959 1484 987 luda
1501 965 1596 987 ortum
1611 959 1665 987 du-

921 1005 1009 1039 merit,
1026 1013 1114 1042 quam
1129 1005 1159 1031 in
1175 1005 1280 1031 tribum
1295 1005 1330 1032 {le
1344 1005 1507 1033 sacerdotio
1525 1005 1601 1034 nihil
1618 1006 1664 1035 lo-

921 1055 1028 1086 quutus
1048 1055 1091 1077 esc
1112 1050 1236 1086 illoyses.
1256 1050 1337 1085 Quod
1357 1057 1444 1078 autem
1467 1051 1513 1085 ait,
1528 1051 1581 1079 tale
1599 1051 1665 1089 quid

920 1101 960 1122 cst
977 1094 1032 1123 :Et
1051 1104 1100 1132 ego
1115 1104 1222 1132 quoque
1239 1094 1300 1122 dico
1315 1101 1339 1122 et
1360 1095 1415 1123 scio
1435 1095 1508 1133 quod
1527 1096 1595 1124 nihil
1617 1096 1663 1124 lia-

920 1139 980 1168 buit
999 1139 1140 1168 sacerdotii
1160 1140 1218 1168 haec
1237 1139 1342 1177 tribus,
1357 1150 1405 1168 nec
1428 1140 1500 1169 ullus
1517 1152 1550 1170 ex
1569 1153 1598 1171 ea
1619 1153 1664 1171 sa-

876 1222 879 1225 &
919 1185 1069 1214 cerdotium
1083 1185 1220 1214 exercuit:
1233 1185 1307 1223 quod
1322 1185 1410 1225 ipsum
1425 1187 1562 1216 manifeste
1575 1195 1662 1217 osten—

919 1232 960 1262 dit
984 1232 1087 1262 dictum
1113 1231 1194 1269 illud,
1206 1232 1315 1261 Nullus
1336 1231 1428 1261 altari
1449 1240 1554 1271 proeslo
1570 1235 1633 1272 fuit
1656 1247 1663 1261 .-

919 1280 986 1309 adeo
1003 1286 1090 1309 totum
1111 1286 1150 1308 est
1173 1278 1318 1307 translatio.
1339 1278 1392 1308 Sed
1412 1279 1591 1308 necessarium
1609 1288 1665 1309 erat

919 1326 1006 1365 legem
1022 1333 1047 1355 et
1060 1333 1138 1355 vetus
1156 1331 1344 1354 testamentum
1365 1325 1514 1364 transferri,
1530 1326 1663 1364 siquidem

919 1379 945 1401 et
966 1373 1024 1412 ipsa
1039 1372 1126 1400 tribus
1141 1378 1243 1400 mutata
1257 1377 1306 1400 cst.
1326 1370 1410 1400 Vides
1427 1378 1456 1400 ut
1477 1372 1553 1402 aliud
1568 1372 1666 1401 discri-

919 1431 979 1449 men
1001 1419 1116 1450 ostendit
1137 1429 1243 1458 quoque
1259 1430 1274 1448 a
1294 1419 1442 1448 mutatione
1457 1419 1564 1449 tribus?
1574 1421 1666 1460 Neque

919 1477 984 1495 vero
1002 1466 1065 1495 inde
1082 1465 1224 1494 dumtaxat
1238 1472 1338 1504 quanta
1358 1466 1391 1494 sit
1406 1465 1557 1495 differentia
1578 1473 1664 1496 osten-

918 1513 1009 1549 ditur,
1023 1512 1069 1541 sed
1090 1512 1170 1541 modo
1190 1522 1296 1551 quoque
1315 1522 1330 1540 a
1350 1522 1472 1551 persona,
1487 1523 1502 1540 ει
1522 1519 1663 1541 testamcu-

918 1567 954 1596 to,
964 1570 979 1588 a
995 1558 1086 1597 modo,
1098 1558 1133 1587 ab
1147 1559 1205 1598 ipso
1217 1565 1292 1598 typo.
1307 1560 1355 1587 16.
1368 1560 1424 1596 Qui
1436 1569 1493 1586 non
1506 1559 1665 1587 secundum

917 1607 1007 1646 Iegem
1024 1606 1160 1634 mandati
1173 1605 1305 1634 carnalis
1320 1606 1419 1643 factus
1432 1611 1484 1640 est,
1497 1606 1548 1634 sed
1559 1616 1662 1635 secun-

916 1653 985 1681 dum
1000 1654 1141 1680 virtutem
1153 1653 1224 1680 vitae
1239 1651 1414 1680 insolubilis.

955 1700 984 1727 9.
996 1699 1108 1727 Factus
1120 1703 1174 1735 est,
1187 1696 1285 1735 inquit,
1309 1696 1442 1732 saeerd05‚
1460 1697 1505 1726 sed
1533 1709 1589 1726 non
1612 1709 1660 1726 se-

916 1744 1044 1774 cundum
1057 1743 1149 1782 legem
1160 1742 1294 1772 carnalis
1308 1743 1444 1772 mandati
1455 1755 1462 1770 :
1474 1743 1518 1772 lex
1530 1743 1600 1772 enim
1613 1743 1660 1771 illa

902 1848 928 1871 in
940 1844 1018 1870 Edito
1036 1845 1182 1877 interposita
1195 1849 1268 1874 sunt,
1282 1844 1316 1868 ita
1328 1845 1408 1876 pergit
1426 1843 1474 1875 ille,
1496 1847 1604 1877 περίτεμε
1620 1848 1660 1873 τὴν

904 1890 975 1919 σάρκα
983 1904 989 1915 ‚
1003 1890 1051 1909 etc.

514 2003 690 2033 MUTIANO
714 2004 969 2034 SCHOLASTICO
991 2001 1207 2033 INTERPRET
1213 2001 1243 2030 E.

91 2106 188 2145 quippe
198 2128 205 2141 2
222 2113 253 2134 1¹¹
268 2106 349 2135 etiam
364 2106 449 2135 tribus
467 2113 626 2136 mutaretur.
643 2108 678 2136 Et
693 2109 829 2147 quomodo
845 2109 1001 2138 translatum
1013 2115 1051 2137 est
1063 2106 1241 2137 sacerdotium
1254 2116 1287 2134 ex
1305 2105 1377 2134 tribu
1392 2104 1425 2133 ad
1442 2105 1554 2142 tribum,
1565 2105 1599 2134 de
1609 2116 1654 2134 sa-

91 2153 219 2182 cerdotali
233 2152 267 2182 ad
280 2153 417 2192 regalem?
433 2154 469 2182 Ut
482 2153 574 2182 eadem
590 2154 647 2194 ipsa
662 2155 696 2183 sit
708 2163 734 2184 et
748 2156 844 2194 regalis
859 2163 883 2184 et
898 2155 1079 2185 sacerdotalis.
1095 2154 1131 2183 Et
1143 2154 1245 2182 intuere
1258 2152 1416 2191 mysterium
1430 2163 1436 2179 ε
1450 2152 1538 2191 primo
1549 2152 1599 2180 fuit
1613 2162 1654 2180 re-

90 2201 169 2239 galis,
183 2207 273 2240 postea
287 2200 354 2229 sacta
367 2207 405 2229 est
418 2201 597 2230 sacerdotalis.
614 2202 660 2232 Sic
673 2203 753 2231 etiam
768 2203 794 2232 in
810 2204 916 2232 Christo
927 2215 933 2231 ε
945 2214 992 2232 rex
1009 2202 1108 2241 quippe
1121 2207 1177 2229 erat
1191 2211 1307 2239 semper,
1328 2198 1450 2228 sacerdos
1465 2206 1553 2228 autem
1567 2200 1654 2228 sactus

89 2255 128 2277 est
141 2247 248 2287 quando
259 2258 363 2277 carnem
374 2248 498 2288 suscepit,
509 2249 617 2288 quando
626 2250 789 2279 sacrificium
801 2250 909 2279 obtulit.
923 2250 1007 2280 Vides
1017 2248 1213 2278 mutationem?
1226 2249 1293 2283 Quae
1308 2246 1379 2275 enim
1394 2257 1442 2286 per
1454 2246 1654 2275 translationem

89 2298 159 2326 facta
173 2302 242 2333 sunt,
252 2295 309 2324 haec
322 2295 406 2324 veluti
419 2306 453 2325 cx
464 2306 554 2325 rerum
569 2298 756 2336 consequentia
769 2298 878 2327 veniant
889 2296 1045 2327 introducit.
1057 2299 1093 2324 In
1105 2306 1162 2335 quo
1175 2297 1252 2324 enim
1268 2297 1325 2323 ista
1340 2295 1489 2328 dicuntur,
1502 2293 1600 2332 inquit,
1611 2294 1655 2322 al-

89 2345 178 2372 terius
194 2345 284 2372 tribus
294 2345 439 2382 particeps
451 2351 525 2373 erat.
539 2344 574 2373 Et
586 2355 635 2384 ego
651 2345 724 2381 novi,
734 2345 796 2384 quia
814 2346 883 2375 nihil
900 2344 1064 2374 sacerdotale
1076 2343 1172 2372 habuit
1183 2354 1189 2370 :
1202 2341 1339 2371 translatio
1354 2341 1456 2380 quippe
1468 2348 1517 2370 est.
1530 2341 1588 2380 Ego
1602 2352 1654 2370 au-

88 2396 141 2418 tem
154 2390 234 2419 etiam
250 2389 348 2425 aliam,
366 2390 464 2428 inquit,
482 2390 591 2420 ostendo
607 2391 798 2428 disseientiam,
815 2402 866 2421 non

883 2392 971 2421 solum
984 2402 1018 2420 ex
1034 2391 1124 2426 tribu,
1137 2399 1222 2427 neque
1236 2389 1322 2417 solum
1339 2398 1373 2416 ex
1387 2398 1508 2427 persona,
1522 2397 1608 2426 neque
1620 2399 1655 2416 ex

88 2436 180 2473 domo,
192 2448 276 2476 neque
288 2444 327 2466 est
338 2444 502 2474 testamento,
515 2438 582 2466 sed
575 2449 633 2477 ipso
646 2445 720 2477 typo
739 2440 796 2477 Qui
809 2441 886 2467 enim
905 2449 963 2467 non
981 2438 1139 2468 secundum
1154 2437 1200 2476 leg
1184 2447 1245 2465 ‘rem
1257 2437 1393 2475 praecepti
1409 2435 1542 2464 carnalis
1551 2435 1654 2474 factus

89 2491 142 2521 est,
152 2486 202 2515 sed
217 2486 375 2515 secundum
387 2487 551 2524 potentiam
561 2488 632 2514 vitoe
644 2487 819 2516 insolubilis.

130 2533 159 2560 F
158 2539 239 2562 actus
253 2538 311 2570 est,
327 2532 415 2570 inquit
427 2556 434 2569 ‚
448 2532 570 2572 pontifex
582 2555 590 2570 ,
612 2543 669 2561 non
683 2534 839 2563 secundum
853 2534 943 2573 legem
958 2535 1095 2571 prmoepti
1113 2531 1246 2562 carnalis
1260 2543 1268 2558 :
1282 2531 1325 2559 lex
1342 2530 1441 2570 quippe
1456 2529 1502 2558 illa
1517 2540 1550 2558 ex
1569 2529 1654 2557 multa

251 2589 323 2607 TOM.
342 2590 396 2607 xli.

1498 2577 1534 2604 15
