1906 2846
244 206 313 240 3130
574 214 602 235 s.
633 212 771 234 Jossix'is
799 210 980 233 cunrsosr.

240 279 350 307 orificio.
369 276 525 306 [nt-tionem
537 280 613 302 vocat
623 272 779 300 effusionem
795 282 801 301 :
817 281 850 299 ex
863 270 981 309 AEgypto

241 325 310 353 enim
328 334 374 351 nos
391 321 485 350 eduxit
500 321 581 353 Deus,
594 329 608 346 e
625 317 740 346 tenebris
753 340 760 353 ,
772 326 805 345 ex
818 316 979 345 idololatria.

249 369 322 406 xtqui
335 367 406 405 quod
423 367 520 394 sactum
537 363 645 402 quidem
660 363 722 396 suit,
738 362 807 390 nihil
822 369 893 399 erat,
908 362 982 400 quod

1012 211 1029 232 A
1036 211 1153 234 RClllEI‘
1161 227 1167 233 .
1197 212 1259 234 (1οΝ
1266 213 1323 235 §TA
1330 213 1452 237 NTiNOt‘
1459 229 1466 236 ·

1035 271 1213 310 περιέρχεται.
1246 273 1315 301 Ἀλλ’
1342 273 1511 312 ὁπλιζώμεθα
1538 276 1623 314 ἐκείνῃ
1653 279 1684 314 τῇ
1717 277 1802 306 θυσία.

1036 316 1189 356 Πρόσχυσιν
1204 317 1251 353 τὴν
1266 319 1352 358 χρίσιν
1364 320 1455 347 καλεῖ·
1467 320 1520 348 ἀπὸ
1533 320 1584 359 γὰρ
1600 321 1732 359 Αἰγύπτου
1746 308 1803 356 {Eri-

1035 374 1115 400 γαγεν
1130 365 1200 399 ἡμᾶς
1215 366 1227 392 ὁ
1242 364 1322 400 Θεὸς,
1344 364 1397 393 ἀπὸ
1412 368 1457 393 τοῦ
1469 365 1577 397 σκότους
1586 388 1593 401 ,
1605 367 1658 394 ἀπὸ
1670 369 1716 401 τῆς
1729 369 1804 396 εἰδω-

240 421 328 442 ..utem
348 412 409 440 hinc
432 410 629 450 perficiebatur,
641 420 681 437 res
697 418 800 446 inagna.
820 409 890 436 Nam
908 407 981 447 quod
1000 413 1018 435 D
1035 408 1199 446 λολατρείας.
1216 409 1311 438 Καίτοι
1323 409 1352 438 τὸ
1366 410 1504 448 γενόμενον
1521 410 1593 439 οὐδὲν
1613 407 1655 447 ἦν,
1669 411 1739 440 τὸδὲ
1753 424 1804 440 κα-

240 460 338 487 l'actum
350 457 459 496 quidem
474 456 536 493 fuit,
547 462 602 483 erat
614 454 736 492 sanguis;
751 452 823 492 quod
839 460 927 482 autem
941 454 979 481 ef-

241 504 389 538 ficiebatur,
402 503 474 531 salus
488 508 512 529 et
527 499 674 529 obstructio
686 509 716 527 ac
726 498 874 538 prohibitio
888 498 980 527 interi-

241 557 292 578 tus.
301 549 406 578 Timuit
417 547 573 585 sanguinein
584 545 707 584 angelus;
716 544 816 574 sciebat
826 544 896 573 enim
905 545 947 584 cuj
953 556 982 573 us

241 602 306 624 esset
327 601 422 634 typus3
439 593 555 629 horruit,
577 598 690 620 mortem
710 590 821 619 Domini
841 590 979 629 cogitans:

240 649 378 682 propterea
389 652 439 669 non
454 639 575 677 tangebat
588 645 683 677 postes.
700 637 778 666 Dixit
793 638 911 676 Moyses,
925 638 982 666 Un-

240 688 309 726 gi103
326 694 350 715 et
375 692 518 721 unxerunt,
535 685 695 722 fueruntque
714 682 876 712 confidentes
895 689 919 711 et
937 693 980 711 se—

241 734 308 761 curi.
324 734 379 762 Vos
392 738 479 760 autem
497 730 580 769 ipsius
592 729 653 767 agni
669 729 795 757 habentes
808 728 977 767 sanguinem,

242 789 292 807 non
303 777 460 807 consulitis?
470 777 543 804 Fide
554 777 733 804 transierunt
744 785 824 804 mare
836 775 978 811 Rubrum,

241 831 392 863 tamquam
413 833 467 862 per
485 823 599 851 aridam
628 827 747 850 terram.
769 821 873 849 Rursus
894 826 979 848 totum

239 871 370 909 populum
385 875 522 908 comparat
536 868 653 907 populo,
666 877 699 896 nc
718 866 822 903 dicant,
842 867 901 895 Non
918 877 980 906 pos-

239 927 331 944 sumus
346 926 400 944 esse
411 915 479 943 sicut
491 914 584 943 sancti.
597 914 681 950 Fide,
692 913 790 951 inquit,
802 914 980 941 transierunt

239 973 321 991 mare
337 963 476 997 Rubrum,
491 967 642 999 tamquam
652 970 705 998 per
718 959 835 987 aridam
848 965 955 987 terram
970 970 978 985 .·

237 1009 315 1046 quod
335 1009 446 1046 experti
467 1007 600 1045 AEgyplii
611 1006 738 1044 ficerunt
759 1005 910 1033 submersi.
928 1004 978 1032 Hic

236 1054 273 1082 eis
283 1060 388 1083 revocat
403 1054 429 1082 in
441 1052 599 1081 memoriam
610 1062 639 1080 ea
655 1061 713 1089 quae
730 1051 848 1090 perpessi
868 1057 929 1079 sunt
950 1051 977 1079 in

236 1099 364 1139 AEgypto.
381 1097 525 1135 Quomodo
546 1096 620 1125 fide?
635 1096 771 1131 Quoniam
792 1102 932 1134 sperarunt
951 1106 978 1125 se

235 1156 281 1184 per
302 1156 374 1173 mare
391 1145 562 1179 transituros,
574 1149 599 1171 et
618 1142 678 1171 ideo
696 1141 808 1171 orabant
822 1153 829 1169 ε
845 1141 898 1170 imo
912 1152 977 1170 vero

233 1198 289 1219 erat
304 1192 412 1229 Moyses
427 1189 473 1228 qui
487 1189 590 1217 orabat.
606 1187 692 1218 Vides
707 1186 780 1225 quod
795 1186 895 1224 ubique
910 1186 977 1215 fides

234 1236 351 1264 humana
366 1241 510 1274 exsuperat
526 1233 666 1263 ratiocinia
684 1240 708 1261 et
726 1232 936 1261 imbecillitatem
950 1240 976 1261 et

231 1282 413 1311 humilitatem
423 1282 436 1309 '.‘
452 1280 539 1318 vides,
555 1280 637 1308 simul
651 1287 676 1308 et
690 1279 850 1316 credebant,
866 1285 890 1307 et
905 1290 975 1318 sup-

231 1328 342 1367 plicium
354 1327 547 1363 extimuerunt,
563 1332 589 1354 et
602 1325 629 1354 in
645 1325 775 1363 sanguine
792 1324 935 1359 ostiorum,
948 1332 974 1353 et

231 1375 258 1403 in
270 1375 363 1404 Rubro
378 1374 445 1403 mari
455 1375 468 1402 ,³
484 1374 518 1402 Et
532 1374 582 1402 hoe
597 1373 750 1402 declarabat
765 1372 846 1400 fuisse
860 1382 971 1410 aquam,

231 1433 279 1461 per
292 1432 335 1450 eos
345 1421 391 1460 qui
404 1420 557 1449 ecciderunt
569 1426 593 1448 et
606 1419 632 1447 in
645 1430 674 1448 ea
685 1419 792 1447 suerunt
803 1417 934 1453 suffocati,
947 1424 972 1446 et

231 1479 283 1496 non
300 1468 380 1496 fuisse
392 1467 520 1496 visionem
530 1488 539 1503 ,
550 1464 597 1493 scd
613 1464 760 1494 veritatem.
772 1463 827 1492 Sed
842 1463 911 1492 sicut
925 1463 972 1501 qui

230 1516 337 1543 fuerunt
352 1513 483 1542 consumti
500 1524 514 1541 a
534 1511 671 1545 leonibus,
687 1509 860 1540 ostendebant
881 1519 971 1538 rerum

229 1560 369 1588 veritatem
379 1581 387 1597 ,
399 1565 425 1587 ct
439 1558 486 1596 qui
501 1556 634 1586 combusti
648 1556 757 1584 suerunt
769 1555 796 1583 in
809 1555 924 1591 fornace,
936 1554 973 1582 ita

231 1616 301 1634 nunc
315 1615 420 1643 quoque
440 1603 514 1633 vides
529 1613 569 1631 res
585 1601 691 1630 easdem
711 1601 752 1629 his
767 1600 878 1639 quidem
891 1601 972 1629 fuisse

231 1652 308 1681 saluti
319 1659 343 1680 ct
355 1651 455 1689 gloria‘,
467 1650 521 1678 illis
535 1656 622 1677 autem
635 1648 727 1676 exiti0.
739 1648 858 1675 Tantum
870 1647 971 1675 bonum

263 1754 271 1763 ³
291 1744 436 1778 [Sus-rplecta
447 1742 611 1767 declinabant
625 1740 770 1773 Mittimus]

1035 454 1207 493 τορθούμενον
1223 455 1291 493 μέγα
1304 467 1310 472 ·
1325 455 1354 483 τὸ
1377 455 1424 493 μὲν
1447 455 1497 495 γὰρ
1520 456 1657 495 γενόμενον
1673 459 1755 494 αἱμα,
1777 457 1807 486 τὸ

1036 499 1062 528 δὲ
1077 500 1283 539 κατορθούμενον
1297 501 1416 540 σωτηρία
1431 502 1475 530 καὶ
1491 501 1616 541 ἔμφραξις
1630 502 1675 530 καὶ
1694 501 1806 540 κώλυμα

1036 546 1178 579 ἀπωλείας.
1194 546 1331 586 Ἐφοὸήθη
1348 547 1377 575 τὸ
1397 543 1463 585 αἷμα
1487 550 1500 576 ὁ
1521 548 1644 586 ἅγγελος·
1672 548 1730 588 ᾔδει
1754 548 1805 587 γὰρ

1035 591 1102 624 τίνος
1116 588 1147 627 ἦν
1162 592 1256 625 τύπος“
1272 592 1371 632 ἔφριξε,
1386 593 1430 622 τὸν
1451 593 1604 622 δεσποτικὸν
1627 593 1737 623 θάνατον
1762 595 1804 622 ἐν-

1034 638 1130 673 νοήσας
1140 650 1145 655 ·
1161 638 1205 667 διὰ
1216 642 1292 668 τοῦτο
1305 639 1351 666 οὐκ
1371 639 1440 677 ἔθιγε
1454 641 1506 668 τῶν
1522 641 1613 678 φλιῶν.
1633 635 1702 668 Eine
1716 641 1803 668 Μωϋ-

1035 685 1097 719 σῆς,
1112 684 1236 723 χρίσατε’
1252 684 1297 713 καὶ
1319 683 1439 724 ἔχρισαν,
1456 685 1501 713 καὶ
1526 685 1672 724 ἐθάῤῥησαν
1690 685 1803 725 χρίσαν-

1033 741 1084 761 τες.
1100 729 1193 767 ‘HJ-sig
1207 729 1234 758 δὲ
1252 731 1330 759 αὐτοῦ
1343 733 1388 758 τοῦ
1409 732 1492 768 ἀμνοῦ
1507 731 1610 770 ἔχοντες
1631 731 1662 760 τὸ
1679 727 1760 769 αἷμα,
1774 732 1803 760 οὐ

1035 777 1170 814 θαρσεῖτε,
1184 777 1279 806 Πίστει
1291 776 1416 812 διέέησαν
1427 776 1475 812 τὴν
1486 777 1594 816 ἐρυθρὰν
1610 777 1754 809 θάλασσαν,
1768 779 1803 809 ὡς

990 845 1025 863 2³5
1035 820 1077 849 διὰ
1097 822 1176 861 ξηρᾶς
1199 824 1256 859 γῆς.
1270 823 1357 851 Πάλιν
1383 823 1445 851 λαὸν
1469 822 1612 862 ὁλόκληρον
1635 822 1802 863 παραὲἄλλει

999 873 1017 894 Λ
1034 868 1105 907 λαῷ,
1120 868 1162 897 ἵνα
1186 868 1222 906 μὴ
1246 868 1368 907 λέγωσιν,
1390 868 1431 898 ὅτι
1450 870 1479 898 οὐ
1500 869 1631 907 δυνάμεθα
1649 868 1718 897 κατὰ
1744 868 1803 901 τοὺς

1034 914 1123 952 ἁγίους
1138 914 1269 953 γενέσθαι.
1282 914 1390 950 Πίστει,
1403 914 1482 953 φησὶ,
1498 914 1621 949 διέὸησαν
1633 914 1681 950 τὴν
1694 914 1803 954 ἐρυθρὰν

1033 960 1167 989 θάλασσαν
1182 962 1216 993 ὡς
1231 960 1274 989 διὰ
1297 960 1377 1000 ξηρᾶς
1390 962 1452 998 γῆς·
1468 957 1499 995 ἧς
1520 964 1613 999 πεῖραν
1635 960 1761 993 λαὸόντες
1780 962 1803 989 οἱ

1033 1006 1172 1043 Αἰγύπτιοι
1185 1006 1379 1041 κατεπόθησαν.
1390 1006 1521 1035 Ἐνταῦθα
1534 1005 1626 1039 αὐτοὺς
1635 1006 1680 1035 καὶ
1691 1008 1728 1039 εἷς
1738 1006 1802 1034 ὑπό-

1033 1064 1128 1089 μνησιν
1140 1052 1198 1090 ἄγει
1212 1054 1264 1081 τῶν
1285 1052 1451 1090 παθημάτων
1467 1055 1519 1081 τῶν
1539 1053 1565 1081 ἐν
1588 1053 1723 1091 Αἰγύπτῳ.
1739 1054 1802 1086 Πῶς

1031 1098 1132 1133 πίστει;
1145 1098 1209 1127 ‘'O-tt
1220 1098 1336 1133 ἤλπισαν
1353 1098 1395 1126 διὰ
1407 1100 1453 1133 τῆς
1467 1098 1600 1133 θαλάσσης
1615 1098 1802 1135 διαδήσεσθαι,

1031 1143 1075 1171 καὶ
1091 1143 1133 1171 διὰ
1147 1145 1223 1172 τοῦτο
1237 1144 1350 1182 ηὔχοντο
1361 1155 1366 1161 ·
1382 1145 1482 1181 μᾶλλον
1496 1143 1523 1172 δὲ
1538 1145 1656 1178 Μωϋσῆς
1674 1139 1706 1179 ἦν
1725 1145 1739 1172 ὁ
1756 1145 1798 1172 εὐ-

1030 1188 1150 1227 χόμενος.
1162 1189 1244 1228 (Ορᾷς
1258 1188 1298 1218 ὅτι
1308 1191 1445 1228 πανταχοῦ
1459 1192 1476 1224 ἡ
1489 1189 1577 1221 πίστις
1590 1189 1648 1221 τοὺς
1659 1189 1800 1228 λογισμοὺς

1029 1234 1181 1273 ὓπερὸαίνει
1195 1234 1254 1268 τοὺς
1269 1234 1447 1273 ἀνθρωπίνους
1467 1234 1512 1263 καὶ
1527 1234 1574 1269 τὴν
1596 1234 1731 1263 ἀσθένειαν
1753 1235 1799 1263 καὶ

1028 1280 1076 1314 τὴν
1094 1280 1285 1315 ταπεινότητα;
1309 1282 1386 1319 ὁρᾷς,
1399 1281 1463 1317 ὁμοῦ
1478 1280 1522 1307 καὶ
1536 1279 1685 1315 ἐπίστευον,
1695 1280 1740 1308 καὶ
1751 1280 1798 1315 τὴν

1028 1325 1135 1354 κόλασιν
1150 1325 1334 1354 ῧέδεδοίκεσαν
1359 1324 1385 1353 ἔν
1409 1336 1436 1352 τε
1452 1326 1489 1363 τῷ
1517 1324 1609 1363 αἵματι
1627 1326 1680 1353 τῶν
1703 1327 1798 1364 θυρῶν,

991 1385 1007 1407 13
1026 1371 1051 1400 ἔν
1064 1384 1091 1400 τε
1102 1373 1134 1409 τῇ
1148 1372 1244 1411 ἐρυθρᾷ
1254 1371 1389 1409 Gothi-:¹1:713
1404 1370 1456 1398 Καὶ
1469 1373 1546 1400 τοῦτο
1559 1370 1662 1407 ἐδήλου,
1674 1370 1714 1400 ὅτι
1728 1371 1798 1411 ὕδωρ

1024 1413 1066 1452 ἧν,
1087 1417 1129 1445 διὰ
1150 1419 1201 1445 τῶν
1220 1416 1388 1455 ἐμπεσόντων
1410 1415 1455 1444 καὶ
1474 1416 1683 1455 ἀποπνιγέντων,
1696 1417 1742 1446 καὶ
1757 1417 1798 1446 ὅτι

1024 1463 1072 1492 οὔκ
1087 1458 1119 1497 ἦν
1134 1462 1279 1502 φαντασία,
1294 1464 1352 1491 ἀλλ’
1369 1462 1488 1497 ἀλήθεια.
1503 1461 1610 1502 εὨσπερ
1628 1462 1655 1491 δὲ
1677 1463 1721 1492 ἐπὶ
1744 1464 1796 1492 τῶν

1025 1509 1138 1538 λεόντων
1158 1510 1181 1537 οἱ
1199 1508 1375 1540 ἀναλωθέντες
1401 1508 1529 1536 ἐδείκνυον
1554 1510 1606 1536 τῶν
1629 1508 1794 1547 πραγμάτων

1027 1554 1074 1590 τὴν
1089 1555 1225 1592 ἀλήθειαν,
1242 1554 1287 1583 καὶ
1302 1554 1345 1582 ἐπὶ
1359 1556 1407 1589 τῆς
1424 1553 1535 1592 καμίνου
1550 1555 1574 1583 οἳ
1593 1553 1713 1586 καέντες·
1728 1554 1797 1583 οὕτω

1028 1600 1072 1629 καὶ
1091 1604 1135 1629 νῦν
1159 1601 1221 1639 δρᾷς
1242 1599 1276 1628 τὰ
1293 1599 1358 1628 αὐτὰ
1374 1599 1519 1638 πράγματα
1533 1604 1586 1632 τοῖς
1599 1598 1647 1637 μὲν
1661 1600 1726 1638 πρὸς
1740 1612 1795 1629 σω-

1028 1646 1120 1685 τηρίας
1135 1646 1179 1675 καὶ
1194 1645 1398 1684 εὖδοκιμήσεως,
1413 1649 1466 1678 τοῖς
1483 1645 1510 1674 δὲ
1525 1644 1588 1684 πρὸς
1603 1645 1737 1679 ἀπωλείας
1758 1658 1796 1685 γι-

649 1846 825 1875 MUTIANO
847 1844 1104 1874 SCHOLASTICO
1126 1844 1161 1872 IN
1167 1842 1378 1872 TERPRETE.

229 1962 260 1979 ex
280 1950 396 1988 AEgypto
411 1947 481 1976 enim
496 1946 591 1975 eduxit
605 1956 652 1974 nos
669 1946 752 1982 Deus,
767 1945 817 1973 hoc
831 1951 884 1980 est,
898 1954 931 1972 ex
946 1943 1060 1972 tenebris
1075 1949 1099 1971 et
1113 1942 1274 1971 idololatria.
1291 1941 1423 1976 Quamvis·
1437 1940 1509 1980 quod
1526 1940 1615 1976 fiebat,
1630 1941 1698 1969 nihil
1712 1948 1791 1977 esset,

229 1996 274 2025 sed
288 1995 360 2034 quod.
374 2005 422 2034 per
436 1992 507 2021 illud.
521 1992 726 2032 perficiebatur,
741 2001 870 2030 magnum
883 1997 938 2019 erat
955 2002 960 2017 :
974 1989 1046 2028 quod
1067 1989 1139 2018 enim
1151 1988 1245 2024 fiebat,
1259 1987 1397 2026 sanguinis
1419 1994 1475 2016 erat
1495 1987 1604 2025 effusio,
1619 1987 1691 2026 quod
1706 1994 1795 2016 autem

230 2042 427 2084 perficiebatur,
441 2040 522 2074 saIuS,
533 2047 558 2068 et
575 2039 712 2068 conclusio
724 2046 749 2068 ct
762 2038 909 2078 prohibitio
921 2037 1087 2077 perditionis.
1099 2036 1205 2066 Timuit
1216 2036 1295 2064 illum
1308 2035 1464 2074 sanguinem
1479 2035 1589 2074 angelus
1596 2046 1605 2071 ;
1617 2034 1794 2063 sciebatenim

230 2092 307 2130 cujus
325 2095 380 2117 erat
395 2094 494 2127 typus;
511 2085 641 2125 diriguit,
655 2086 827 2115 Dominicam
845 2092 959 2114 mortem
980 2084 1148 2123 intelligens:
1161 2089 1300 2123 propterca
1317 2092 1367 2110 non
1383 2081 1471 2119 tetigit
1487 2087 1585 2120 postes.
1600 2080 1678 2108 Dixit
1693 2081 1792 2118 Moses,

230 2137 347 2176 Ungite3
360 2142 386 2164 et
397 2140 543 2171 unxerunt,
559 2140 584 2162 et
600 2133 710 2162 confessi
722 2140 793 2162 sunt.
807 2134 865 2163 Vos
881 2139 970 2161 autem
984 2131 1069 2171 ipsius
1082 2131 1145 2170 agni
1157 2130 1283 2159 habentes
1299 2128 1467 2167 sanguinem,
1483 2138 1535 2156 non
1550 2127 1686 2156 confiditis
1696 2127 1795 2156 ?Fide

231 2187 409 2214 transierunt
423 2191 503 2210 mare
512 2182 652 2217 Rubrum,
663 2183 737 2209 sicut
749 2191 802 2220 per
814 2181 929 2209 aridam
944 2186 1062 2209 terram.
1072 2180 1172 2207 Iterum
1181 2177 1312 2217 populum
1325 2176 1470 2215 perfectum
1484 2181 1620 2214 comparat
1632 2174 1704 2214 plebi
1715 2174 1795 2203 unius

231 2233 295 2266 loci,
312 2242 344 2260 ne
359 2231 450 2260 dicant
460 2228 524 2267 quia
538 2238 590 2256 non
610 2238 752 2267 possumus
770 2227 916 2257 secundum
930 2226 1003 2266 quod
1017 2227 1060 2255 isti
1072 2231 1226 2266 potuerunt.
1237 2224 1321 2261 Fide,
1336 2223 1439 2261 inquit,
1452 2226 1630 2251 transierunt
1643 2232 1696 2261 per
1714 2232 1794 2251 mare

237 2282 361 2309 Rubrum
370 2301 377 2315 ,
388 2280 461 2307 sicut
472 2286 523 2315 per
534 2276 650 2304 aridam
663 2282 769 2304 terram
781 2287 789 2303 .-
802 2275 880 2315 quod
891 2276 1002 2315 experti
1010 2275 1146 2314 AEgyptii
1159 2273 1288 2310 absorpti
1299 2277 1376 2299 sunt.
1388 2271 1419 2298 ln
1431 2269 1547 2298 hocloco
1556 2268 1589 2297 ad
1599 2268 1793 2298 recordationes

232 2338 276 2356 cos
290 2325 401 2355 adducit
416 2323 580 2364 passionum,
593 2333 659 2361 quas
674 2322 700 2351 in
716 2322 835 2362 AEgypto
846 2323 917 2361 passi
928 2329 997 2351 sunt.
1011 2320 1154 2358 Quomodo
1167 2320 1239 2348 hoc?
1253 2318 1323 2354 Quia
1339 2317 1393 2346 fide
1406 2317 1547 2356 sperabant
1561 2326 1609 2356 per
1621 2326 1694 2345 mare
1708 2323 1794 2345 trans-

234 2376 287 2411 i1·e;
303 2380 410 2414 propter
427 2372 478 2401 hoc
496 2371 625 2400 orabant:
638 2370 723 2409 magis
738 2377 827 2399 autem
842 2372 930 2399 Moses
950 2377 1005 2398 erat
1028 2369 1073 2408 qui
1091 2368 1192 2397 orabat.
1217 2365 1413 2405 Contemplaris
1437 2364 1499 2402 qnia
1517 2364 1618 2402 ubique
1631 2363 1698 2392 fides
1711 2364 1793 2392 ratio-

233 2422 376 2451 cinationes
390 2420 522 2448 humanas
536 2417 650 2453 excedit,
662 2423 687 2445 et
699 2416 883 2446 infirmitatem
902 2424 982 2455 atque
995 2416 1176 2445 humilitatem
1191 2414 1332 2444 hominum
1347 2412 1473 2452 superat?
1485 2411 1599 2440 Intueris
1612 2411 1739 2450 quiajam
1752 2410 1792 2439 si-

233 2469 289 2497 mul
304 2475 333 2496 ut
347 2466 499 2498 eredebant,
509 2464 589 2493 etiam
606 2463 738 2503 supplicia
757 2462 937 2501 declinabant,
954 2474 1025 2492 nunc.
1039 2463 1149 2501 quidem
1164 2462 1190 2490 in
1205 2461 1333 2499 sanguine
1347 2459 1463 2499 postium
1473 2482 1481 2494 ‚
1496 2468 1567 2486 nunc
1579 2465 1667 2486 autem
1681 2457 1710 2485 in
1723 2457 1792 2486 mari

234 2515 349 2544 Rubro?
362 2514 395 2542 Et
406 2513 457 2542 hoc
475 2510 659 2541 manifestabat
674 2521 770 2549 aquam
787 2521 852 2547 esse,
866 2512 929 2548 quia
945 2511 985 2539 illi
1001 2510 1136 2540 venientes
1149 2508 1266 2548 absorpti
1279 2513 1339 2536 sunt
1353 2517 1358 2533 z
1371 2516 1404 2534 ex
1426 2505 1476 2534 hoc
1496 2503 1642 2544 apparebat
1664 2513 1715 2532 non
1736 2514 1791 2533 esse

234 2562 409 2600 phantasiam,
427 2560 471 2589 sed
488 2561 555 2589 sicut
573 2559 599 2588 in
617 2558 741 2588 leonibus
759 2558 822 2595 illis,
834 2558 880 2597 qui
893 2558 927 2587 ali
941 2558 978 2587 cis
989 2557 1111 2588 devorati
1130 2564 1205 2593 sunt,
1217 2555 1390 2585 ostendebant
1402 2553 1541 2583 veritatem
1556 2562 1663 2589 rerum,
1676 2559 1702 2580 et
1721 2551 1789 2581 sieut

232 2609 258 2638 in
272 2608 384 2646 camum,
400 2609 447 2648 qui
462 2607 558 2636 incensi
575 2614 635 2636 sunt
646 2619 650 2634 z
663 2607 699 2636 sic
713 2607 791 2636 etiam
808 2617 877 2636 nunc
893 2605 1001 2646 inspIcis
1013 2605 1118 2634 easdem
1131 2615 1170 2633 res
1184 2603 1242 2632 aliis
1257 2601 1364 2641 quidem
1381 2600 1414 2630 ad
1429 2601 1541 2629 salutem
1555 2606 1579 2628 et
1593 2599 1717 2638 gratiam,
1727 2599 1787 2629 aliis
