1906 2846
72 514 158 535 Dim3.
173 518 208 540 29*

72 1021 120 1042 102
137 1027 174 1049 27.
188 1018 211 1045 ὁ,

78 1390 162 1414 Eae-771.
181 1387 220 1411 28.

222 204 290 246 '334ss
561 212 589 232 s.

69 287 198 314 humil-ao
221 286 334 313 cumque
348 274 503 309 fecerimus,
520 270 588 299 servi
604 270 710 297 inutiles
728 278 829 296 sumus.
844 268 884 295 lta
897 273 957 295 ante

222 322 331 361 longum
343 328 445 358 tempus
458 316 579 355 implevit
589 314 773 353 evangelicum
787 319 957 352 praeceptum,

222 375 246 396 ct
270 378 296 395 sc
327 365 393 394 nihil
411 362 590 392 existimabat.
606 362 698 396 Deus,
726 358 874 397 inquiebat,
904 360 959 387 mei

223 420 263 441 ese
279 411 452 440 recordalus.
469 410 571 437 Rursus
595 408 653 446 ejus
675 406 758 435 oratio
778 404 840 433 vide
861 412 960 443 quanta

224 459 299 497 plena
315 458 347 485 sit
364 454 538 484 humilitate?
553 453 598 483 Sic
612 460 637 482 et
651 460 703 481 tres
720 451 798 491 pueri
815 450 941 480 dicebant
954 462 960 478 ε

619 208 758 232 ,ΙΟᾹΝΝΙΞ
784 205 964 230 CHRYSOST.

995 205 1136 228 ARCfflEP
1142 220 1150 228 .
1179 203 1434 228 CONSTANTtNOP
1440 217 1448 225 .

1012 268 1075 301 ὅσης
1095 264 1333 304 ταπεινοφροσύνης
1354 263 1440 302 γέμει.
1466 263 1475 274 ”
1493 262 1572 291 Οὕτω
1595 263 1639 291 καὶ
1663 265 1687 292 οἵ
1709 267 1779 302 τρεῖς

1013 312 1105 343 παῖδες
1129 310 1218 348 ἔλεγον
1228 321 1233 327 ·
1246 309 1430 348 ἹῙμοίρτομεν,
1443 307 1613 345 ἦνομήσαμεν
1625 320 1631 326 ·
1645 308 1690 336 καὶ
1711 321 1778 337 παν-

1014 359 1096 395 ταχοῦ
1115 356 1145 385 τὸ
1169 355 1291 384 ταπεινὸν
1321 356 1421 382 ἑαυτῶν
1449 352 1603 381 δεικνύουσι.
1631 352 1725 381 Καίτοι
1750 364 1780 390 γε

1016 397 1086 440 εἶχεν
1098 403 1111 430 ὁ
1126 400 1228 435 Δανιὴλ
1243 399 1336 438 μυρίας
1351 398 1472 438 ἀφορμὰς
1486 400 1530 426 τοῧ
1544 397 1711 436 ἐπαίρεσθαι,
1722 398 1779 425 ἀλλ’

1017 447 1075 485 ᾔδει
1089 447 1128 475 ὅτι
1143 446 1188 475 καὶ
1201 448 1285 474 ταῦτα
1305 446 1376 483 αὐτῷ
1391 446 1509 483 ὑπῆρχεν
1528 444 1636 472 ἀπὸτοῦ
1653 443 1689 481 μὴ
1703 441 1783 471 ἐπαί-

223 506 427 536 Peccavimus,
447 504 547 540 inique
569 502 678 539 egimus
697 512 706 532 ;
721 506 747 528 et
765 499 865 537 ubique
886 509 960 527 suam
972 516 1007 535 243
1021 495 1122 531 ρεσΟαι,
1135 491 1180 520 καὶ
1196 492 1225 520 οὗ
1241 490 1369 530 διέφθειρε
1379 491 1423 518 τὸν
1438 490 1576 528 θησαυρόν.
1588 489 1667 527 Παρὰ
1680 488 1782 519 πάντας

223 550 364 579 ostendunt
378 548 569 578 humilitatem.
582 546 664 584 Atqui
679 545 775 575 Daniel
788 544 905 573 habebat
920 544 961 573 in·
981 547 999 565 Α
1016 538 1067 577 γὰρ
1089 537 1239 577 ἀνθρώπους
1252 540 1262 552 ³
1274 536 1318 565 καὶ
1333 538 1359 565 ἐν
1381 537 1415 573 τῇ
1433 536 1571 573 οἰκουμένῃ
1586 535 1660 573 πάσῃ
1675 536 1720 563 οὐκ
1741 533 1784 562 ἐπὶ

223 596 400 625 numerabiles
419 594 460 623 sui
483 591 628 622 extollendi
646 592 796 621 occasiones
808 613 816 628 ,
834 590 879 619 sed
898 590 962 619 scie-

222 642 268 670 bat
287 641 359 679 quod
377 640 433 668 hacc
446 638 533 667 omnia
551 637 574 666 ei
590 636 700 665 aderant
718 647 748 665 co
763 636 835 675 quod
850 646 901 664 non
915 646 963 664 ex-

223 687 379 720 tolleretur,
401 696 447 714 nec
468 684 623 712 thesaurum
647 682 775 722 corrupit.
796 682 865 710 Nam
890 681 962 721 apud

224 743 314 762 omnes
329 732 447 760 homines
461 736 486 758 et
501 730 527 758 in
543 729 668 758 universo
685 728 748 757 orbe
764 735 894 756 terrarum
910 737 960 756 non

224 785 333 818 propter
342 778 398 806 hene
414 776 499 805 solum
513 775 720 810 decantabatur,
731 773 804 813 quod
817 784 865 802 rex
877 773 904 802 in
917 774 962 802 fa-

224 825 291 853 eiem
302 822 446 863 prociderit
455 828 481 850 et
493 821 516 850 ei
527 821 664 858 libaverit,
676 820 722 849 sed
733 819 805 858 quod
813 819 894 848 deum
902 830 963 848 eum

223 869 417 900 existimaverit
438 868 470 902 is,
486 868 530 906 qui
552 867 652 905 ubique
672 873 805 895 terrarum
827 872 962 904 tamquam

223 915 290 944 deus
303 914 484 943 honorabatur
497 925 503 940 ε
518 913 568 942 toti
582 913 651 941 enim
666 911 814 951 imperabat
828 922 834 939 ε
846 911 875 940 id
892 910 966 949 quod

224 968 262 990 est
276 960 447 1000 perspicuum
462 969 496 987 ex
509 958 624 989 Jercmia
637 969 643 985 z
662 958 718 995 Qui
732 963 850 993 terram,
866 956 964 995 inquit,

225 1007 319 1035 induit
335 1012 486 1044 tamquam
500 1006 705 1033 vestimentum
718 1015 730 1037 ;
745 1009 770 1031 et
787 1013 889 1038 rursus,
902 1004 966 1042 Ego

226 1063 288 1082 eam
301 1052 368 1080 dedi
378 1051 650 1080 Nabuchodonosor
664 1059 746 1077 servo
758 1057 829 1077 met).
838 1048 873 1076 Et
887 1058 921 1076 ex
933 1048 967 1077 iis

225 1108 284 1137 quae
304 1097 397 1126 scribit
415 1096 467 1124 hoc
489 1105 582 1124 rursus
603 1093 788 1132 liquet,quod
809 1104 861 1122 non
879 1094 967 1122 solum

225 1144 282 1172 illic
296 1142 343 1171 ubi
357 1149 423 1179 erat,
435 1140 612 1169 admiratione
625 1139 816 1176 extollebatur,
829 1138 874 1167 sed
887 1139 967 1168 etiam

226 1188 344 1226 ubique,
358 1194 383 1215 et
407 1186 492 1225 major
509 1185 659 1214 habebatur
680 1195 762 1223 quam
785 1184 808 1213 si
826 1191 968 1223 praesentes

227 1245 289 1264 eum
308 1233 436 1263 vidissent
455 1231 564 1269 reliquae
581 1237 681 1270 gentes,
697 1229 803 1269 quando
816 1230 895 1258 etiam
910 1230 968 1259 lite-

228 1281 265 1309 ris
284 1279 439 1309 servitutem
462 1278 594 1306 consessus
615 1283 653 1305 est
673 1283 698 1305 et
720 1276 889 1305 miraculum.
916 1276 970 1306 Sed

230 1334 323 1354 rursus
342 1323 493 1352 habebatur
508 1322 535 1350 in
550 1321 727 1350 admiratione
741 1327 849 1360 propter
863 1321 971 1360 sapien-

232 1370 306 1399 tiam.
326 1370 406 1398 Num
427 1375 459 1397 tu
476 1378 516 1404 es,
535 1367 635 1406 inquit,
652 1370 810 1406 sapientior
826 1367 974 1395 Daniele?

232 1417 268 1445 Et
289 1422 348 1454 post
366 1414 422 1442 haec
438 1413 526 1443 omnia
542 1412 608 1441 adeo
625 1419 680 1441 erat
696 1412 819 1449 humilis,
835 1419 863 1440 ut
877 1411 973 1440 millies

232 1468 341 1502 propter
355 1461 500 1490 Dominum
516 1466 582 1488 esset
596 1459 750 1488 moriturus.

274 1508 299 1536 5.
317 1507 372 1535 Cur
386 1517 458 1545 ergo,
476 1516 538 1534 cum
557 1512 624 1534 esset
642 1504 708 1533 adeo
729 1504 852 1540 humilis,
865 1514 917 1533 non
933 1514 974 1533 re—

233 1553 302 1593 pulit
317 1563 404 1591 neque
416 1552 485 1591 regis
505 1551 698 1588 adorationem,
713 1560 799 1588 neque
818 1550 949 1579 libamina
961 1551 975 1579 ἶ)

270 1634 280 1645 ”
299 1631 400 1665 [Verba
412 1640 497 1664 preces
517 1631 670 1655 continentia
690 1628 811 1653 excidisse
830 1635 902 1661 putat
913 1630 990 1659 Dun.,

235 1678 258 1696 et
275 1670 412 1703 supplenda
425 1678 454 1694 ex
465 1671 529 1694 Dan.
542 1670 565 1693 9.
578 1669 613 1700 5.]

271 1717 280 1727 ·
289 1710 330 1734 Sic
340 1709 411 1734 Colb.
420 1714 494 1732 recte.
507 1708 634 1738 Inter-pres
645 1707 702 1731 Lat.
712 1714 769 1730 cum
777 1705 850 1730 Colb.
858 1707 993 1732 consentit.

1016 583 1115 616 τούτοις
1129 583 1206 622 ᾔδετο
1221 582 1309 620 μόνον,
1324 581 1364 610 ὅτι
1380 581 1457 620 ῥίψας
1476 580 1566 609 ἑαυτὸν
1589 582 1625 612 εἷς
1644 580 1784 619 πρόσωπον

1017 632 1030 659 ὃ
1046 629 1168 668 βασιλεὺς
1180 628 1300 657 ἔσπεισεν
1315 629 1400 666 αὐτῷ,
1412 628 1470 656 ἀλλ’
1484 626 1525 656 ὅτι
1539 626 1583 655 καί
1596 627 1651 655 θεὸν
1667 626 1784 664 ἐνόμισεν

1018 675 1094 704 αὐτὸν
1111 677 1125 703 ὃ
1141 675 1279 713 πανταχοῦ
1293 674 1341 707 τ’ἥς
1354 674 1403 711 γῆς
1422 675 1458 704 ὡς
1478 672 1533 704 Θεὸς
1555 671 1717 709 τιμώμενος·
1731 670 1786 698 πά-

1018 733 1065 755 σης
1078 720 1130 759 γὰρ
1144 720 1220 753 αὐτὸς
1234 719 1353 758 ἐκράτει·
1366 718 1411 747 καὶ
1425 718 1502 752 δῆλον
1518 717 1570 746 ἀπὸ
1583 719 1628 745 τοῦ
1643 715 1785 755 Ἱερεμίου·

1017 767 1051 796 Ὁ
1073 765 1285 803 ἀναὸαλλόμενος
1299 764 1365 804 γὰρ,
1379 763 1461 802 φησὶ,
1478 763 1526 798 τὴν
1542 765 1601 801 γῆν,
1616 764 1652 795 ὡς
1664 761 1769 800 ἱμάτιον
1780 772 1786 778 ·

1018 813 1062 841 καὶ
1085 811 1175 847 πάλιν,
1193 810 1265 849 Ἐγὼ
1288 810 1373 839 ἔδωκα
1394 809 1474 844 αὐτὴν
1495 807 1729 847 Ναὸουχοδονόσορ
1748 808 1787 846 τῷ

1019 858 1103 896 δούλῳ
1120 867 1176 895 μου.
1191 856 1243 886 Καὶ
1259 855 1284 889 ἐξ
1301 851 1336 884 ὧν
1351 854 1500 883 ἐπιστέλλει
1516 855 1593 888 δῆλον
1607 856 1684 882 τοῦτο
1698 853 1788 886 πάλιν,

1020 903 1059 931 ὅτι
1080 904 1126 931 οὐκ
1148 904 1201 931 ἐκεῖ
1224 901 1300 940 μόνον
1318 900 1493 937 ἐθαυμάζετο,
1514 899 1575 928 ἔνθα
1593 895 1636 934 ἦν,
1657 898 1724 927 ἀλλὰ
1745 897 1790 926 καὶ

1021 950 1159 987 πανταχοῦ
1171 969 1178 983 ‚
1194 947 1239 976 καὶ
1260 946 1355 985 μείζων
1374 942 1405 981 ἦν
1422 945 1578 983 ἅκουόμενος
1596 943 1613 979 ἢ
1636 945 1658 973 εἷ
1672 943 1790 983 παρόντα

1022 990 1088 1023 εἶδον
1109 993 1185 1022 αὐτὸν
1202 992 1236 1022 τὰ
1251 992 1332 1021 λοιπὰ
1347 992 1422 1027 ἔθνη,
1434 990 1512 1020 ὁπότε
1534 990 1580 1019 καὶ
1600 989 1645 1018 διὰ
1660 988 1791 1029 γραμμά-

1021 1052 1073 1068 των
1098 1039 1253 1077 ὡμολόγησε
1278 1037 1326 1072 τὴν
1352 1036 1469 1066 δουλείαν
1491 1036 1537 1064 καὶ
1559 1036 1588 1065 τὸ
1608 1037 1707 1072 θαῦμα.
1720 1033 1792 1062 Ἀλλ’

1022 1086 1092 1123 ὅμως
1107 1084 1152 1113 καὶ
1175 1084 1219 1112 ἐπὶ
1234 1084 1313 1122 σοφίᾳ
1327 1083 1406 1112 πάλιν
1422 1082 1596 1120 ἐθαυμάζετο·
1612 1080 1658 1115 Μὴ
1673 1079 1791 1118 σοφώτε-

1025 1142 1066 1169 ρος
1084 1129 1134 1168 γὰρ
1154 1125 1190 1166 εἷ,
1206 1128 1285 1168 φησὶ,
1300 1128 1330 1157 σὺ
1350 1130 1395 1157 τοῦ
1419 1127 1534 1163 Δανιήλ;
1549 1126 1601 1155 Καὶ
1624 1125 1689 1164 μετὰ
1707 1127 1791 1153 ταῦτα

1023 1175 1110 1204 πάντα
1125 1174 1205 1207 οὕτως
1221 1170 1254 1208 ἦν
1275 1173 1409 1209 ταπεινὸς,
1423 1175 1458 1204 ὡς
1480 1171 1602 1211 μυριάκις
1621 1171 1663 1199 διὰ
1684 1171 1727 1199 τὸν
1742 1171 1791 1198 Δε-

1025 1221 1124 1256 σπότην
1141 1221 1289 1249 ἀποθανεῖν.

1068 1505 1105 1535 Τι’
1118 1504 1209 1540 δήποτ’
1224 1499 1266 1533 οἶν
1281 1503 1350 1532 οὕτω
1371 1503 1493 1535 ταπεινὸς
1506 1503 1552 1539 ὢν,
1578 1505 1607 1532 οὗ
1626 1502 1794 1543 διεκρούσατο

1029 1551 1088 1580 οὔτε
1102 1550 1150 1586 τὴν
1168 1549 1346 1590 προσκύνησιν
1361 1549 1408 1584 τὴν
1423 1548 1496 1588 παρὰ
1511 1551 1556 1577 τοῦ
1577 1548 1722 1587 βασιλέως,
1736 1547 1795 1577 οὔτε

1041 1629 1218 1662 [Consentiunt
1224 1629 1299 1653 etiam
1308 1628 1441 1653 Comm.A.
1450 1628 1478 1652 B.
1486 1627 1517 1651 In
1526 1625 1602 1652 savil.
1610 1625 1796 1651 redundatver-

1043 1668 1104 1692 hum
1115 1670 1181 1701 ᾔδετο
1199 1673 1256 1699 post
1267 1671 1398 1701 ἀνθρώπους
1407 1664 1532 1690 additum.
1546 1663 1622 1696 Quod
1633 1665 1653 1689 si
1665 1663 1795 1695 retinetur,

1043 1706 1090 1738 leg.
1107 1705 1139 1730 de
1159 1704 1282 1730 sententia
1295 1705 1413 1731 Dunaei...
1426 1708 1462 1730 ἐπὶ
1474 1706 1560 1733 τοὺτοις
1572 1706 1595 1729 δὲ
1613 1703 1662 1737 ῄ’δ.]

655 1789 830 1818 MUTIANO
852 1790 1107 1819 SCHOLASTICO
1128 1788 1381 1818 INTERPRETE.

239 1872 295 1911 quit
308 1884 313 1900 :
324 1871 546 1907 Quantacumque
559 1868 659 1908 operati
675 1868 816 1903 fuerimus,
828 1868 937 1897 inutiles
949 1868 1020 1897 servi
1036 1879 1138 1897 sumus.
1148 1868 1192 1897 Sic
1207 1868 1253 1896 ille
1267 1866 1422 1896 antecedens
1435 1866 1620 1906 evangelicum
1633 1873 1798 1906 praeceptum

240 1916 378 1957 implebat,
389 1922 413 1944 et
432 1914 501 1943 nihil
516 1914 635 1953 seipsum
651 1913 802 1953 judicabat.
818 1914 998 1943 Recordatus
1017 1921 1071 1949 est,
1088 1914 1188 1952 inquit,
1201 1915 1257 1943 mei
1267 1914 1357 1943 Deus.
1374 1912 1424 1942 Sed
1447 1913 1532 1942 oratio
1551 1913 1608 1952 ejus
1627 1919 1727 1951 quanta
1747 1912 1799 1941 hu-

241 1964 354 1993 militate
375 1962 453 2002 plena
468 1961 531 1990 est?
546 1961 581 1989 Et
598 1961 694 1989 iterum
713 1967 764 1989 tres
789 1960 866 2000 pueri
882 1961 920 1989 sic
942 1960 1067 1990 dicebant
1084 1972 1090 1988 :
1108 1962 1320 1997 Peccavimus,
1336 1962 1522 2000 iniquitatem
1535 1960 1670 1998 fecimus.
1683 1959 1720 1988 Et
1734 1958 1800 1987 ubi-

243 2021 292 2048 que
304 2008 485 2038 humilitatem
495 2017 570 2036 suam
581 2006 768 2036 demonstrant
780 2019 786 2035 ε
803 2017 865 2035 cum
876 2007 987 2036 haberet
995 2007 1094 2036 Daniel
1107 2006 1197 2036 decem
1210 2007 1295 2036 millia
1307 2007 1474 2044 occasiones,
1491 2005 1590 2044 quibus
1604 2005 1631 2033 in
1648 2004 1801 2044 superbiam

241 2057 380 2086 efferretur
395 2067 403 2093 ς
417 2054 465 2084 sed
483 2054 583 2083 sciebat
603 2054 729 2093 quoniam
744 2055 808 2094 ipsa:
823 2065 907 2083 causae
922 2065 971 2094 pro
990 2055 1089 2093 quibus
1110 2061 1199 2094 posset
1221 2054 1327 2089 extolli,
1343 2060 1483 2093 propterea
1498 2053 1539 2081 illi
1553 2059 1645 2087 erant,
1667 2052 1731 2091 quia
1747 2062 1799 2080 non

243 2103 439 2138 extollebatur,
454 2108 480 2130 et
499 2101 561 2139 quia
578 2112 630 2130 non
643 2101 832 2141 corrumpebat
841 2101 997 2130 thesaurum
1013 2113 1103 2130 suum.
1117 2101 1198 2140 Apud
1209 2111 1300 2130 omnes
1314 2101 1385 2130 enim
1396 2100 1526 2137 homines,
1541 2106 1567 2128 et
1584 2099 1611 2128 in
1626 2105 1680 2128 toto
1700 2098 1801 2128 mundo

244 2163 295 2180 non
302 2149 503 2191 jucundabatur
513 2149 554 2188 [f.
567 2149 768 2187 incantabatur]
782 2149 844 2188 quia
857 2150 976 2189 jactabat
991 2149 1109 2189 seipsum
1124 2160 1172 2177 rex
1186 2148 1214 2177 in
1226 2148 1330 2184 faciem,
1340 2155 1366 2176 et
1380 2147 1531 2176 immolavit
1547 2147 1580 2183 ei,
1593 2153 1618 2175 et
1632 2146 1713 2175 deum
1722 2146 1801 2174 illum

244 2208 299 2226 esse
313 2197 434 2236 putabat,
446 2196 492 2234 qui
507 2195 608 2233 ubique
620 2202 750 2224 terrarum
761 2196 831 2224 sieut
843 2195 909 2225 deus
920 2196 1118 2225 honorabatur:
1134 2205 1239 2224 omnem
1254 2194 1325 2223 enim
1337 2201 1433 2222 terram
1448 2194 1504 2233 ipse
1514 2193 1651 2222 obtinebat
1663 2205 1669 2221 ι
1682 2200 1708 2222 et
1722 2193 1804 2222 mani-

245 2245 340 2272 festum
356 2243 408 2272 hoc
427 2249 466 2271 est
487 2252 521 2271 ex
535 2242 650 2272 Jeremia
665 2254 670 2269 :
688 2243 874 2281 Complicans
885 2265 893 2280 ,
907 2243 1004 2282 inquit,
1023 2249 1131 2272 terram
1149 2245 1224 2271 sicut
1240 2243 1447 2270 vestimentum
1459 2252 1471 2277 ,-
1488 2247 1513 2269 et
1535 2240 1644 2278 iterum,
1659 2241 1723 2280 Ego
1737 2241 1805 2269 dedi

246 2302 310 2320 eam
330 2290 601 2319 Nabuchodonosor
617 2299 700 2317 servo
716 2300 788 2318 meo.
802 2289 839 2318 Et
860 2300 894 2318 ex
919 2290 961 2318 his
978 2301 1037 2328 quae
1059 2289 1184 2318 omnibus
1204 2288 1352 2324 scribebat,
1363 2287 1415 2316 hoc
1429 2287 1615 2327 approbatur:
1629 2294 1655 2316 et
1674 2287 1738 2326 quia
1752 2297 1805 2316 non

247 2337 284 2366 ibi
304 2337 402 2375 solum,
416 2336 462 2365 ubi
477 2342 544 2374 erat,
561 2335 730 2365 admirabilis
752 2336 912 2374 habebatur,
925 2337 972 2366 sed
989 2337 1107 2375 ubique,
1122 2343 1147 2366 et
1166 2336 1255 2365 adhuc
1275 2335 1391 2375 amplius
1411 2335 1625 2364 existimabatur.
1640 2335 1716 2364 Sicut
1734 2334 1804 2363 enim

247 2391 386 2423 praesentes
407 2383 538 2412 videbant
552 2393 613 2412 eum
632 2389 731 2411 caeterae
755 2390 855 2421 genteS,
871 2384 897 2412 in
918 2391 1022 2412 tantum
1047 2391 1077 2413 ut
1091 2384 1171 2413 etiam
1196 2395 1244 2424 per
1258 2384 1347 2412 literas
1362 2383 1551 2411 confiterentur
1564 2382 1701 2421 propriam
1720 2381 1806 2411 servi-

248 2437 331 2459 tutem
353 2443 359 2459 :
381 2437 406 2459 et
424 2430 496 2469 quod
517 2431 637 2465 mireris,
655 2430 719 2469 quia
742 2431 822 2458 etiam
844 2431 870 2459 in
893 2432 1023 2471 sapientia
1045 2432 1214 2461 admirabilis
1233 2438 1288 2460 erat
1306 2443 1312 2458 :
1330 2432 1390 2460 N2c
1412 2432 1572 2469 sapientior
1593 2440 1639 2466 es,
1655 2428 1758 2467 inquit,
1775 2435 1806 2457 tu

250 2478 388 2506 Daniele.
404 2478 437 2506 Et
450 2485 509 2517 post
529 2478 587 2507 haec
601 2478 690 2508 omnia
706 2485 792 2507 tamen
813 2478 960 2508 admodum
980 2487 1036 2508 erat
1052 2480 1164 2508 humilis
1183 2491 1189 2507 :
1207 2479 1293 2508 decies
1308 2478 1407 2508 millies
1426 2484 1536 2517 propter
1549 2478 1636 2506 Deum
1657 2476 1807 2505 mortifica-

251 2531 292 2551 tus
306 2530 353 2552 est.

289 2570 362 2603 Quid
380 2580 452 2609 ergo,
468 2571 541 2608 quod
558 2583 618 2600 eum
641 2573 676 2601 ita
698 2572 807 2602 humilis
830 2580 906 2608 esset,
924 2584 974 2603 non
995 2573 1133 2612 prohibuit
1156 2584 1238 2612 neque
1252 2573 1358 2602 adorari
1380 2583 1407 2601 se
1423 2583 1438 2601 a
1453 2581 1523 2610 rege,
1535 2581 1621 2609 neque
1643 2569 1808 2599 immolatio<
