1875 2856
258 123 344 159 1070
668 121 847 144 ENCOMtUM
875 121 900 143 S.
928 120 1086 143 (ΗΠ-1601111
1113 119 1392 152 tLLUiutNATORts‚

292 183 426 219 Ascende,
440 181 565 220 magister
584 181 668 216 bone,
685 182 711 210 in
729 181 898 217 Armeniam,
914 180 987 220 apud
1003 191 1048 209 nos
1069 181 1114 219 qni
1129 181 1179 210 visi
1200 191 1292 209 sumus
1307 180 1421 210 secunda
1443 180 1576 220 Babylon.
1594 181 1714 221 Namque
1725 206 1734 218 ,
1752 194 1800 222 pro

252 232 376 266 [klsnace7
394 229 562 258 accendimus
583 228 706 266 foveam,
725 229 752 257 in
768 239 848 266 quam
859 251 866 263 ,
882 229 939 257 loco
954 228 1023 266 ignis
1044 228 1175 263 ardentis,
1191 235 1334 257 venenatos
1349 228 1508 257 immisimus
1524 229 1651 257 dracones
1665 251 1671 264 ‚
1688 241 1801 268 quorum

252 278 326 306 virus
343 276 547 314 exstinguebant
560 297 566 310 ,
584 275 609 303 in
625 276 734 304 modum
748 276 815 304 roris
827 298 834 312 ,
854 276 967 305 virtutes
980 282 1047 305 ture:
1064 276 1132 304 inter
1144 276 1307 304 mortiferam
1322 283 1474 314 serpentum
1486 282 1511 304 et
1525 276 1707 305 basiliscorum
1721 278 1801 306 flam-

252 333 322 351 mam
343 320 480 350 incedebas
494 322 642 359 :spirantes
663 321 750 359 ignem
772 321 898 350 dracones
921 321 1096 350 conculcabas
1112 321 1241 360 pedibus,
1257 328 1335 359 atque
1357 321 1490 349 videbaris
1510 321 1649 349 redivivus
1667 322 1800 357 Ananias,

253 367 358 396 azarias
370 375 395 396 et
408 367 518 401 Misael,
528 366 593 395 dum
609 366 777 395 individuam
791 368 895 396 colebas
906 368 1065 396 Trinitatem
1076 390 1083 401 ,
1095 368 1136 395 cui
1146 377 1196 395 non
1204 367 1385 395 credebamus.
1395 367 1536 395 Credimus
1545 377 1615 395 nunc
1626 374 1652 396 et
1662 367 1804 396 laudamus

251 424 313 442 eum
328 423 389 451 rege
402 412 613 451 Babyloniorum
626 412 889 448 Nabuchodonosor,
899 412 1116 450 quandoquidem
1129 412 1253 441 divinum
1265 413 1291 440 in
1304 412 1391 441 medio
1402 413 1516 441 fornacis
1531 423 1615 441 rorem
1627 412 1801 444 advertimus.

292 460 344 488 Exi
357 461 426 489 foras
437 482 444 495 ,
459 470 535 488 serve
547 460 594 488 Dei
607 460 721 494 excelsi;
739 471 784 499 per
798 467 822 489 tc
834 460 904 488 euim
920 460 1083 489 credidimus
1095 466 1120 488 et
1133 460 1292 488 confitemur
1306 461 1411 488 Patrem
1420 481 1428 494 ‚
1445 459 1546 488 Filium
1560 467 1584 489 et
1596 459 1728 499 Spiritum
1742 470 1803 488 sau-

251 513 324 535 ctum
338 520 343 535 :
359 506 483 545 egredere
494 517 527 534 ex
540 507 617 534 fovea
641 513 684 534 tua
697 529 704 541 ,
718 514 744 534 et
759 506 879 545 glor-ilica
893 506 969 534 illum
981 506 1026 544 qui
1044 506 1238 545 glorificantem
1252 517 1280 534 se
1293 505 1453 544 glorifieavit
1466 529 1473 539 ,
1485 513 1562 544 teque
1583 507 1701 535 maximo
1715 507 1805 536 affecit

252 552 360 581 honore.
377 552 505 580 Divinam
518 559 590 580 tuam
611 553 709 580 extolle
723 563 815 581 vocem
827 574 835 587 ,
852 559 877 581 et
891 552 935 581 dic
948 565 953 580 :
970 554 1056 581 Deum
1068 553 1146 581 colite
1156 574 1163 587 ‚
1177 563 1256 590 quem
1270 562 1318 591 ego
1333 552 1416 581 llbere
1429 552 1594 591 praedicavi3
1611 552 1657 582 ille
1675 559 1713 581 est
1730 563 1804 582 crea—

252 606 293 628 tor
307 599 427 627 omnium
437 621 444 634 ‚
461 599 507 636 qui
523 609 565 626 me
577 610 591 626 a
606 598 737 637 pestiferis
749 598 911 627 draconibus
926 599 1042 627 servavit
1057 598 1226 626 incolumem.

292 646 443 685 Egredere,
460 656 528 674 uox-e
542 645 655 682 Daniel,
672 652 696 674 et
714 649 735 681 <¹
746 649 754 682 )
765 645 851 674 Sadoc
866 646 921 684 regi
937 645 1082 685 Babylonis
1094 667 1102 681 ,
1117 645 1144 673 id
1159 652 1196 673 est
1207 667 1216 683 7
1231 645 1360 673 Armeniae
1373 667 1380 678 ‚
1397 644 1506 673 ostende
1524 651 1549 673 te
1567 645 1612 683 qui
1633 646 1766 684 projectus
1774 655 1805 673 es

252 693 278 721 in
294 693 382 722 lacum
393 715 400 728 ‚
410 703 461 721 nou
477 694 545 721 inter
557 692 623 721 duos
640 693 726 721 leones
737 692 846 731 quidem
856 715 864 729 ,
878 693 922 721 sed
933 716 941 728 ‚
959 692 1029 731 quod
1045 693 1130 730 magis
1144 699 1200 727 est,
1217 692 1285 720 inter
1302 691 1477 720 ferocissimas
1492 692 1603 721 belluas.
1620 693 1715 721 Omnis
1735 692 1806 721 enim

252 740 305 768 sera
320 741 442 778 quamvis
457 747 529 768 artus
544 740 711 778 confringat,
727 741 783 768 lieri
803 747 889 769 tamen
909 747 994 779 potest
1009 747 1036 768 ut
1053 740 1112 777 quis
1126 739 1207 768 semel
1221 739 1366 777 aliquando
1377 739 1482 767 sanitati
1498 739 1670 768 restituatur:
1685 747 1712 768 at
1726 750 1806 768 vene·

251 785 306 813 nati
327 791 350 812 et
371 785 521 823 pestilentes
545 785 671 812 dracones
693 795 744 813 non
768 785 938 823 confringunt
964 795 1060 823 corpus
1075 795 1159 822 neque
1175 785 1319 819 mutilant,
1334 784 1378 813 sed
1391 808 1398 821 ,
1412 785 1495 813 instar
1519 785 1627 814 aciculae
1648 785 1806 824 cujusdam,

253 831 395 870 pungendo
406 853 413 866 ‚
427 837 537 859 mortem
554 831 716 859 invisibilem
729 831 852 860 asserunt.
866 833 908 860 Tu
925 842 987 860 rero
1000 831 1140 860 incolumis
1154 832 1280 868 evasisti,
1298 831 1395 860 nedum
1411 832 1445 860 ab
1461 832 1516 860 illis
1537 832 1691 860 interemtus
1713 832 1805 860 fueris.

295 878 394 907 Verum
409 877 464 905 bate
480 887 509 905 ca
523 884 584 905 sunt
599 877 687 904 omnia
699 899 706 913 ‚
718 888 776 915 quae
793 878 879 906 forsan
893 878 946 905 illis
959 884 1014 906 erat
1029 877 1062 905 ad
1079 888 1189 906 manum
1205 885 1295 906 sancto
1309 878 1397 906 dicere
1411 890 1417 905 ;
1433 888 1480 907 nos
1495 885 1596 916 autem,
1613 877 1807 917 suppliciorum

253 924 310 962 ejus
325 933 431 951 eausam
444 923 470 951 in
483 923 600 951 medium
613 923 750 951 afferentes
760 946 767 959 ,
780 923 930 952 encomium
946 933 1147 962 prosequamur.

132 971 190 1009 JK·
212 1001 215 1005 ¹
294 969 428 998 Tiridates
441 980 489 998 rex
499 970 534 997 ob
549 970 665 1008 parentis
681 970 722 998 sni
737 970 835 998 caedem
848 969 966 1006 furebat3
984 976 1009 997 et
1021 969 1082 997 ideo
1092 969 1270 997 acerbissimis
1285 969 1422 997 tormentis
1442 975 1467 997 et
1485 968 1647 997 cruciatibus
1659 991 1668 1004 ,
1691 969 1808 999 verberi-

101 1005 244 1054 ”tul-'lsOEps
255 1017 305 1045 bus
318 1024 343 1045 et
357 1017 475 1056 corporis
495 1017 564 1045 inter
577 1027 676 1045 asseres
691 1017 885 1056 compressione
907 1017 1057 1056 pectinibus
1072 1016 1163 1044 ferreis
1173 1038 1182 1053 7
1199 1023 1225 1044 et
1245 1016 1318 1045 omni
1338 1015 1461 1044 dirorum
1483 1016 1677 1055 suppliciorum
1691 1027 1785 1055 genere
1795 1039 1804 1051 ,

101 1070 182 1101 <turtur
195 1070 312 1102 ἐΰν-φη)
327 1063 446 1102 pariebat
458 1063 532 1091 furor
542 1086 550 1097 ,
565 1064 727 1102 Gregorium
740 1064 887 1102 torquebat.
904 1064 1009 1102 Martyr
1023 1070 1109 1091 autem
1123 1069 1228 1091 sanctus
1241 1062 1287 1090 illa
1300 1069 1408 1101 propter
1427 1072 1544 1090 amorem
1558 1063 1621 1091 Jesu
1637 1062 1737 1090 Christi
1752 1063 1803 1090 Do-

102 1096 182 1125 phem.
255 1111 320 1138 mini
335 1110 416 1138 nostri
429 1117 522 1149 sponte
537 1111 668 1149 perferens
683 1133 690 1145 ‚
706 1111 843 1139 carnifices
855 1111 893 1138 sic
906 1110 1091 1148 alloquebatur
1103 1121 1108 1136 :
1121 1109 1268 1148 Suppliciis
1280 1115 1304 1136 et
1316 1109 1478 1137 cruciatibus
1495 1116 1618 1146 torqueor
1631 1120 1645 1137 a
1662 1109 1750 1144 vobis,
1761 1109 1808 1147 qui

253 1158 369 1187 carnalia
391 1157 531 1196 diligentes
549 1158 600 1186 hac
616 1158 672 1187 vita
693 1158 832 1197 potimini,
848 1168 906 1196 quae
927 1168 1020 1186 somno
1034 1157 1131 1185 similis
1143 1180 1150 1193 ‚
1165 1167 1222 1185 eras
1242 1163 1396 1191 evanescet,
1412 1164 1491 1194 atque
1507 1156 1567 1184 vitae
1583 1156 1741 1185 immortalis
1763 1167 1810 1195 spe

253 1204 432 1244 praecidimini
446 1216 452 1232 z
467 1211 506 1233 ast
520 1215 568 1243 ego
583 1205 616 1233 ad
631 1205 723 1233 horam
736 1205 822 1244 patior
834 1216 883 1244 pro
897 1215 926 1233 co
938 1227 946 1241 ‚
958 1205 1003 1242 qui
1016 1216 1065 1244 pro
1077 1215 1118 1232 me
1130 1214 1268 1243 perpessus
1280 1210 1318 1231 est
1331 1210 1459 1231 tormenta
1470 1215 1478 1239 ;
1492 1203 1604 1241 ideoque
1616 1210 1686 1242 patet
1699 1203 1810 1232 immor—

254 1252 314 1279 talis
327 1252 381 1280 vita
394 1262 493 1280 necnon
504 1259 529 1279 et
545 1252 674 1291 paradisi,
688 1262 783 1280 suaves
804 1252 954 1280 exhalantis
970 1251 1074 1285 odores,
1092 1251 1215 1288 voluptas
1228 1262 1234 1277 :
1253 1250 1318 1277 illuc
1331 1249 1479 1287 ingrediar,
1492 1250 1598 1278 etillius
1611 1250 1694 1278 haeres
1707 1250 1769 1278 fiam
1782 1250 1808 1279 in

254 1303 392 1325 arternum.
408 1297 517 1325 Gaudio
529 1297 650 1335 perfusus
661 1296 706 1324 illa
718 1296 878 1324 beneficium
893 1307 947 1324 esse
961 1303 1054 1335 reputo
1070 1296 1201 1334 supplicia
1214 1317 1221 1329 ,
1236 1306 1296 1332 quae
1310 1294 1337 1323 in
1354 1305 1395 1323 me
1406 1295 1548 1333 congeritis
1562 1317 1569 1331 ,
1584 1302 1609 1323 et
1620 1306 1675 1323 esse
1687 1296 1752 1324 mibi
1767 1296 1811 1325 de.

254 1342 379 1370 trimento
392 1342 568 1371 arbitramini.
582 1342 712 1377 Quamvis
726 1343 796 1371 enim
812 1344 880 1371 inter
900 1353 997 1370 asseres
1016 1342 1134 1370 membra
1148 1348 1173 1369 et
1188 1352 1244 1369 ossa
1261 1352 1317 1369 mea
1332 1348 1515 1369 momentaneo
1534 1341 1628 1370 dolore
1649 1342 1789 1371 conteratis
1801 1365 1809 1379 ‚

255 1388 352 1416 exinde
362 1396 447 1417 tamen
461 1399 523 1417 sana
535 1390 607 1428 spica
618 1389 729 1418 evadam
740 1401 748 1426 5
758 1396 838 1427 atque
853 1390 925 1417 velut
940 1389 1026 1427 palma
1042 1388 1126 1416 firmis
1140 1388 1201 1415 nixa
1219 1387 1364 1425 radicibus,
1373 1388 1471 1416 multos
1482 1388 1560 1426 longe
1573 1388 1677 1426 lateque
1687 1389 1810 1418 surculos

256 1437 402 1475 proferens,
418 1443 527 1465 venusta
540 1436 625 1471 soliis,
641 1436 752 1464 floribus
768 1436 872 1474 elegans
881 1459 887 1471 ,
899 1436 998 1473 quibus
1014 1445 1172 1463 marcescere
1185 1445 1331 1473 numquam
1346 1435 1491 1473 continget,
1505 1435 1644 1463 exaltabor
1655 1446 1745 1464 coram
1758 1436 1809 1464 Fa-

257 1490 327 1511 ctore
341 1493 399 1510 meo
412 1505 419 1519 ⁷
432 1490 511 1521 atque
524 1494 636 1511 vernans
649 1490 673 1511 et
687 1483 768 1511 densa
784 1483 810 1510 in
823 1482 952 1511 viridario
965 1483 1034 1511 horti
1047 1505 1053 1517 ,
1069 1492 1149 1510 manu
1162 1482 1211 1510 Dei
1223 1482 1317 1510 consiti
1329 1505 1336 1518 ‚
1349 1482 1408 1511 laeta
1422 1483 1539 1520 fulgebo.
1556 1482 1629 1511 Licet
1640 1483 1711 1511 cuim
1723 1484 1810 1522 capite

256 1529 381 1557 deorsum
394 1540 470 1557 verso
492 1530 625 1557 machinis
637 1529 781 1558 crudeliter
801 1529 949 1569 suspendar
960 1552 967 1565 ,
980 1537 1005 1558 et
1017 1530 1183 1558 comminuar
1198 1530 1265 1558 inter
1279 1540 1391 1565 asseres,
1407 1530 1512 1558 confido
1526 1536 1612 1558 tamen
1631 1529 1750 1558 futurum
1767 1537 1814 1567 nt,

217 1584 220 1587 '
257 1584 316 1615 post
329 1577 457 1614 exiguum
470 1577 569 1605 doloris
581 1578 707 1615 spatium,
718 1584 797 1616 eaput
810 1588 893 1616 usque
908 1578 934 1606 in
948 1578 1025 1606 caelos
1038 1588 1126 1606 coram
1139 1578 1248 1606 Factore
1263 1588 1320 1606 meo
1333 1578 1452 1606 esserum.
1468 1577 1621 1612 Quinetiam
1632 1577 1744 1616 objiciar
1755 1577 1824 1606 seris,

257 1631 282 1651 et
301 1624 370 1651 ursis
394 1624 468 1651 velut
483 1624 592 1652 totidem
608 1624 792 1652 instrumentis
812 1625 1005 1663 suppliciorum
1018 1647 1024 1659 ‚
1037 1625 1135 1662 quibus
1152 1635 1247 1663 eorpus
1270 1635 1359 1652 meum
1380 1631 1566 1653 consumatur:
1580 1624 1707 1653 fiduciam
1728 1625 1814 1654 haheo

257 1671 379 1699 diadema
393 1682 503 1699 aureum
515 1677 539 1699 et
554 1677 673 1699 ornatam
686 1682 809 1699 coronam
825 1673 891 1700 inihi
904 1672 938 1700 ab
954 1673 1008 1700 illis
1021 1672 1156 1707 connecti,
1168 1683 1248 1710 quam
1261 1672 1364 1711 aptabit
1376 1672 1457 1711 capiti
1472 1683 1530 1700 meo
1547 1673 1606 1700 Rex
1620 1672 1742 1708 caelestis,
1756 1683 1822 1701 cum

258 1729 338 1756 snper
356 1728 458 1756 sponsae
474 1717 625 1745 thalamum
642 1717 732 1746 sedere
749 1718 815 1746 inihi
836 1717 921 1746 dabit.
946 1718 1023 1754 Quid
1045 1718 1116 1756 qnod
1139 1719 1185 1747 hic
1206 1719 1314 1757 sangnis
1337 1729 1350 1746 e
1373 1729 1483 1758 corpore
1507 1729 1564 1747 meo
1593 1729 1717 1747 emanans
1739 1719 1820 1757 tingit

259 1765 325 1793 milii
343 1775 507 1804 purpuream
523 1772 548 1795 et
562 1765 710 1794 coccineam
726 1766 934 1794 immortalitatis
959 1767 1094 1803 trabeam,
1111 1777 1171 1805 qua:
1195 1777 1247 1795 non
1269 1773 1412 1794 marcescet
1428 1766 1455 1794 in
1469 1766 1620 1794 aeternum?
1637 1766 1701 1795 Haec
1714 1777 1743 1795 ea
1758 1773 1820 1794 sunt

261 1813 351 1840 onmia
367 1823 425 1850 quae
440 1820 586 1852 martyrem
601 1813 690 1842 decuit
705 1813 873 1852 respondere.

166 1866 196 1888 x.
303 1859 377 1895 Quid
390 1867 479 1899 postea
489 1861 502 1888 Ξ)
517 1861 642 1889 Nondum
666 1861 832 1890 immanitate
845 1872 892 1889 sna
907 1862 1016 1890 satiatus
1033 1861 1170 1890 Tiridates
1180 1883 1188 1895 ‚
1202 1860 1375 1899 quantumvis
1398 1860 1518 1889 vinetum
1542 1867 1567 1889 et
1582 1861 1729 1889 cruciatum
1745 1861 1820 1889 Gre-

110 1898 241 1949 ’ἑῖἐῦυῗξίω
264 1907 369 1945 gorium
384 1914 498 1942 teneret,
510 1914 588 1945 atque
610 1908 687 1946 quasi
709 1919 769 1936 cum
783 1908 831 1945 iis,
844 1919 902 1946 quae
915 1915 975 1936 ante
988 1915 1046 1936 acta
1059 1915 1132 1936 erant
1142 1931 1149 1944 ,
1161 1907 1348 1936 cohaerentiam
1362 1907 1489 1935 baberent
1503 1907 1542 1935 illi
1557 1907 1690 1936 cruciatus
1704 1918 1710 1935 z
1725 1907 1819 1936 Profe-

113 1968 134 1979 ι..
149 1964 238 2009 ¹⁸¹¹²f¹¹¹¹¹
266 1960 307 1981 cto
317 1977 323 1989 ‚
338 1953 441 1991 inquit,
456 1954 529 1982 filius
544 1961 581 1982 est
595 1954 675 1982 Anaci
692 1965 705 1983 e
726 1965 819 1993 genere
832 1955 991 1983 Parthorum
1003 1978 1012 1990 ‚
1028 1955 1075 1993 qui
1090 1962 1193 1993 patrem
1207 1964 1296 1982 meum
1310 1953 1455 1982 Chosroem
1468 1953 1610 1982 interemit.
1625 1953 1758 1992 anetque
1771 1954 1819 1981 Ti-

112 1995 208 2017 svrpenti
220 1998 250 2009 'us

113 2026 134 2041 m
154 2000 363 2041 amoma-sidat&
388 2001 548 2038 Gregorium
567 2000 682 2040 pedibus
707 2002 837 2036 vinctum,
852 2001 1026 2038 vinctumque
1047 2001 1172 2030 manibus
1197 2007 1223 2029 et
1242 2000 1309 2028 collo
1320 2000 1419 2028 abduci
1439 2000 1467 2028 in
1488 1999 1633 2040 provinciae
1654 2000 1820 2028 Araratensis

115 2052 154 2070 tun
172 2059 241 2087 rete-rss
265 2050 305 2084 (Ξ)
317 2058 404 2076 arcem
418 2070 425 2081 ‚
441 2048 532 2085 ibique
544 2049 570 2076 in
585 2048 744 2087 profundam
758 2049 861 2077 foveam
875 2049 993 2077 detrudi.

113 2087 239 2141 3:12,¹'''³¹‘¹
306 2096 329 2123 O
342 2105 432 2122 amens
444 2093 450 2122 !
462 2095 597 2133 inquiebat
610 2096 696 2123 forsan
709 2103 815 2124 sanctus
830 2097 978 2135 Gregorius
996 2108 1002 2123 :
1017 2096 1038 2124 si
1060 2096 1130 2124 enim
1145 2102 1219 2135 pater
1240 2106 1314 2124 meus
1331 2094 1420 2134 gladio
1435 2104 1574 2133 aggressus
1594 2101 1632 2122 est
1648 2093 1762 2132 impium
1775 2104 1822 2133 pa-

264 2149 332 2170 trem
350 2148 425 2169 tuum
438 2163 445 2176 ,
462 2141 508 2170 ille
522 2152 573 2170 non
590 2142 677 2170 solum
692 2143 795 2171 occisus
812 2150 867 2179 est,
882 2150 907 2172 et
929 2143 1112 2171 transitorium
1135 2142 1223 2171 amisit
1238 2142 1307 2172 illud
1317 2164 1324 2177 ,
1339 2141 1409 2180 quod
1424 2142 1507 2170 vitam
1531 2151 1586 2169 esse
1601 2140 1739 2179 reputabat
1753 2151 1760 2175 ;
1776 2139 1824 2168 sed

265 2195 290 2216 et
311 2188 398 2216 anima
423 2189 479 2228 ejus
501 2189 618 2228 ingressa
639 2197 678 2218 est
695 2201 801 2228 quoque
822 2191 849 2219 in
871 2191 1022 2227 cruciatus,
1047 2192 1116 2219 inter
1139 2201 1204 2229 quos
1226 2201 1277 2219 non
1307 2189 1447 2218 morietur.
1470 2189 1514 2216 Tu
1535 2198 1598 2216 vero
1612 2210 1620 2223 ,
1646 2187 1684 2215 lili
1708 2188 1831 2226 parentis.

267 2235 343 2274 ¹mpii
357 2259 364 2273 ‚
387 2247 448 2264 cum
469 2236 495 2264 in
519 2237 648 2266 ultionem
663 2239 747 2277 patris
765 2239 803 2266 tui
818 2249 908 2278 poenas
923 2250 937 2267 a
952 2250 994 2267 me
1010 2239 1135 2277 exigebas
1148 2261 1156 2276 ‚
1171 2238 1231 2269 ideo
1243 2248 1295 2266 non
1309 2237 1470 2276 superabant
1483 2246 1526 2264 me
1538 2241 1666 2264 tormenta
1678 2241 1725 2263 tua
1738 2255 1748 2273 7
1760 2235 1827 2273 quia

300 2347 319 2380 (l
332 2348 340 2379 )
354 2347 425 2371 Licet
438 2356 485 2371 vox
499 2348 544 2371 ista
558 2355 605 2372 nou
619 2347 732 2372 rideatur
742 2349 848 2372 Arniena
858 2369 865 2380 ‚
879 2349 942 2372 verti
959 2354 1041 2372 tamen
1055 2352 1138 2379 potest
1161 2355 1190 2371 ex
1203 2347 1367 2370 Armenorum
1380 2346 1489 2376 ipsorum
1513 2344 1718 2376 interpretatione
1729 2342 1825 2370 Juslus,

260 2387 428 2419 justificatus,
440 2389 558 2411 innocens
569 2397 577 2411 .·
590 2390 623 2411 ita
638 2393 665 2411 ut
678 2396 763 2412 sensus
772 2390 814 2419 sit,
825 2394 847 2411 el
857 2390 1012 2412 innocentem
1023 2389 1087 2420 Regi·
1098 2387 1252 2418 Baby-lonis,
1265 2386 1289 2410 id
1308 2391 1354 2415 est,
1365 2384 1508 2415 Amzenioe,
1526 2384 1628 2408 ostende
1639 2389 1669 2407 le.
1690 2384 1746 2407 Non
1759 2383 1827 2406 enim

269 2426 339 2450 »ideo
353 2436 396 2450 cur
409 2426 495 2451 sadok
506 2428 650 2451 nominetur
662 2427 797 2458 Tiridates,
812 2437 884 2460 quem
897 2427 984 2452 nullibi
996 2430 1031 2451 sic
1041 2433 1133 2451 vorant
1145 2428 1246 2450 Armeni
1255 2425 1370 2450 Codices.

302 2467 338 2498 (2)
359 2467 421 2492 Svfl.
436 2469 594 2491 Artaxatam.
609 2468 701 2492 Urbem
713 2469 777 2500 (quie
792 2469 824 2492 ab
842 2468 1057 2492 ArinenisDeviuc
1069 2466 1201 2499 apellatur)
1214 2466 1350 2490 distantem
1364 2465 1466 2498 triginta
1480 2464 1554 2488 leucis
1565 2463 1597 2488 ab
1611 2461 1671 2488 urbe
1682 2482 1688 2493 ‚
1704 2468 1762 2487 tunc
1775 2463 1824 2486 Re—

269 2506 316 2537 gia,
329 2506 548 2537 Vaglirarchalvat,
563 2516 648 2532 versus
659 2508 797 2540 Orientem3
814 2509 844 2533 de
856 2508 1062 2541 Vaglirareliabat
1075 2507 1130 2532 vide
1141 2516 1196 2539 pag.
1209 2508 1265 2531 826.
