<?xml version="1.0" encoding="UTF-8"?>
<!DOCTYPE html PUBLIC "-//W3C//DTD XHTML 1.0 Transitional//EN"
    "http://www.w3.org/TR/xhtml1/DTD/xhtml1-transitional.dtd">
<html xmlns="http://www.w3.org/1999/xhtml" xml:lang="en" lang="en">
 <head>
  <title>
</title>
<meta http-equiv="Content-Type" content="text/html;charset=utf-8" />
  <meta name='ocr-system' content='tesseract 3.04.00' />
  <meta name='ocr-capabilities' content='ocr_page ocr_carea ocr_par ocr_line ocrx_word'/>
</head>
<body>
  <div class='ocr_page' id='page_1' title='image "./operaomniaquaeex12johnuoft/operaomniaquaeex12johnuoft_0157.png"; bbox 0 0 1886 2846; ppageno 0'>
   <div class='ocr_carea' id='block_1_1' title="bbox 460 175 1669 219">
    <p class='ocr_par' dir='ltr' id='par_1_1' title="bbox 460 175 1669 219">
     <span class='ocr_line' id='line_1_1' title="bbox 460 175 1669 219; baseline -0.005 -6"><span class='ocrx_word' id='word_1_1' title='bbox 460 191 493 213; x_wconf 75' lang='grc' dir='ltr'>ιιν</span> <span class='ocrx_word' id='word_1_2' title='bbox 521 190 629 213; x_wconf 65' lang='grc' dir='ltr'>Ευιετ.</span> <span class='ocrx_word' id='word_1_3' title='bbox 660 189 705 211; x_wconf 73' lang='grc' dir='ltr'>ΑΙ)</span> <span class='ocrx_word' id='word_1_4' title='bbox 731 188 900 212; x_wconf 72' lang='lat' dir='ltr'>nEnnAEos.</span> <span class='ocrx_word' id='word_1_5' title='bbox 930 188 1008 211; x_wconf 62' lang='grc' dir='ltr'>εει».</span> <span class='ocrx_word' id='word_1_6' title='bbox 1037 187 1086 210; x_wconf 88' lang='lat' dir='ltr'>v1.</span> <span class='ocrx_word' id='word_1_7' title='bbox 1118 186 1236 210; x_wconf 73' lang='lat' dir='ltr'>noun„</span> <span class='ocrx_word' id='word_1_8' title='bbox 1268 187 1312 209; x_wconf 81' lang='lat' dir='ltr'>ix.</span> <span class='ocrx_word' id='word_1_9' title='bbox 1606 175 1669 219; x_wconf 65' lang='lat'>¹43</span> 
     </span>
    </p>
   </div>
   <div class='ocr_carea' id='block_1_2' title="bbox 103 247 1831 1673">
    <p class='ocr_par' dir='ltr' id='par_1_2' title="bbox 105 247 1670 292">
     <span class='ocr_line' id='line_1_2' title="bbox 105 247 1670 292; baseline -0.003 -11"><span class='ocrx_word' id='word_1_10' title='bbox 105 255 187 289; x_wconf 86' lang='grc' dir='ltr'>μεΟα,</span> <span class='ocrx_word' id='word_1_11' title='bbox 197 252 241 281; x_wconf 74' lang='grc' dir='ltr'>καὶ</span> <span class='ocrx_word' id='word_1_12' title='bbox 255 252 342 282; x_wconf 84' lang='grc' dir='ltr'>πάντα</span> <span class='ocrx_word' id='word_1_13' title='bbox 357 252 452 281; x_wconf 82' lang='grc' dir='ltr'>εὔκολα</span> <span class='ocrx_word' id='word_1_14' title='bbox 468 252 542 281; x_wconf 81' lang='grc' dir='ltr'>ἔσται</span> <span class='ocrx_word' id='word_1_15' title='bbox 556 252 601 281; x_wconf 74' lang='grc' dir='ltr'>καὶ</span> <span class='ocrx_word' id='word_1_16' title='bbox 616 255 708 292; x_wconf 74' lang='grc' dir='ltr'>ῥᾷστα.</span> <span class='ocrx_word' id='word_1_17' title='bbox 724 250 875 291; x_wconf 78' lang='grc' dir='ltr'>Ἀρξώμεθα</span> <span class='ocrx_word' id='word_1_18' title='bbox 930 250 1006 290; x_wconf 88' lang='lat' dir='ltr'>pium</span> <span class='ocrx_word' id='word_1_19' title='bbox 1016 257 1043 279; x_wconf 83' lang='lat' dir='ltr'>et</span> <span class='ocrx_word' id='word_1_20' title='bbox 1053 250 1162 279; x_wconf 75' lang='lat' dir='ltr'>exordia</span> <span class='ocrx_word' id='word_1_21' title='bbox 1177 256 1238 278; x_wconf 89' lang='lat' dir='ltr'>sunt</span> <span class='ocrx_word' id='word_1_22' title='bbox 1248 247 1381 277; x_wconf 75' lang='lat' dir='ltr'>difficilia.</span> <span class='ocrx_word' id='word_1_23' title='bbox 1394 247 1456 276; x_wconf 79' lang='lat' dir='ltr'>Hoec</span> <span class='ocrx_word' id='word_1_24' title='bbox 1469 247 1670 285; x_wconf 76' lang='lat' dir='ltr'>crgujaeiainus</span> 
     </span>
    </p>

    <p class='ocr_par' dir='ltr' id='par_1_3' title="bbox 103 293 1670 338">
     <span class='ocr_line' id='line_1_3' title="bbox 103 293 1670 338; baseline -0.004 -11"><span class='ocrx_word' id='word_1_25' title='bbox 103 298 198 334; x_wconf 82' lang='grc' dir='ltr'>τοίνυν,</span> <span class='ocrx_word' id='word_1_26' title='bbox 213 300 373 338; x_wconf 76' lang='grc' dir='ltr'>παρακαλῶ,</span> <span class='ocrx_word' id='word_1_27' title='bbox 387 301 400 328; x_wconf 84' lang='grc' dir='ltr'>ὁ</span> <span class='ocrx_word' id='word_1_28' title='bbox 418 299 464 337; x_wconf 82' lang='grc' dir='ltr'>μὲν</span> <span class='ocrx_word' id='word_1_29' title='bbox 480 299 532 328; x_wconf 79' lang='grc' dir='ltr'>ἀπὸ</span> <span class='ocrx_word' id='word_1_30' title='bbox 547 301 592 328; x_wconf 74' lang='grc' dir='ltr'>τοῦ</span> <span class='ocrx_word' id='word_1_31' title='bbox 614 298 661 332; x_wconf 83' lang='grc' dir='ltr'>τὰς</span> <span class='ocrx_word' id='word_1_32' title='bbox 683 299 760 338; x_wconf 74' lang='grc' dir='ltr'>εὐχὰς</span> <span class='ocrx_word' id='word_1_33' title='bbox 778 300 874 328; x_wconf 78' lang='grc' dir='ltr'>ἐπιτεῖ-</span> <span class='ocrx_word' id='word_1_34' title='bbox 929 303 1066 335; x_wconf 80' lang='lat' dir='ltr'><strong>tamquam</strong></span> <span class='ocrx_word' id='word_1_35' title='bbox 1090 296 1274 331; x_wconf 73' lang='lat' dir='ltr'>fundamenta,</span> <span class='ocrx_word' id='word_1_36' title='bbox 1291 301 1316 323; x_wconf 87' lang='lat' dir='ltr'>et</span> <span class='ocrx_word' id='word_1_37' title='bbox 1336 293 1461 333; x_wconf 79' lang='lat' dir='ltr'>expedita</span> <span class='ocrx_word' id='word_1_38' title='bbox 1481 299 1559 321; x_wconf 86' lang='lat' dir='ltr'>eruut</span> <span class='ocrx_word' id='word_1_39' title='bbox 1581 294 1670 321; x_wconf 71' lang='lat' dir='ltr'>onmia</span> 
     </span>
    </p>

    <p class='ocr_par' dir='ltr' id='par_1_4' title="bbox 103 339 1672 430">
     <span class='ocr_line' id='line_1_4' title="bbox 103 339 1670 385; baseline -0.003 -12"><span class='ocrx_word' id='word_1_40' title='bbox 103 357 159 381; x_wconf 87' lang='grc' dir='ltr'>ναι,</span> <span class='ocrx_word' id='word_1_41' title='bbox 176 347 190 374; x_wconf 82' lang='grc' dir='ltr'>ὁ</span> <span class='ocrx_word' id='word_1_42' title='bbox 213 345 241 374; x_wconf 85' lang='grc' dir='ltr'>δὲ</span> <span class='ocrx_word' id='word_1_43' title='bbox 264 346 317 374; x_wconf 84' lang='grc' dir='ltr'>ἀπὸ</span> <span class='ocrx_word' id='word_1_44' title='bbox 330 349 376 375; x_wconf 79' lang='grc' dir='ltr'>τοῦ</span> <span class='ocrx_word' id='word_1_45' title='bbox 390 345 511 385; x_wconf 74' lang='grc' dir='ltr'>δακρύειν</span> <span class='ocrx_word' id='word_1_46' title='bbox 527 346 656 384; x_wconf 76' lang='grc' dir='ltr'>συνεχῶς,</span> <span class='ocrx_word' id='word_1_47' title='bbox 676 347 690 374; x_wconf 85' lang='grc' dir='ltr'>ὁ</span> <span class='ocrx_word' id='word_1_48' title='bbox 707 345 734 374; x_wconf 79' lang='grc' dir='ltr'>δὲ</span> <span class='ocrx_word' id='word_1_49' title='bbox 755 344 808 374; x_wconf 77' lang='grc' dir='ltr'>ἀπὸ</span> <span class='ocrx_word' id='word_1_50' title='bbox 828 347 873 374; x_wconf 80' lang='grc' dir='ltr'>τοῦ</span> <span class='ocrx_word' id='word_1_51' title='bbox 929 350 955 372; x_wconf 89' lang='lat' dir='ltr'>et</span> <span class='ocrx_word' id='word_1_52' title='bbox 968 342 1105 372; x_wconf 80' lang='lat' dir='ltr'>facillima.</span> <span class='ocrx_word' id='word_1_53' title='bbox 1118 341 1281 380; x_wconf 74' lang='lat' dir='ltr'>Incipiamus</span> <span class='ocrx_word' id='word_1_54' title='bbox 1295 351 1368 380; x_wconf 79' lang='lat' dir='ltr'>crgo,</span> <span class='ocrx_word' id='word_1_55' title='bbox 1381 350 1462 378; x_wconf 76' lang='lat' dir='ltr'>rog03</span> <span class='ocrx_word' id='word_1_56' title='bbox 1476 339 1546 368; x_wconf 83' lang='lat' dir='ltr'>alius</span> <span class='ocrx_word' id='word_1_57' title='bbox 1560 339 1670 377; x_wconf 81' lang='lat' dir='ltr'>quidem</span> 
     </span>
     <span class='ocr_line' id='line_1_5' title="bbox 104 385 1672 430; baseline -0.004 -11"><span class='ocrx_word' id='word_1_58' title='bbox 104 395 246 430; x_wconf 77' lang='grc' dir='ltr'>κατηφεῖν·</span> <span class='ocrx_word' id='word_1_59' title='bbox 262 391 320 421; x_wconf 83' lang='grc' dir='ltr'>οὐδὲ</span> <span class='ocrx_word' id='word_1_60' title='bbox 337 391 388 430; x_wconf 83' lang='grc' dir='ltr'>γὰρ</span> <span class='ocrx_word' id='word_1_61' title='bbox 409 391 467 420; x_wconf 73' lang='grc' dir='ltr'>οὐδὲ</span> <span class='ocrx_word' id='word_1_62' title='bbox 481 393 558 420; x_wconf 75' lang='grc' dir='ltr'>τοῦτο</span> <span class='ocrx_word' id='word_1_63' title='bbox 573 392 604 420; x_wconf 83' lang='grc' dir='ltr'>τὸ</span> <span class='ocrx_word' id='word_1_64' title='bbox 623 391 690 420; x_wconf 82' lang='grc' dir='ltr'>οὕτω</span> <span class='ocrx_word' id='word_1_65' title='bbox 705 390 798 430; x_wconf 77' lang='grc' dir='ltr'>μικρὸν</span> <span class='ocrx_word' id='word_1_66' title='bbox 811 390 873 420; x_wconf 83' lang='grc' dir='ltr'>ἀνό-</span> <span class='ocrx_word' id='word_1_67' title='bbox 929 388 1040 418; x_wconf 87' lang='lat' dir='ltr'>intensis</span> <span class='ocrx_word' id='word_1_68' title='bbox 1056 388 1154 418; x_wconf 86' lang='lat' dir='ltr'>utendo</span> <span class='ocrx_word' id='word_1_69' title='bbox 1167 387 1303 428; x_wconf 84' lang='lat' dir='ltr'>precibus,</span> <span class='ocrx_word' id='word_1_70' title='bbox 1315 387 1384 415; x_wconf 86' lang='lat' dir='ltr'>alius</span> <span class='ocrx_word' id='word_1_71' title='bbox 1396 396 1459 415; x_wconf 80' lang='lat' dir='ltr'>vero</span> <span class='ocrx_word' id='word_1_72' title='bbox 1466 385 1573 414; x_wconf 81' lang='lat' dir='ltr'>assidue</span> <span class='ocrx_word' id='word_1_73' title='bbox 1585 386 1672 425; x_wconf 77' lang='lat' dir='ltr'>lacry-</span> 
     </span>
    </p>

    <p class='ocr_par' dir='ltr' id='par_1_5' title="bbox 104 432 1671 478">
     <span class='ocr_line' id='line_1_6' title="bbox 104 432 1671 478; baseline -0.003 -13"><span class='ocrx_word' id='word_1_74' title='bbox 104 448 181 472; x_wconf 88' lang='grc' dir='ltr'>νητον</span> <span class='ocrx_word' id='word_1_75' title='bbox 190 449 196 456; x_wconf 91' lang='grc'><em>·</em></span> <span class='ocrx_word' id='word_1_76' title='bbox 209 433 286 466; x_wconf 76' lang='grc' dir='ltr'>Εἶδον</span> <span class='ocrx_word' id='word_1_77' title='bbox 300 437 367 478; x_wconf 85' lang='grc' dir='ltr'>γὰρ,</span> <span class='ocrx_word' id='word_1_78' title='bbox 380 438 469 478; x_wconf 76' lang='grc' dir='ltr'>φησὶν,</span> <span class='ocrx_word' id='word_1_79' title='bbox 486 437 526 466; x_wconf 77' lang='grc' dir='ltr'>ὅτι</span> <span class='ocrx_word' id='word_1_80' title='bbox 540 437 658 473; x_wconf 69' lang='grc' dir='ltr'>ἐλυπήθη</span> <span class='ocrx_word' id='word_1_81' title='bbox 667 459 673 471; x_wconf 89' lang='grc'>,</span> <span class='ocrx_word' id='word_1_82' title='bbox 687 437 731 465; x_wconf 80' lang='grc' dir='ltr'>καὶ</span> <span class='ocrx_word' id='word_1_83' title='bbox 746 437 872 477; x_wconf 78' lang='grc' dir='ltr'>ἐπορεύθη</span> <span class='ocrx_word' id='word_1_84' title='bbox 929 434 1037 473; x_wconf 82' lang='lat' dir='ltr'>mando,</span> <span class='ocrx_word' id='word_1_85' title='bbox 1050 435 1120 464; x_wconf 85' lang='lat' dir='ltr'>alius</span> <span class='ocrx_word' id='word_1_86' title='bbox 1127 441 1216 464; x_wconf 80' lang='lat' dir='ltr'>autem</span> <span class='ocrx_word' id='word_1_87' title='bbox 1227 433 1377 462; x_wconf 85' lang='lat' dir='ltr'>moerendo:</span> <span class='ocrx_word' id='word_1_88' title='bbox 1388 443 1449 461; x_wconf 80' lang='lat' dir='ltr'>nam</span> <span class='ocrx_word' id='word_1_89' title='bbox 1458 443 1490 461; x_wconf 88' lang='lat' dir='ltr'>ne</span> <span class='ocrx_word' id='word_1_90' title='bbox 1500 432 1552 461; x_wconf 84' lang='lat' dir='ltr'>hoc</span> <span class='ocrx_word' id='word_1_91' title='bbox 1561 432 1671 471; x_wconf 87' lang='lat' dir='ltr'>quidem</span> 
     </span>
    </p>

    <p class='ocr_par' dir='ltr' id='par_1_6' title="bbox 104 479 1822 662">
     <span class='ocr_line' id='line_1_7' title="bbox 104 479 1822 522; baseline -0.002 -11"><span class='ocrx_word' id='word_1_92' title='bbox 104 483 224 521; x_wconf 82' lang='grc' dir='ltr'>στυγνὸς,</span> <span class='ocrx_word' id='word_1_93' title='bbox 234 483 279 512; x_wconf 74' lang='grc' dir='ltr'>καὶ</span> <span class='ocrx_word' id='word_1_94' title='bbox 294 484 411 522; x_wconf 74' lang='grc' dir='ltr'>ἰασαίμην</span> <span class='ocrx_word' id='word_1_95' title='bbox 422 483 469 516; x_wconf 87' lang='grc' dir='ltr'>τὰς</span> <span class='ocrx_word' id='word_1_96' title='bbox 480 483 553 516; x_wconf 82' lang='grc' dir='ltr'>ὁδοὺς</span> <span class='ocrx_word' id='word_1_97' title='bbox 567 485 654 512; x_wconf 76' lang='grc' dir='ltr'>αὐτοῦ.</span> <span class='ocrx_word' id='word_1_98' title='bbox 665 483 767 516; x_wconf 82' lang='grc' dir='ltr'>Πάντες</span> <span class='ocrx_word' id='word_1_99' title='bbox 780 482 807 512; x_wconf 83' lang='grc' dir='ltr'>δὲ</span> <span class='ocrx_word' id='word_1_100' title='bbox 821 483 874 512; x_wconf 84' lang='grc' dir='ltr'>ἀπὸ</span> <span class='ocrx_word' id='word_1_101' title='bbox 929 482 1003 522; x_wconf 92' lang='lat' dir='ltr'>quod</span> <span class='ocrx_word' id='word_1_102' title='bbox 1017 488 1056 511; x_wconf 87' lang='lat' dir='ltr'>est</span> <span class='ocrx_word' id='word_1_103' title='bbox 1070 481 1135 511; x_wconf 80' lang='lat' dir='ltr'>adeo</span> <span class='ocrx_word' id='word_1_104' title='bbox 1149 491 1276 521; x_wconf 83' lang='lat' dir='ltr'>parvum,</span> <span class='ocrx_word' id='word_1_105' title='bbox 1291 487 1329 509; x_wconf 85' lang='lat' dir='ltr'>est</span> <span class='ocrx_word' id='word_1_106' title='bbox 1344 480 1439 508; x_wconf 89' lang='lat' dir='ltr'>inutile</span> <span class='ocrx_word' id='word_1_107' title='bbox 1452 491 1457 506; x_wconf 74' lang='grc' dir='ltr'>ε</span> <span class='ocrx_word' id='word_1_108' title='bbox 1473 480 1551 517; x_wconf 70' lang='lat' dir='ltr'>Vidi,</span> <span class='ocrx_word' id='word_1_109' title='bbox 1569 479 1668 517; x_wconf 78' lang='lat' dir='ltr'>inquit.</span> <span class='ocrx_word' id='word_1_110' title='bbox 1683 490 1822 519; x_wconf 67' lang='lat'>1⁵¹¹¹·57-¹&#39;-</span> 
     </span>
     <span class='ocr_line' id='line_1_8' title="bbox 105 522 1817 573; baseline -0.002 -17"><span class='ocrx_word' id='word_1_111' title='bbox 105 529 282 567; x_wconf 81' lang='grc' dir='ltr'>ἐλεημοσύνης</span> <span class='ocrx_word' id='word_1_112' title='bbox 292 553 299 565; x_wconf 88' lang='grc'>,</span> <span class='ocrx_word' id='word_1_113' title='bbox 315 530 360 558; x_wconf 85' lang='grc' dir='ltr'>καὶ</span> <span class='ocrx_word' id='word_1_114' title='bbox 374 533 419 559; x_wconf 71' lang='grc' dir='ltr'>τοῦ</span> <span class='ocrx_word' id='word_1_115' title='bbox 434 530 538 568; x_wconf 69' lang='grc' dir='ltr'>ἀφιέναι</span> <span class='ocrx_word' id='word_1_116' title='bbox 553 534 605 562; x_wconf 80' lang='grc' dir='ltr'>τοῖς</span> <span class='ocrx_word' id='word_1_117' title='bbox 617 528 727 564; x_wconf 79' lang='grc' dir='ltr'>πλησίον</span> <span class='ocrx_word' id='word_1_118' title='bbox 740 529 773 557; x_wconf 82' lang='grc' dir='ltr'>τὰ</span> <span class='ocrx_word' id='word_1_119' title='bbox 788 528 874 568; x_wconf 75' lang='grc' dir='ltr'>ἆμαρ·</span> <span class='ocrx_word' id='word_1_120' title='bbox 929 530 1008 569; x_wconf 86' lang='lat' dir='ltr'>quod</span> <span class='ocrx_word' id='word_1_121' title='bbox 1019 538 1137 558; x_wconf 83' lang='lat' dir='ltr'>maerore</span> <span class='ocrx_word' id='word_1_122' title='bbox 1145 535 1186 557; x_wconf 79' lang='lat' dir='ltr'>est</span> <span class='ocrx_word' id='word_1_123' title='bbox 1197 527 1340 568; x_wconf 77' lang='lat' dir='ltr'>affectus,</span> <span class='ocrx_word' id='word_1_124' title='bbox 1352 533 1379 555; x_wconf 83' lang='lat' dir='ltr'>et</span> <span class='ocrx_word' id='word_1_125' title='bbox 1390 527 1554 555; x_wconf 69' lang='lat' dir='ltr'>ambulavit</span> <span class='ocrx_word' id='word_1_126' title='bbox 1567 528 1668 562; x_wconf 77' lang='lat' dir='ltr'>tristis,</span> <span class='ocrx_word' id='word_1_127' title='bbox 1682 522 1817 573; x_wconf 47' lang='lat' dir='ltr'>Lsjgsh&#39;ffl‘</span> 
     </span>
     <span class='ocr_line' id='line_1_9' title="bbox 104 569 1750 615; baseline -0.003 -10"><span class='ocrx_word' id='word_1_128' title='bbox 104 575 225 612; x_wconf 59' lang='grc' dir='ltr'>πήματα,</span> <span class='ocrx_word' id='word_1_129' title='bbox 238 576 283 605; x_wconf 82' lang='grc' dir='ltr'>καὶ</span> <span class='ocrx_word' id='word_1_130' title='bbox 301 576 353 605; x_wconf 81' lang='grc' dir='ltr'>ἀπὸ</span> <span class='ocrx_word' id='word_1_131' title='bbox 370 578 415 605; x_wconf 82' lang='grc' dir='ltr'>τοῦ</span> <span class='ocrx_word' id='word_1_132' title='bbox 437 576 474 614; x_wconf 83' lang='grc' dir='ltr'>μὴ</span> <span class='ocrx_word' id='word_1_133' title='bbox 498 580 669 614; x_wconf 73' lang='grc' dir='ltr'>μνησικακεῖν</span> <span class='ocrx_word' id='word_1_134' title='bbox 691 574 757 614; x_wconf 77' lang='grc' dir='ltr'>μηδὲ</span> <span class='ocrx_word' id='word_1_135' title='bbox 779 574 873 612; x_wconf 81' lang='grc' dir='ltr'>ἀμύνε-</span> <span class='ocrx_word' id='word_1_136' title='bbox 891 580 909 603; x_wconf 90' lang='lat' dir='ltr'>C</span> <span class='ocrx_word' id='word_1_137' title='bbox 929 583 956 606; x_wconf 84' lang='lat' dir='ltr'>et</span> <span class='ocrx_word' id='word_1_138' title='bbox 972 577 1074 605; x_wconf 71' lang='lat' dir='ltr'>curavi</span> <span class='ocrx_word' id='word_1_139' title='bbox 1087 577 1155 604; x_wconf 72' lang='lat' dir='ltr'>‘vias</span> <span class='ocrx_word' id='word_1_140' title='bbox 1167 577 1239 615; x_wconf 82' lang='lat' dir='ltr'>ejus.</span> <span class='ocrx_word' id='word_1_141' title='bbox 1255 574 1355 603; x_wconf 83' lang='lat' dir='ltr'><strong>Omnes</strong></span> <span class='ocrx_word' id='word_1_142' title='bbox 1375 580 1466 602; x_wconf 84' lang='lat' dir='ltr'>autem</span> <span class='ocrx_word' id='word_1_143' title='bbox 1487 572 1670 612; x_wconf 78' lang='lat' dir='ltr'>eleemosyna,</span> <span class='ocrx_word' id='word_1_144' title='bbox 1747 569 1750 572; x_wconf 57' lang='grc'>’</span> 
     </span>
     <span class='ocr_line' id='line_1_10' title="bbox 106 620 1671 662; baseline -0.001 -14"><span class='ocrx_word' id='word_1_145' title='bbox 106 623 185 659; x_wconf 77' lang='grc' dir='ltr'>σθαι,</span> <span class='ocrx_word' id='word_1_146' title='bbox 197 622 403 660; x_wconf 80' lang='grc' dir='ltr'>ταπεινώσωμεν</span> <span class='ocrx_word' id='word_1_147' title='bbox 420 624 520 651; x_wconf 79' lang='grc' dir='ltr'>ἑαυτῶν</span> <span class='ocrx_word' id='word_1_148' title='bbox 535 622 582 655; x_wconf 77' lang='grc' dir='ltr'>τὰς</span> <span class='ocrx_word' id='word_1_149' title='bbox 597 621 765 661; x_wconf 71' lang='grc' dir='ltr'>ψυχάς.Ἐὰν</span> <span class='ocrx_word' id='word_1_150' title='bbox 781 623 873 650; x_wconf 79' lang='grc' dir='ltr'>ε’ννοῶ-</span> <span class='ocrx_word' id='word_1_151' title='bbox 929 629 953 652; x_wconf 87' lang='lat' dir='ltr'>et</span> <span class='ocrx_word' id='word_1_152' title='bbox 965 622 1095 662; x_wconf 82' lang='lat' dir='ltr'>proximis</span> <span class='ocrx_word' id='word_1_153' title='bbox 1106 620 1266 651; x_wconf 83' lang='lat' dir='ltr'>remittendo</span> <span class='ocrx_word' id='word_1_154' title='bbox 1282 627 1430 660; x_wconf 78' lang='lat' dir='ltr'>peccata‚et</span> <span class='ocrx_word' id='word_1_155' title='bbox 1442 620 1547 659; x_wconf 79' lang='lat' dir='ltr'>injuriae</span> <span class='ocrx_word' id='word_1_156' title='bbox 1559 627 1671 659; x_wconf 76' lang='lat' dir='ltr'>aeceptae</span> 
     </span>
    </p>

    <p class='ocr_par' dir='ltr' id='par_1_7' title="bbox 106 666 1672 708">
     <span class='ocr_line' id='line_1_11' title="bbox 106 666 1672 708; baseline -0.001 -13"><span class='ocrx_word' id='word_1_157' title='bbox 106 678 154 703; x_wconf 85' lang='grc' dir='ltr'>μεν</span> <span class='ocrx_word' id='word_1_158' title='bbox 169 670 285 708; x_wconf 80' lang='grc' dir='ltr'>συνεχῶς</span> <span class='ocrx_word' id='word_1_159' title='bbox 296 668 330 697; x_wconf 84' lang='grc' dir='ltr'>τὰ</span> <span class='ocrx_word' id='word_1_160' title='bbox 340 668 517 707; x_wconf 75' lang='grc' dir='ltr'>ἡμαρτημένα</span> <span class='ocrx_word' id='word_1_161' title='bbox 531 671 604 706; x_wconf 80' lang='grc' dir='ltr'>ἡμῖν,</span> <span class='ocrx_word' id='word_1_162' title='bbox 617 668 689 698; x_wconf 77' lang='grc' dir='ltr'>οὐδὲν</span> <span class='ocrx_word' id='word_1_163' title='bbox 698 671 768 706; x_wconf 73' lang='grc' dir='ltr'>ἡμᾶς</span> <span class='ocrx_word' id='word_1_164' title='bbox 780 669 875 707; x_wconf 81' lang='grc' dir='ltr'>ἐπᾶραι</span> <span class='ocrx_word' id='word_1_165' title='bbox 929 679 981 698; x_wconf 90' lang='lat' dir='ltr'>non</span> <span class='ocrx_word' id='word_1_166' title='bbox 995 668 1170 706; x_wconf 84' lang='lat' dir='ltr'>recordando,</span> <span class='ocrx_word' id='word_1_167' title='bbox 1183 678 1230 697; x_wconf 87' lang='lat' dir='ltr'>nec</span> <span class='ocrx_word' id='word_1_168' title='bbox 1253 666 1415 701; x_wconf 84' lang='lat' dir='ltr'>ulciscendo,</span> <span class='ocrx_word' id='word_1_169' title='bbox 1432 666 1549 694; x_wconf 81' lang='lat' dir='ltr'>humiles</span> <span class='ocrx_word' id='word_1_170' title='bbox 1571 673 1672 694; x_wconf 81' lang='lat' dir='ltr'>nostras</span> 
     </span>
    </p>

    <p class='ocr_par' dir='ltr' id='par_1_8' title="bbox 105 713 1673 751">
     <span class='ocr_line' id='line_1_12' title="bbox 105 713 1673 751; baseline -0.002 -8"><span class='ocrx_word' id='word_1_171' title='bbox 105 716 158 743; x_wconf 84' lang='grc' dir='ltr'>τῶν</span> <span class='ocrx_word' id='word_1_172' title='bbox 174 713 268 747; x_wconf 81' lang='grc' dir='ltr'>ἔξωθεν</span> <span class='ocrx_word' id='word_1_173' title='bbox 284 714 437 750; x_wconf 77' lang='grc' dir='ltr'>δυνήσεται,</span> <span class='ocrx_word' id='word_1_174' title='bbox 448 716 476 742; x_wconf 79' lang='grc' dir='ltr'>οὐ</span> <span class='ocrx_word' id='word_1_175' title='bbox 488 715 613 749; x_wconf 77' lang='grc' dir='ltr'>πλοῦτος,</span> <span class='ocrx_word' id='word_1_176' title='bbox 626 715 654 743; x_wconf 82' lang='grc' dir='ltr'>οὗ</span> <span class='ocrx_word' id='word_1_177' title='bbox 668 714 820 751; x_wconf 76' lang='grc' dir='ltr'>δυναστεία,</span> <span class='ocrx_word' id='word_1_178' title='bbox 830 716 876 743; x_wconf 78' lang='grc' dir='ltr'>οὐκ</span> <span class='ocrx_word' id='word_1_179' title='bbox 931 714 1074 744; x_wconf 83' lang='lat' dir='ltr'>reddamus</span> <span class='ocrx_word' id='word_1_180' title='bbox 1094 714 1205 743; x_wconf 82' lang='lat' dir='ltr'>animas.</span> <span class='ocrx_word' id='word_1_181' title='bbox 1221 714 1251 743; x_wconf 90' lang='lat' dir='ltr'>Si</span> <span class='ocrx_word' id='word_1_182' title='bbox 1276 713 1382 742; x_wconf 76' lang='lat' dir='ltr'>assidue</span> <span class='ocrx_word' id='word_1_183' title='bbox 1406 713 1556 751; x_wconf 76' lang='lat' dir='ltr'><strong>cogitemus</strong></span> <span class='ocrx_word' id='word_1_184' title='bbox 1570 723 1600 741; x_wconf 80' lang='lat' dir='ltr'>ea</span> <span class='ocrx_word' id='word_1_185' title='bbox 1615 723 1673 750; x_wconf 68' lang='lat' dir='ltr'>qua‘,</span> 
     </span>
    </p>

    <p class='ocr_par' dir='ltr' id='par_1_9' title="bbox 106 758 1674 846">
     <span class='ocr_line' id='line_1_13' title="bbox 106 758 1674 800; baseline -0.002 -11"><span class='ocrx_word' id='word_1_186' title='bbox 106 759 176 800; x_wconf 79' lang='grc' dir='ltr'>ἀρχὴ</span> <span class='ocrx_word' id='word_1_187' title='bbox 186 782 193 795; x_wconf 98' lang='grc'>,</span> <span class='ocrx_word' id='word_1_188' title='bbox 215 761 243 788; x_wconf 87' lang='grc' dir='ltr'>οὗ</span> <span class='ocrx_word' id='word_1_189' title='bbox 269 759 351 796; x_wconf 79' lang='grc' dir='ltr'>τιμὴ,</span> <span class='ocrx_word' id='word_1_190' title='bbox 374 760 441 788; x_wconf 77' lang='grc' dir='ltr'>ἀλλὰ</span> <span class='ocrx_word' id='word_1_191' title='bbox 463 760 512 788; x_wconf 76' lang='grc' dir='ltr'>κᾶν</span> <span class='ocrx_word' id='word_1_192' title='bbox 535 761 572 793; x_wconf 83' lang='grc' dir='ltr'>εἰς</span> <span class='ocrx_word' id='word_1_193' title='bbox 597 760 660 788; x_wconf 82' lang='grc' dir='ltr'>αὐτὸ</span> <span class='ocrx_word' id='word_1_194' title='bbox 685 760 715 788; x_wconf 76' lang='grc' dir='ltr'>τὸ</span> <span class='ocrx_word' id='word_1_195' title='bbox 736 760 827 799; x_wconf 77' lang='grc' dir='ltr'>ὄχημα</span> <span class='ocrx_word' id='word_1_196' title='bbox 847 760 877 789; x_wconf 80' lang='grc' dir='ltr'>τὸ</span> <span class='ocrx_word' id='word_1_197' title='bbox 931 761 1116 800; x_wconf 81' lang='lat' dir='ltr'>peccavimus,</span> <span class='ocrx_word' id='word_1_198' title='bbox 1130 761 1198 789; x_wconf 81' lang='lat' dir='ltr'>nihil</span> <span class='ocrx_word' id='word_1_199' title='bbox 1212 771 1246 789; x_wconf 83' lang='lat' dir='ltr'>ex</span> <span class='ocrx_word' id='word_1_200' title='bbox 1262 760 1342 788; x_wconf 86' lang='lat' dir='ltr'>rebus</span> <span class='ocrx_word' id='word_1_201' title='bbox 1357 759 1476 788; x_wconf 77' lang='lat' dir='ltr'>externis</span> <span class='ocrx_word' id='word_1_202' title='bbox 1500 769 1548 788; x_wconf 87' lang='lat' dir='ltr'>nos</span> <span class='ocrx_word' id='word_1_203' title='bbox 1577 758 1674 798; x_wconf 82' lang='lat' dir='ltr'>poterit</span> 
     </span>
     <span class='ocr_line' id='line_1_14' title="bbox 106 803 1674 846; baseline -0.002 -12"><span class='ocrx_word' id='word_1_204' title='bbox 106 805 242 844; x_wconf 80' lang='grc' dir='ltr'>βασιλικὸν</span> <span class='ocrx_word' id='word_1_205' title='bbox 257 804 418 841; x_wconf 68' lang='grc' dir='ltr'>καθίσωμεν,</span> <span class='ocrx_word' id='word_1_206' title='bbox 432 805 608 843; x_wconf 69' lang='grc' dir='ltr'>“στενάξομεν</span> <span class='ocrx_word' id='word_1_207' title='bbox 622 806 725 846; x_wconf 82' lang='grc' dir='ltr'>πικρόν.</span> <span class='ocrx_word' id='word_1_208' title='bbox 739 805 817 834; x_wconf 76' lang='grc' dir='ltr'>Ἐπεὶ</span> <span class='ocrx_word' id='word_1_209' title='bbox 832 806 876 834; x_wconf 77' lang='grc' dir='ltr'>καὶ</span> <span class='ocrx_word' id='word_1_210' title='bbox 930 807 1073 835; x_wconf 78' lang='lat' dir='ltr'>extollere:</span> <span class='ocrx_word' id='word_1_211' title='bbox 1084 816 1135 835; x_wconf 91' lang='lat' dir='ltr'>non</span> <span class='ocrx_word' id='word_1_212' title='bbox 1155 805 1267 841; x_wconf 63' lang='lat' dir='ltr'>divitiae,</span> <span class='ocrx_word' id='word_1_213' title='bbox 1283 815 1335 833; x_wconf 86' lang='lat' dir='ltr'>non</span> <span class='ocrx_word' id='word_1_214' title='bbox 1351 804 1470 844; x_wconf 81' lang='lat' dir='ltr'>potentia</span> <span class='ocrx_word' id='word_1_215' title='bbox 1480 826 1488 841; x_wconf 82' lang='lat'>‚</span> <span class='ocrx_word' id='word_1_216' title='bbox 1503 814 1556 832; x_wconf 87' lang='lat' dir='ltr'>non</span> <span class='ocrx_word' id='word_1_217' title='bbox 1570 803 1674 843; x_wconf 83' lang='lat' dir='ltr'>prinei-</span> 
     </span>
    </p>

    <p class='ocr_par' dir='ltr' id='par_1_10' title="bbox 105 848 1674 892">
     <span class='ocr_line' id='line_1_15' title="bbox 105 848 1674 892; baseline -0.002 -12"><span class='ocrx_word' id='word_1_218' title='bbox 105 853 119 880; x_wconf 83' lang='grc' dir='ltr'><strong><em>ὂ</em></strong></span> <span class='ocrx_word' id='word_1_219' title='bbox 130 851 259 890; x_wconf 78' lang='grc' dir='ltr'>μακάριος</span> <span class='ocrx_word' id='word_1_220' title='bbox 273 851 356 880; x_wconf 75' lang='grc' dir='ltr'>Δαυὶδ</span> <span class='ocrx_word' id='word_1_221' title='bbox 369 850 492 889; x_wconf 69' lang='grc' dir='ltr'>βασιλεὺς</span> <span class='ocrx_word' id='word_1_222' title='bbox 505 848 546 888; x_wconf 65' lang='grc' dir='ltr'>ἦν,</span> <span class='ocrx_word' id='word_1_223' title='bbox 556 852 600 880; x_wconf 80' lang='grc' dir='ltr'>καὶ</span> <span class='ocrx_word' id='word_1_224' title='bbox 613 852 699 891; x_wconf 78' lang='grc' dir='ltr'>ἔλεγε·</span> <span class='ocrx_word' id='word_1_225' title='bbox 710 851 805 881; x_wconf 76' lang='grc' dir='ltr'>Αούσω</span> <span class='ocrx_word' id='word_1_226' title='bbox 817 853 876 880; x_wconf 71' lang='grc' dir='ltr'>καθ’</span> <span class='ocrx_word' id='word_1_227' title='bbox 931 859 1008 892; x_wconf 78' lang='lat' dir='ltr'>patus</span> <span class='ocrx_word' id='word_1_228' title='bbox 1020 859 1045 881; x_wconf 91' lang='lat' dir='ltr'>et</span> <span class='ocrx_word' id='word_1_229' title='bbox 1060 852 1202 892; x_wconf 84' lang='lat' dir='ltr'>imperium</span> <span class='ocrx_word' id='word_1_230' title='bbox 1213 874 1220 888; x_wconf 91' lang='lat'><strong><em>,</em></strong></span> <span class='ocrx_word' id='word_1_231' title='bbox 1235 862 1287 880; x_wconf 92' lang='lat' dir='ltr'>non</span> <span class='ocrx_word' id='word_1_232' title='bbox 1308 851 1412 888; x_wconf 73' lang='lat' dir='ltr'>honor5</span> <span class='ocrx_word' id='word_1_233' title='bbox 1434 849 1479 878; x_wconf 87' lang='lat' dir='ltr'>sed</span> <span class='ocrx_word' id='word_1_234' title='bbox 1493 856 1517 878; x_wconf 85' lang='lat' dir='ltr'>et</span> <span class='ocrx_word' id='word_1_235' title='bbox 1531 850 1555 878; x_wconf 89' lang='lat' dir='ltr'>si</span> <span class='ocrx_word' id='word_1_236' title='bbox 1575 849 1601 878; x_wconf 90' lang='lat' dir='ltr'>in</span> <span class='ocrx_word' id='word_1_237' title='bbox 1617 849 1674 888; x_wconf 83' lang='lat' dir='ltr'>ipso</span> 
     </span>
    </p>

    <p class='ocr_par' dir='ltr' id='par_1_11' title="bbox 105 896 1826 1076">
     <span class='ocr_line' id='line_1_16' title="bbox 105 896 1674 938; baseline -0.001 -13"><span class='ocrx_word' id='word_1_238' title='bbox 105 896 220 932; x_wconf 77' lang='grc' dir='ltr'>ἑκάστην</span> <span class='ocrx_word' id='word_1_239' title='bbox 234 897 315 927; x_wconf 76' lang='grc' dir='ltr'>νύκτα</span> <span class='ocrx_word' id='word_1_240' title='bbox 331 897 378 932; x_wconf 73' lang='grc' dir='ltr'>τὴν</span> <span class='ocrx_word' id='word_1_241' title='bbox 394 897 484 933; x_wconf 82' lang='grc' dir='ltr'>κλίνην</span> <span class='ocrx_word' id='word_1_242' title='bbox 508 910 573 936; x_wconf 86' lang='grc' dir='ltr'>μου·</span> <span class='ocrx_word' id='word_1_243' title='bbox 593 898 639 927; x_wconf 80' lang='grc' dir='ltr'>καὶ</span> <span class='ocrx_word' id='word_1_244' title='bbox 661 899 732 927; x_wconf 73' lang='grc' dir='ltr'>οὐδὲν</span> <span class='ocrx_word' id='word_1_245' title='bbox 756 898 808 927; x_wconf 83' lang='grc' dir='ltr'>ἀπὸ</span> <span class='ocrx_word' id='word_1_246' title='bbox 830 899 877 932; x_wconf 72' lang='grc' dir='ltr'>τῆς</span> <span class='ocrx_word' id='word_1_247' title='bbox 931 898 1000 938; x_wconf 77' lang='lat' dir='ltr'>regis</span> <span class='ocrx_word' id='word_1_248' title='bbox 1011 909 1090 927; x_wconf 89' lang='lat' dir='ltr'>curru</span> <span class='ocrx_word' id='word_1_249' title='bbox 1105 898 1262 933; x_wconf 82' lang='lat' dir='ltr'>sederimus,</span> <span class='ocrx_word' id='word_1_250' title='bbox 1274 897 1367 926; x_wconf 78' lang='lat' dir='ltr'>acerbe</span> <span class='ocrx_word' id='word_1_251' title='bbox 1379 896 1594 935; x_wconf 81' lang='lat' dir='ltr'>ingemiscemus.</span> <span class='ocrx_word' id='word_1_252' title='bbox 1605 896 1674 924; x_wconf 79' lang='lat' dir='ltr'>Nam</span> 
     </span>
     <span class='ocr_line' id='line_1_17' title="bbox 106 942 1826 984; baseline 0.001 -13"><span class='ocrx_word' id='word_1_253' title='bbox 106 943 257 982; x_wconf 76' lang='grc' dir='ltr'>ἁλουργίδας</span> <span class='ocrx_word' id='word_1_254' title='bbox 273 944 318 972; x_wconf 77' lang='grc' dir='ltr'>καὶ</span> <span class='ocrx_word' id='word_1_255' title='bbox 338 947 384 973; x_wconf 76' lang='grc' dir='ltr'>τοῦ</span> <span class='ocrx_word' id='word_1_256' title='bbox 402 944 565 980; x_wconf 73' lang='grc' dir='ltr'>διαδήματος</span> <span class='ocrx_word' id='word_1_257' title='bbox 585 943 759 984; x_wconf 63' lang='grc' dir='ltr'>παρεὸλάὲη,</span> <span class='ocrx_word' id='word_1_258' title='bbox 771 944 815 972; x_wconf 72' lang='grc' dir='ltr'>καὶ</span> <span class='ocrx_word' id='word_1_259' title='bbox 830 945 878 972; x_wconf 82' lang='grc' dir='ltr'>οὐκ</span> <span class='ocrx_word' id='word_1_260' title='bbox 930 945 1011 973; x_wconf 74' lang='lat' dir='ltr'>etiam</span> <span class='ocrx_word' id='word_1_261' title='bbox 1026 945 1118 973; x_wconf 80' lang='lat' dir='ltr'>beatus</span> <span class='ocrx_word' id='word_1_262' title='bbox 1130 944 1221 973; x_wconf 79' lang='lat' dir='ltr'>David</span> <span class='ocrx_word' id='word_1_263' title='bbox 1233 951 1289 973; x_wconf 77' lang='lat' dir='ltr'>erat</span> <span class='ocrx_word' id='word_1_264' title='bbox 1304 955 1368 980; x_wconf 79' lang='lat' dir='ltr'>rex,</span> <span class='ocrx_word' id='word_1_265' title='bbox 1384 950 1409 972; x_wconf 85' lang='lat' dir='ltr'>ct</span> <span class='ocrx_word' id='word_1_266' title='bbox 1420 942 1541 979; x_wconf 79' lang='lat' dir='ltr'>dicebat,</span> <span class='ocrx_word' id='word_1_267' title='bbox 1554 943 1674 971; x_wconf 74' lang='lat' dir='ltr'>Lavabo</span> <span class='ocrx_word' id='word_1_268' title='bbox 1686 951 1751 972; x_wconf 53' lang='lat' dir='ltr'>Psoi.</span> <span class='ocrx_word' id='word_1_269' title='bbox 1769 952 1781 968; x_wconf 77' lang='lat'>.·:</span> <span class='ocrx_word' id='word_1_270' title='bbox 1807 950 1826 972; x_wconf 67' lang='grc' dir='ltr'>Ξῖ.</span> 
     </span>
     <span class='ocr_line' id='line_1_18' title="bbox 106 988 1674 1030; baseline -0.001 -12"><span class='ocrx_word' id='word_1_271' title='bbox 106 989 240 1028; x_wconf 57' lang='lat' dir='ltr'>&amp;notho-11⁴</span> <span class='ocrx_word' id='word_1_272' title='bbox 252 990 309 1029; x_wconf 83' lang='grc' dir='ltr'>ᾔδει</span> <span class='ocrx_word' id='word_1_273' title='bbox 321 989 372 1030; x_wconf 73' lang='grc' dir='ltr'>γὰρ</span> <span class='ocrx_word' id='word_1_274' title='bbox 386 990 476 1019; x_wconf 77' lang='grc' dir='ltr'>ἑαυτὸν</span> <span class='ocrx_word' id='word_1_275' title='bbox 492 990 628 1029; x_wconf 79' lang='grc' dir='ltr'>ἄνθρωπον</span> <span class='ocrx_word' id='word_1_276' title='bbox 640 989 716 1019; x_wconf 61' lang='lat' dir='ltr'>&amp;vu-</span> <span class='ocrx_word' id='word_1_277' title='bbox 728 989 773 1018; x_wconf 81' lang='grc' dir='ltr'>καὶ</span> <span class='ocrx_word' id='word_1_278' title='bbox 785 988 875 1024; x_wconf 75' lang='grc' dir='ltr'>ἐπειδὴ</span> <span class='ocrx_word' id='word_1_279' title='bbox 928 1001 981 1029; x_wconf 80' lang='lat' dir='ltr'>per</span> <span class='ocrx_word' id='word_1_280' title='bbox 993 991 1125 1029; x_wconf 79' lang='lat' dir='ltr'>singulas</span> <span class='ocrx_word' id='word_1_281' title='bbox 1141 997 1238 1019; x_wconf 82' lang='lat' dir='ltr'>noctes</span> <span class='ocrx_word' id='word_1_282' title='bbox 1254 991 1358 1019; x_wconf 81' lang='lat' dir='ltr'>lectum</span> <span class='ocrx_word' id='word_1_283' title='bbox 1372 1000 1483 1023; x_wconf 80' lang='lat' dir='ltr'>meum;</span> <span class='ocrx_word' id='word_1_284' title='bbox 1500 999 1548 1017; x_wconf 85' lang='lat' dir='ltr'>nec</span> <span class='ocrx_word' id='word_1_285' title='bbox 1561 999 1596 1017; x_wconf 77' lang='lat' dir='ltr'>ex</span> <span class='ocrx_word' id='word_1_286' title='bbox 1610 999 1674 1027; x_wconf 83' lang='lat' dir='ltr'>pur-</span> 
     </span>
     <span class='ocr_line' id='line_1_19' title="bbox 105 1032 1674 1076; baseline -0.001 -13"><span class='ocrx_word' id='word_1_287' title='bbox 105 1035 328 1075; x_wconf 77' lang='grc' dir='ltr'>συντετριμμένην</span> <span class='ocrx_word' id='word_1_288' title='bbox 355 1032 410 1075; x_wconf 63' lang='grc' dir='ltr'>εἶχε</span> <span class='ocrx_word' id='word_1_289' title='bbox 434 1035 481 1070; x_wconf 76' lang='grc' dir='ltr'>τὴν</span> <span class='ocrx_word' id='word_1_290' title='bbox 502 1035 622 1074; x_wconf 81' lang='grc' dir='ltr'>καρδίαν,</span> <span class='ocrx_word' id='word_1_291' title='bbox 639 1035 750 1074; x_wconf 79' lang='grc' dir='ltr'>ἐθρήνει.</span> <span class='ocrx_word' id='word_1_292' title='bbox 769 1034 805 1063; x_wconf 91' lang='grc' dir='ltr'>Τί</span> <span class='ocrx_word' id='word_1_293' title='bbox 825 1035 876 1074; x_wconf 78' lang='grc' dir='ltr'>γάρ</span> <span class='ocrx_word' id='word_1_294' title='bbox 930 1047 997 1076; x_wconf 80' lang='lat' dir='ltr'>pura</span> <span class='ocrx_word' id='word_1_295' title='bbox 1010 1043 1077 1064; x_wconf 77' lang='lat' dir='ltr'>etex</span> <span class='ocrx_word' id='word_1_296' title='bbox 1090 1035 1240 1064; x_wconf 76' lang='lat' dir='ltr'>diademate</span> <span class='ocrx_word' id='word_1_297' title='bbox 1254 1036 1305 1064; x_wconf 84' lang='lat' dir='ltr'>fuit</span> <span class='ocrx_word' id='word_1_298' title='bbox 1320 1036 1409 1072; x_wconf 76' lang='lat' dir='ltr'>laesus,</span> <span class='ocrx_word' id='word_1_299' title='bbox 1423 1046 1471 1064; x_wconf 88' lang='lat' dir='ltr'>nec</span> <span class='ocrx_word' id='word_1_300' title='bbox 1483 1034 1610 1074; x_wconf 83' lang='lat' dir='ltr'>superbia</span> <span class='ocrx_word' id='word_1_301' title='bbox 1621 1034 1674 1063; x_wconf 81' lang='lat' dir='ltr'>ela-</span> 
     </span>
    </p>

    <p class='ocr_par' dir='ltr' id='par_1_12' title="bbox 104 1080 1674 1121">
     <span class='ocr_line' id='line_1_20' title="bbox 104 1080 1674 1121; baseline -0.001 -11"><span class='ocrx_word' id='word_1_302' title='bbox 104 1082 161 1110; x_wconf 79' lang='grc' dir='ltr'>ἰστι</span> <span class='ocrx_word' id='word_1_303' title='bbox 175 1081 208 1109; x_wconf 84' lang='grc' dir='ltr'>τὰ</span> <span class='ocrx_word' id='word_1_304' title='bbox 222 1081 373 1121; x_wconf 80' lang='grc' dir='ltr'>ἀνθρώπινα</span> <span class='ocrx_word' id='word_1_305' title='bbox 387 1081 550 1120; x_wconf 66' lang='grc' dir='ltr'>πράγματα,</span> <span class='ocrx_word' id='word_1_306' title='bbox 565 1081 649 1120; x_wconf 67' lang='grc' dir='ltr'>τέφρα</span> <span class='ocrx_word' id='word_1_307' title='bbox 669 1080 715 1109; x_wconf 81' lang='grc' dir='ltr'>καὶ</span> <span class='ocrx_word' id='word_1_308' title='bbox 730 1081 816 1115; x_wconf 82' lang='grc' dir='ltr'>κόνις,</span> <span class='ocrx_word' id='word_1_309' title='bbox 832 1080 876 1109; x_wconf 81' lang='grc' dir='ltr'>καὶ</span> <span class='ocrx_word' id='word_1_310' title='bbox 894 1088 912 1110; x_wconf 87' lang='lat' dir='ltr'>D</span> <span class='ocrx_word' id='word_1_311' title='bbox 932 1089 973 1110; x_wconf 82' lang='lat' dir='ltr'>tus</span> <span class='ocrx_word' id='word_1_312' title='bbox 986 1093 991 1108; x_wconf 94' lang='lat'>:</span> <span class='ocrx_word' id='word_1_313' title='bbox 1003 1081 1103 1110; x_wconf 78' lang='lat' dir='ltr'>sciebat</span> <span class='ocrx_word' id='word_1_314' title='bbox 1126 1081 1196 1110; x_wconf 85' lang='lat' dir='ltr'>enim</span> <span class='ocrx_word' id='word_1_315' title='bbox 1218 1092 1244 1109; x_wconf 87' lang='lat' dir='ltr'>se</span> <span class='ocrx_word' id='word_1_316' title='bbox 1267 1091 1322 1110; x_wconf 83' lang='lat' dir='ltr'>esse</span> <span class='ocrx_word' id='word_1_317' title='bbox 1343 1081 1478 1110; x_wconf 79' lang='lat' dir='ltr'>hominem</span> <span class='ocrx_word' id='word_1_318' title='bbox 1491 1092 1496 1108; x_wconf 88' lang='grc'>;</span> <span class='ocrx_word' id='word_1_319' title='bbox 1508 1087 1533 1109; x_wconf 87' lang='lat' dir='ltr'>et</span> <span class='ocrx_word' id='word_1_320' title='bbox 1547 1080 1674 1119; x_wconf 81' lang='lat' dir='ltr'>quoniam</span> 
     </span>
    </p>

    <p class='ocr_par' dir='ltr' id='par_1_13' title="bbox 103 1125 1831 1305">
     <span class='ocr_line' id='line_1_21' title="bbox 104 1125 1831 1166; baseline -0.001 -12"><span class='ocrx_word' id='word_1_321' title='bbox 104 1126 167 1154; x_wconf 80' lang='grc' dir='ltr'>ὡσεὶ</span> <span class='ocrx_word' id='word_1_322' title='bbox 181 1128 259 1165; x_wconf 76' lang='grc' dir='ltr'>χνοῦς</span> <span class='ocrx_word' id='word_1_323' title='bbox 269 1126 337 1155; x_wconf 83' lang='grc' dir='ltr'>κατὰ</span> <span class='ocrx_word' id='word_1_324' title='bbox 348 1126 489 1166; x_wconf 80' lang='grc' dir='ltr'>πρόσωπον</span> <span class='ocrx_word' id='word_1_325' title='bbox 504 1125 612 1165; x_wconf 79' lang='grc' dir='ltr'>ἀνέμου,</span> <span class='ocrx_word' id='word_1_326' title='bbox 621 1126 720 1159; x_wconf 80' lang='grc' dir='ltr'>κατι-νὸς</span> <span class='ocrx_word' id='word_1_327' title='bbox 736 1126 781 1155; x_wconf 79' lang='grc' dir='ltr'>καὶ</span> <span class='ocrx_word' id='word_1_328' title='bbox 799 1125 875 1163; x_wconf 84' lang='grc' dir='ltr'>σκιὰ,</span> <span class='ocrx_word' id='word_1_329' title='bbox 930 1134 985 1156; x_wconf 79' lang='lat' dir='ltr'>erat</span> <span class='ocrx_word' id='word_1_330' title='bbox 1009 1127 1139 1156; x_wconf 79' lang='lat' dir='ltr'>counitus</span> <span class='ocrx_word' id='word_1_331' title='bbox 1163 1126 1255 1163; x_wconf 84' lang='lat' dir='ltr'>corde,</span> <span class='ocrx_word' id='word_1_332' title='bbox 1275 1126 1482 1155; x_wconf 80' lang='lat' dir='ltr'>lamentabatur.</span> <span class='ocrx_word' id='word_1_333' title='bbox 1501 1125 1577 1162; x_wconf 87' lang='lat' dir='ltr'><strong>Quid</strong></span> <span class='ocrx_word' id='word_1_334' title='bbox 1602 1125 1673 1154; x_wconf 85' lang='lat' dir='ltr'>enim</span> <span class='ocrx_word' id='word_1_335' title='bbox 1684 1141 1767 1162; x_wconf 57' lang='lat' dir='ltr'>nerum</span> <span class='ocrx_word' id='word_1_336' title='bbox 1787 1140 1831 1160; x_wconf 58' lang='lat' dir='ltr'>iffi„</span> 
     </span>
     <span class='ocr_line' id='line_1_22' title="bbox 103 1171 1799 1212; baseline 0.001 -13"><span class='ocrx_word' id='word_1_337' title='bbox 103 1171 149 1200; x_wconf 77' lang='grc' dir='ltr'>καὶ</span> <span class='ocrx_word' id='word_1_338' title='bbox 165 1171 260 1210; x_wconf 79' lang='grc' dir='ltr'>φύλλον</span> <span class='ocrx_word' id='word_1_339' title='bbox 281 1171 486 1212; x_wconf 84' lang='grc' dir='ltr'>περιφερόμενον</span> <span class='ocrx_word' id='word_1_340' title='bbox 508 1172 554 1200; x_wconf 78' lang='grc' dir='ltr'>καὶ</span> <span class='ocrx_word' id='word_1_341' title='bbox 572 1172 662 1208; x_wconf 76' lang='grc' dir='ltr'>ἄνθος,</span> <span class='ocrx_word' id='word_1_342' title='bbox 675 1171 739 1211; x_wconf 77' lang='grc' dir='ltr'>ὄναρ</span> <span class='ocrx_word' id='word_1_343' title='bbox 757 1172 802 1200; x_wconf 80' lang='grc' dir='ltr'>καὶ</span> <span class='ocrx_word' id='word_1_344' title='bbox 818 1172 874 1207; x_wconf 77' lang='grc' dir='ltr'>διή-</span> <span class='ocrx_word' id='word_1_345' title='bbox 931 1181 993 1202; x_wconf 84' lang='lat' dir='ltr'>sunt</span> <span class='ocrx_word' id='word_1_346' title='bbox 1018 1183 1059 1202; x_wconf 90' lang='lat' dir='ltr'>res</span> <span class='ocrx_word' id='word_1_347' title='bbox 1081 1172 1229 1201; x_wconf 73' lang='lat' dir='ltr'>humanae?</span> <span class='ocrx_word' id='word_1_348' title='bbox 1251 1172 1318 1200; x_wconf 84' lang='lat' dir='ltr'>cinis</span> <span class='ocrx_word' id='word_1_349' title='bbox 1332 1178 1357 1200; x_wconf 90' lang='lat' dir='ltr'>et</span> <span class='ocrx_word' id='word_1_350' title='bbox 1370 1172 1477 1211; x_wconf 62' lang='lat' dir='ltr'>pulxiS,</span> <span class='ocrx_word' id='word_1_351' title='bbox 1493 1178 1517 1200; x_wconf 88' lang='lat' dir='ltr'>et</span> <span class='ocrx_word' id='word_1_352' title='bbox 1539 1178 1746 1210; x_wconf 63' lang='lat' dir='ltr'>tamquammm</span> <span class='ocrx_word' id='word_1_353' title='bbox 1751 1179 1799 1192; x_wconf 71' lang='lat'>¹¹¹¹¹2</span> 
     </span>
     <span class='ocr_line' id='line_1_23' title="bbox 103 1210 1757 1260; baseline 0 -14"><span class='ocrx_word' id='word_1_354' title='bbox 103 1229 196 1256; x_wconf 78' lang='grc' dir='ltr'>γημα,</span> <span class='ocrx_word' id='word_1_355' title='bbox 217 1217 261 1246; x_wconf 85' lang='grc' dir='ltr'>καὶ</span> <span class='ocrx_word' id='word_1_356' title='bbox 283 1221 379 1257; x_wconf 82' lang='grc' dir='ltr'>μῦθος,</span> <span class='ocrx_word' id='word_1_357' title='bbox 401 1219 497 1256; x_wconf 84' lang='grc' dir='ltr'>ἄνεμος</span> <span class='ocrx_word' id='word_1_358' title='bbox 521 1218 566 1247; x_wconf 81' lang='grc' dir='ltr'>καὶ</span> <span class='ocrx_word' id='word_1_359' title='bbox 592 1218 643 1257; x_wconf 83' lang='grc' dir='ltr'>ἀὴρ</span> <span class='ocrx_word' id='word_1_360' title='bbox 666 1221 764 1258; x_wconf 79' lang='grc' dir='ltr'>χαῦνος</span> <span class='ocrx_word' id='word_1_361' title='bbox 787 1219 877 1252; x_wconf 82' lang='grc' dir='ltr'>ἁπλῶς</span> <span class='ocrx_word' id='word_1_362' title='bbox 930 1220 1021 1260; x_wconf 81' lang='lat' dir='ltr'>pulvis</span> <span class='ocrx_word' id='word_1_363' title='bbox 1042 1226 1103 1248; x_wconf 79' lang='lat' dir='ltr'>ante</span> <span class='ocrx_word' id='word_1_364' title='bbox 1115 1219 1210 1248; x_wconf 78' lang='lat' dir='ltr'>faciem</span> <span class='ocrx_word' id='word_1_365' title='bbox 1231 1218 1315 1253; x_wconf 70' lang='lat' dir='ltr'>venti,</span> <span class='ocrx_word' id='word_1_366' title='bbox 1331 1219 1422 1247; x_wconf 88' lang='lat' dir='ltr'>fumus</span> <span class='ocrx_word' id='word_1_367' title='bbox 1433 1225 1458 1246; x_wconf 90' lang='lat' dir='ltr'>et</span> <span class='ocrx_word' id='word_1_368' title='bbox 1471 1218 1585 1253; x_wconf 70' lang='lat' dir='ltr'>umbra,</span> <span class='ocrx_word' id='word_1_369' title='bbox 1598 1225 1621 1247; x_wconf 77' lang='lat' dir='ltr'>et</span> <span class='ocrx_word' id='word_1_370' title='bbox 1636 1219 1674 1246; x_wconf 84' lang='lat' dir='ltr'>fu·</span> <span class='ocrx_word' id='word_1_371' title='bbox 1686 1210 1757 1224; x_wconf 59' lang='lat'>‘³¹¹¹&#39;</span> 
     </span>
     <span class='ocr_line' id='line_1_24' title="bbox 104 1241 1677 1323; baseline -0.002 -29"><span class='ocrx_word' id='word_1_372' title='bbox 104 1264 195 1304; x_wconf 80' lang='grc' dir='ltr'>διαῤῥέ</span> <span class='ocrx_word' id='word_1_373' title='bbox 195 1276 241 1300; x_wconf 86' lang='grc' dir='ltr'>ων,</span> <span class='ocrx_word' id='word_1_374' title='bbox 255 1264 350 1303; x_wconf 82' lang='grc' dir='ltr'>πτερὸν</span> <span class='ocrx_word' id='word_1_375' title='bbox 365 1266 414 1304; x_wconf 77' lang='grc' dir='ltr'>οὔχ</span> <span class='ocrx_word' id='word_1_376' title='bbox 431 1265 581 1303; x_wconf 84' lang='grc' dir='ltr'>ἱστάμενον,</span> <span class='ocrx_word' id='word_1_377' title='bbox 597 1267 680 1304; x_wconf 81' lang='grc' dir='ltr'>ῥευμα</span> <span class='ocrx_word' id='word_1_378' title='bbox 698 1265 876 1323; x_wconf 76' lang='grc' dir='ltr'>παρατρέχον,</span> <span class='ocrx_word' id='word_1_379' title='bbox 930 1267 998 1295; x_wconf 87' lang='lat' dir='ltr'>lium</span> <span class='ocrx_word' id='word_1_380' title='bbox 1013 1265 1086 1305; x_wconf 91' lang='lat' dir='ltr'>quod</span> <span class='ocrx_word' id='word_1_381' title='bbox 1110 1265 1298 1294; x_wconf 77' lang='lat' dir='ltr'>circumfertur</span> <span class='ocrx_word' id='word_1_382' title='bbox 1321 1271 1346 1293; x_wconf 84' lang='lat' dir='ltr'>et</span> <span class='ocrx_word' id='word_1_383' title='bbox 1367 1264 1431 1300; x_wconf 82' lang='lat' dir='ltr'>flos,</span> <span class='ocrx_word' id='word_1_384' title='bbox 1450 1270 1475 1291; x_wconf 86' lang='lat' dir='ltr'>et</span> <span class='ocrx_word' id='word_1_385' title='bbox 1501 1241 1635 1292; x_wconf 84' lang='lat' dir='ltr'>somnium</span> <span class='ocrx_word' id='word_1_386' title='bbox 1652 1270 1677 1292; x_wconf 83' lang='lat' dir='ltr'>et</span> 
     </span>
    </p>

    <p class='ocr_par' dir='ltr' id='par_1_14' title="bbox 104 1309 1678 1351">
     <span class='ocr_line' id='line_1_25' title="bbox 104 1309 1678 1351; baseline 0 -13"><span class='ocrx_word' id='word_1_387' title='bbox 104 1309 117 1325; x_wconf 69' lang='lat'>”</span> <span class='ocrx_word' id='word_1_388' title='bbox 129 1310 174 1339; x_wconf 82' lang='grc' dir='ltr'>καὶ</span> <span class='ocrx_word' id='word_1_389' title='bbox 189 1322 212 1339; x_wconf 90' lang='grc' dir='ltr'>ει</span> <span class='ocrx_word' id='word_1_390' title='bbox 225 1322 251 1339; x_wconf 86' lang='grc' dir='ltr'>τι</span> <span class='ocrx_word' id='word_1_391' title='bbox 266 1310 364 1340; x_wconf 84' lang='grc' dir='ltr'>τούτων</span> <span class='ocrx_word' id='word_1_392' title='bbox 379 1311 610 1351; x_wconf 77' lang='grc' dir='ltr'>οὖδαμινέστερον</span> <span class='ocrx_word' id='word_1_393' title='bbox 620 1311 647 1340; x_wconf 85' lang='grc' dir='ltr'>τί</span> <span class='ocrx_word' id='word_1_394' title='bbox 660 1311 712 1350; x_wconf 82' lang='grc' dir='ltr'>γὰρ</span> <span class='ocrx_word' id='word_1_395' title='bbox 722 1334 729 1348; x_wconf 95' lang='grc'>,</span> <span class='ocrx_word' id='word_1_396' title='bbox 740 1311 798 1340; x_wconf 79' lang='grc' dir='ltr'>εἶπέ</span> <span class='ocrx_word' id='word_1_397' title='bbox 815 1323 877 1350; x_wconf 80' lang='grc' dir='ltr'>μοι,</span> <span class='ocrx_word' id='word_1_398' title='bbox 930 1314 1049 1344; x_wconf 81' lang='lat' dir='ltr'>narratio</span> <span class='ocrx_word' id='word_1_399' title='bbox 1061 1321 1089 1343; x_wconf 84' lang='lat' dir='ltr'>et</span> <span class='ocrx_word' id='word_1_400' title='bbox 1103 1313 1215 1349; x_wconf 76' lang='lat' dir='ltr'>fabula,</span> <span class='ocrx_word' id='word_1_401' title='bbox 1230 1319 1327 1341; x_wconf 72' lang='lat' dir='ltr'>ventus</span> <span class='ocrx_word' id='word_1_402' title='bbox 1354 1318 1379 1340; x_wconf 89' lang='lat' dir='ltr'>et</span> <span class='ocrx_word' id='word_1_403' title='bbox 1403 1321 1448 1340; x_wconf 79' lang='lat' dir='ltr'>aer</span> <span class='ocrx_word' id='word_1_404' title='bbox 1464 1310 1555 1339; x_wconf 86' lang='lat' dir='ltr'>mollis</span> <span class='ocrx_word' id='word_1_405' title='bbox 1580 1318 1678 1339; x_wconf 85' lang='lat' dir='ltr'>temere</span> 
     </span>
    </p>

    <p class='ocr_par' dir='ltr' id='par_1_15' title="bbox 105 1356 1677 1400">
     <span class='ocr_line' id='line_1_26' title="bbox 105 1356 1677 1400; baseline -0.004 -9"><span class='ocrx_word' id='word_1_406' title='bbox 105 1356 175 1396; x_wconf 74' lang='grc' dir='ltr'>μέγα</span> <span class='ocrx_word' id='word_1_407' title='bbox 189 1357 316 1395; x_wconf 52' lang='grc' dir='ltr'>νομίζεις</span> <span class='ocrx_word' id='word_1_408' title='bbox 327 1361 400 1386; x_wconf 75' lang='grc' dir='ltr'>πῡῑον</span> <span class='ocrx_word' id='word_1_409' title='bbox 417 1359 470 1396; x_wconf 75' lang='grc' dir='ltr'>ἧγῇ</span> <span class='ocrx_word' id='word_1_410' title='bbox 486 1357 554 1397; x_wconf 68' lang='grc' dir='ltr'>μέγα</span> <span class='ocrx_word' id='word_1_411' title='bbox 569 1357 673 1396; x_wconf 69' lang='grc' dir='ltr'>ἀξίωμα</span> <span class='ocrx_word' id='word_1_412' title='bbox 688 1361 767 1389; x_wconf 55' lang='lat' dir='ltr'>sivan</span> <span class='ocrx_word' id='word_1_413' title='bbox 788 1370 818 1387; x_wconf 81' lang='grc' dir='ltr'>το</span> <span class='ocrx_word' id='word_1_414' title='bbox 832 1359 876 1386; x_wconf 68' lang='grc' dir='ltr'>τοῦ</span> <span class='ocrx_word' id='word_1_415' title='bbox 929 1361 1070 1397; x_wconf 79' lang='lat' dir='ltr'>diffluens,</span> <span class='ocrx_word' id='word_1_416' title='bbox 1085 1370 1173 1400; x_wconf 80' lang='lat' dir='ltr'>penna</span> <span class='ocrx_word' id='word_1_417' title='bbox 1184 1369 1235 1388; x_wconf 90' lang='lat' dir='ltr'>non</span> <span class='ocrx_word' id='word_1_418' title='bbox 1249 1358 1410 1394; x_wconf 82' lang='lat' dir='ltr'>consistens,</span> <span class='ocrx_word' id='word_1_419' title='bbox 1423 1358 1554 1386; x_wconf 88' lang='lat' dir='ltr'>fluentum</span> <span class='ocrx_word' id='word_1_420' title='bbox 1566 1364 1677 1396; x_wconf 74' lang='lat' dir='ltr'>prae-ter</span> 
     </span>
    </p>

    <p class='ocr_par' dir='ltr' id='par_1_16' title="bbox 103 1399 1677 1491">
     <span class='ocr_line' id='line_1_27' title="bbox 103 1399 1677 1447; baseline 0.002 -16"><span class='ocrx_word' id='word_1_421' title='bbox 103 1403 218 1440; x_wconf 71' lang='grc' dir='ltr'>ὑπάτους</span> <span class='ocrx_word' id='word_1_422' title='bbox 231 1403 289 1432; x_wconf 79' lang='grc' dir='ltr'>οὐδὲ</span> <span class='ocrx_word' id='word_1_423' title='bbox 292 1415 304 1431; x_wconf 95' lang='grc' dir='ltr'>ν</span> <span class='ocrx_word' id='word_1_424' title='bbox 319 1402 370 1443; x_wconf 73' lang='grc' dir='ltr'>γὰρ</span> <span class='ocrx_word' id='word_1_425' title='bbox 383 1403 474 1432; x_wconf 79' lang='grc' dir='ltr'>τούτου</span> <span class='ocrx_word' id='word_1_426' title='bbox 489 1405 534 1432; x_wconf 75' lang='grc' dir='ltr'>τοῦ</span> <span class='ocrx_word' id='word_1_427' title='bbox 550 1402 698 1440; x_wconf 81' lang='grc' dir='ltr'>ἀξιώματος</span> <span class='ocrx_word' id='word_1_428' title='bbox 710 1399 777 1432; x_wconf 72' lang='grc' dir='ltr'>εἶναι</span> <span class='ocrx_word' id='word_1_429' title='bbox 789 1405 875 1442; x_wconf 85' lang='grc' dir='ltr'>μεῖζον</span> <span class='ocrx_word' id='word_1_430' title='bbox 886 1428 920 1447; x_wconf 56' lang='lat'>¹⁰¹</span> <span class='ocrx_word' id='word_1_431' title='bbox 931 1418 1051 1442; x_wconf 69' lang='lat' dir='ltr'>currens,</span> <span class='ocrx_word' id='word_1_432' title='bbox 1069 1413 1094 1436; x_wconf 82' lang='lat' dir='ltr'>et</span> <span class='ocrx_word' id='word_1_433' title='bbox 1111 1417 1171 1445; x_wconf 57' lang='lat' dir='ltr'>quse</span> <span class='ocrx_word' id='word_1_434' title='bbox 1199 1412 1261 1434; x_wconf 85' lang='lat' dir='ltr'>sunt</span> <span class='ocrx_word' id='word_1_435' title='bbox 1287 1415 1370 1443; x_wconf 80' lang='lat' dir='ltr'>quam</span> <span class='ocrx_word' id='word_1_436' title='bbox 1399 1404 1454 1432; x_wconf 80' lang='lat' dir='ltr'>haec</span> <span class='ocrx_word' id='word_1_437' title='bbox 1480 1413 1566 1441; x_wconf 68' lang='lat' dir='ltr'>magls</span> <span class='ocrx_word' id='word_1_438' title='bbox 1588 1402 1677 1430; x_wconf 74' lang='lat' dir='ltr'>nihili</span> 
     </span>
     <span class='ocr_line' id='line_1_28' title="bbox 103 1449 1677 1491; baseline 0 -14"><span class='ocrx_word' id='word_1_439' title='bbox 103 1449 252 1488; x_wconf 85' lang='grc' dir='ltr'>νομίζουσιν</span> <span class='ocrx_word' id='word_1_440' title='bbox 267 1462 291 1479; x_wconf 92' lang='grc' dir='ltr'>οι</span> <span class='ocrx_word' id='word_1_441' title='bbox 307 1450 409 1478; x_wconf 67' lang='grc' dir='ltr'>ποὶλοί.</span> <span class='ocrx_word' id='word_1_442' title='bbox 421 1450 502 1478; x_wconf 57' lang='lat' dir='ltr'>&#39;long</span> <span class='ocrx_word' id='word_1_443' title='bbox 491 1462 517 1479; x_wconf 88' lang='grc' dir='ltr'>εν</span> <span class='ocrx_word' id='word_1_444' title='bbox 531 1461 669 1488; x_wconf 82' lang='grc' dir='ltr'>τοσαυτῃ</span> <span class='ocrx_word' id='word_1_445' title='bbox 657 1449 742 1478; x_wconf 83' lang='grc' dir='ltr'>τοίνυν</span> <span class='ocrx_word' id='word_1_446' title='bbox 752 1450 876 1490; x_wconf 81' lang='grc' dir='ltr'>λαμπρό-</span> <span class='ocrx_word' id='word_1_447' title='bbox 894 1457 913 1478; x_wconf 80' lang='grc' dir='ltr'><strong>Α</strong></span> <span class='ocrx_word' id='word_1_448' title='bbox 931 1453 1007 1491; x_wconf 84' lang='lat' dir='ltr'>Quid</span> <span class='ocrx_word' id='word_1_449' title='bbox 1033 1453 1105 1482; x_wconf 84' lang='lat' dir='ltr'>enim</span> <span class='ocrx_word' id='word_1_450' title='bbox 1119 1475 1126 1488; x_wconf 88' lang='lat'>‚</span> <span class='ocrx_word' id='word_1_451' title='bbox 1154 1452 1199 1480; x_wconf 85' lang='lat' dir='ltr'>dic</span> <span class='ocrx_word' id='word_1_452' title='bbox 1223 1462 1312 1490; x_wconf 79' lang='lat' dir='ltr'>quaeso</span> <span class='ocrx_word' id='word_1_453' title='bbox 1323 1473 1332 1486; x_wconf 89' lang='lat'><em>,</em></span> <span class='ocrx_word' id='word_1_454' title='bbox 1357 1460 1487 1488; x_wconf 82' lang='lat' dir='ltr'>magnum</span> <span class='ocrx_word' id='word_1_455' title='bbox 1514 1449 1671 1478; x_wconf 79' lang='lat' dir='ltr'>existimas</span> <span class='ocrx_word' id='word_1_456' title='bbox 1665 1450 1677 1465; x_wconf 80' lang='lat'><em>&#39;</em></span> 
     </span>
    </p>

    <p class='ocr_par' dir='ltr' id='par_1_17' title="bbox 103 1472 1678 1628">
     <span class='ocr_line' id='line_1_29' title="bbox 103 1472 1678 1537; baseline -0.006 -7"><span class='ocrx_word' id='word_1_457' title='bbox 103 1507 164 1531; x_wconf 70' lang='grc' dir='ltr'>τητῑ</span> <span class='ocrx_word' id='word_1_458' title='bbox 187 1495 343 1534; x_wconf 69' lang='grc' dir='ltr'>γενομένου,</span> <span class='ocrx_word' id='word_1_459' title='bbox 361 1498 406 1524; x_wconf 67' lang='grc' dir='ltr'>τοῦ</span> <span class='ocrx_word' id='word_1_460' title='bbox 431 1495 552 1534; x_wconf 72' lang='grc' dir='ltr'>μεγάλως</span> <span class='ocrx_word' id='word_1_461' title='bbox 573 1495 781 1533; x_wconf 72' lang='grc' dir='ltr'>θαυμασθέντος,</span> <span class='ocrx_word' id='word_1_462' title='bbox 801 1498 815 1525; x_wconf 81' lang='grc' dir='ltr'><strong>ὃ</strong></span> <span class='ocrx_word' id='word_1_463' title='bbox 839 1495 876 1534; x_wconf 90' lang='grc' dir='ltr'>μὴ</span> <span class='ocrx_word' id='word_1_464' title='bbox 931 1507 1095 1537; x_wconf 83' lang='lat' dir='ltr'>quamquam</span> <span class='ocrx_word' id='word_1_465' title='bbox 1110 1503 1189 1536; x_wconf 84' lang='lat' dir='ltr'>putas</span> <span class='ocrx_word' id='word_1_466' title='bbox 1203 1505 1328 1533; x_wconf 78' lang='lat' dir='ltr'>magnam</span> <span class='ocrx_word' id='word_1_467' title='bbox 1344 1505 1399 1523; x_wconf 87' lang='lat' dir='ltr'>esse</span> <span class='ocrx_word' id='word_1_468' title='bbox 1403 1472 1598 1532; x_wconf 58' lang='grc' dir='ltr'>ὃᾱίςῠὶῐῑιῐοωὶ)</span> <span class='ocrx_word' id='word_1_469' title='bbox 1613 1503 1678 1521; x_wconf 88' lang='lat' dir='ltr'>cou-</span> 
     </span>
     <span class='ocr_line' id='line_1_30' title="bbox 103 1536 1678 1581; baseline -0.003 -12"><span class='ocrx_word' id='word_1_470' title='bbox 103 1540 202 1575; x_wconf 84' lang='grc' dir='ltr'>υπατος</span> <span class='ocrx_word' id='word_1_471' title='bbox 222 1541 329 1571; x_wconf 81' lang='grc' dir='ltr'>ἔλαττον</span> <span class='ocrx_word' id='word_1_472' title='bbox 355 1541 399 1581; x_wconf 79' lang='grc' dir='ltr'>ἔχε</span> <span class='ocrx_word' id='word_1_473' title='bbox 388 1554 411 1570; x_wconf 86' lang='grc' dir='ltr'>ι</span> <span class='ocrx_word' id='word_1_474' title='bbox 431 1542 517 1570; x_wconf 79' lang='grc' dir='ltr'>οὐδέν·</span> <span class='ocrx_word' id='word_1_475' title='bbox 533 1543 559 1570; x_wconf 84' lang='grc' dir='ltr'>ἐν</span> <span class='ocrx_word' id='word_1_476' title='bbox 581 1543 619 1580; x_wconf 84' lang='grc' dir='ltr'>τῷ</span> <span class='ocrx_word' id='word_1_477' title='bbox 639 1542 710 1570; x_wconf 85' lang='grc' dir='ltr'>αυτῶ</span> <span class='ocrx_word' id='word_1_478' title='bbox 733 1542 779 1571; x_wconf 76' lang='grc' dir='ltr'>καὶ</span> <span class='ocrx_word' id='word_1_479' title='bbox 803 1537 877 1575; x_wconf 65' lang='grc' dir='ltr'>οὗτος</span> <span class='ocrx_word' id='word_1_480' title='bbox 931 1542 1015 1571; x_wconf 80' lang='lat' dir='ltr'>sulis?</span> <span class='ocrx_word' id='word_1_481' title='bbox 1025 1552 1088 1570; x_wconf 81' lang='lat' dir='ltr'>nam</span> <span class='ocrx_word' id='word_1_482' title='bbox 1099 1541 1150 1569; x_wconf 83' lang='lat' dir='ltr'>hac</span> <span class='ocrx_word' id='word_1_483' title='bbox 1163 1539 1296 1578; x_wconf 80' lang='lat' dir='ltr'>dignitate</span> <span class='ocrx_word' id='word_1_484' title='bbox 1307 1538 1410 1567; x_wconf 77' lang='lat' dir='ltr'>nullam</span> <span class='ocrx_word' id='word_1_485' title='bbox 1425 1537 1563 1566; x_wconf 79' lang='lat' dir='ltr'>existimat</span> <span class='ocrx_word' id='word_1_486' title='bbox 1579 1536 1678 1575; x_wconf 76' lang='lat' dir='ltr'>vulgus</span> 
     </span>
     <span class='ocr_line' id='line_1_31' title="bbox 103 1562 1677 1628; baseline -0.005 -11"><span class='ocrx_word' id='word_1_487' title='bbox 103 1588 222 1621; x_wconf 74' lang='grc' dir='ltr'>κάκεῖνός</span> <span class='ocrx_word' id='word_1_488' title='bbox 234 1589 304 1617; x_wconf 82' lang='grc' dir='ltr'>ἐστιν</span> <span class='ocrx_word' id='word_1_489' title='bbox 317 1588 347 1621; x_wconf 75' lang='grc' dir='ltr'>αἰξ</span> <span class='ocrx_word' id='word_1_490' title='bbox 351 1587 461 1626; x_wconf 83' lang='grc' dir='ltr'>ιώματι·</span> <span class='ocrx_word' id='word_1_491' title='bbox 474 1588 570 1626; x_wconf 81' lang='grc' dir='ltr'>ὁμοίως</span> <span class='ocrx_word' id='word_1_492' title='bbox 585 1587 726 1628; x_wconf 79' lang='grc' dir='ltr'>ἑκάτεροι</span> <span class='ocrx_word' id='word_1_493' title='bbox 721 1600 753 1617; x_wconf 88' lang='grc' dir='ltr'>υ.ε</span> <span class='ocrx_word' id='word_1_494' title='bbox 755 1590 778 1616; x_wconf 82' lang='grc' dir='ltr'>τ’</span> <span class='ocrx_word' id='word_1_495' title='bbox 791 1588 877 1627; x_wconf 79' lang='grc' dir='ltr'>ὀλίγον</span> <span class='ocrx_word' id='word_1_496' title='bbox 931 1597 987 1616; x_wconf 87' lang='lat' dir='ltr'>csse</span> <span class='ocrx_word' id='word_1_497' title='bbox 1002 1586 1140 1625; x_wconf 83' lang='lat' dir='ltr'>majorem.</span> <span class='ocrx_word' id='word_1_498' title='bbox 1158 1562 1210 1614; x_wconf 62' lang='lat' dir='ltr'>EoD</span> <span class='ocrx_word' id='word_1_499' title='bbox 1212 1594 1274 1623; x_wconf 86' lang='lat' dir='ltr'>ergo</span> <span class='ocrx_word' id='word_1_500' title='bbox 1288 1583 1335 1622; x_wconf 84' lang='lat' dir='ltr'>qui</span> <span class='ocrx_word' id='word_1_501' title='bbox 1351 1590 1424 1611; x_wconf 75' lang='lat' dir='ltr'>tanto</span> <span class='ocrx_word' id='word_1_502' title='bbox 1446 1582 1496 1611; x_wconf 86' lang='lat' dir='ltr'>fuit</span> <span class='ocrx_word' id='word_1_503' title='bbox 1517 1581 1659 1621; x_wconf 83' lang='lat' dir='ltr'>splendore</span> <span class='ocrx_word' id='word_1_504' title='bbox 1670 1604 1677 1617; x_wconf 88' lang='lat'>‚</span> 
     </span>
    </p>

    <p class='ocr_par' dir='ltr' id='par_1_18' title="bbox 103 1627 1677 1673">
     <span class='ocr_line' id='line_1_32' title="bbox 103 1627 1677 1673; baseline -0.004 -11"><span class='ocrx_word' id='word_1_505' title='bbox 103 1634 150 1663; x_wconf 77' lang='grc' dir='ltr'>οὔκ</span> <span class='ocrx_word' id='word_1_506' title='bbox 166 1634 225 1663; x_wconf 83' lang='grc' dir='ltr'>εἰσί.</span> <span class='ocrx_word' id='word_1_507' title='bbox 240 1634 311 1663; x_wconf 84' lang='grc' dir='ltr'>Πότε</span> <span class='ocrx_word' id='word_1_508' title='bbox 326 1634 442 1672; x_wconf 80' lang='grc' dir='ltr'>ἐγένετο,</span> <span class='ocrx_word' id='word_1_509' title='bbox 454 1634 535 1664; x_wconf 86' lang='grc' dir='ltr'>πόσον</span> <span class='ocrx_word' id='word_1_510' title='bbox 551 1634 655 1673; x_wconf 77' lang='grc' dir='ltr'>χρόνον,</span> <span class='ocrx_word' id='word_1_511' title='bbox 672 1634 729 1663; x_wconf 82' lang='grc' dir='ltr'>εἰπέ</span> <span class='ocrx_word' id='word_1_512' title='bbox 745 1646 802 1672; x_wconf 69' lang='grc' dir='ltr'>μοι,</span> <span class='ocrx_word' id='word_1_513' title='bbox 813 1637 877 1672; x_wconf 82' lang='grc' dir='ltr'>ἡμε-</span> <span class='ocrx_word' id='word_1_514' title='bbox 932 1633 979 1672; x_wconf 89' lang='lat' dir='ltr'>qui</span> <span class='ocrx_word' id='word_1_515' title='bbox 994 1632 1082 1662; x_wconf 85' lang='lat' dir='ltr'>fuitin</span> <span class='ocrx_word' id='word_1_516' title='bbox 1094 1641 1192 1671; x_wconf 81' lang='lat' dir='ltr'>magna</span> <span class='ocrx_word' id='word_1_517' title='bbox 1201 1630 1312 1660; x_wconf 80' lang='lat' dir='ltr'>habitus</span> <span class='ocrx_word' id='word_1_518' title='bbox 1329 1629 1518 1664; x_wconf 72' lang='lat' dir='ltr'>admiratione,</span> <span class='ocrx_word' id='word_1_519' title='bbox 1530 1628 1552 1656; x_wconf 89' lang='lat' dir='ltr'>is</span> <span class='ocrx_word' id='word_1_520' title='bbox 1567 1627 1677 1666; x_wconf 83' lang='lat' dir='ltr'>quinon</span> 
     </span>
    </p>
   </div>
   <div class='ocr_carea' id='block_1_3' title="bbox 138 1726 1677 1804">
    <p class='ocr_par' dir='ltr' id='par_1_19' title="bbox 138 1726 1677 1804">
     <span class='ocr_line' id='line_1_33' title="bbox 138 1726 1677 1765; baseline -0.004 -9"><span class='ocrx_word' id='word_1_521' title='bbox 138 1739 148 1751; x_wconf 71' lang='grc' dir='ltr'><strong><em>ι</em></strong></span> <span class='ocrx_word' id='word_1_522' title='bbox 166 1731 239 1756; x_wconf 90' lang='lat' dir='ltr'>Colb.</span> <span class='ocrx_word' id='word_1_523' title='bbox 254 1731 294 1765; x_wconf 78' lang='lat' dir='ltr'>[A.</span> <span class='ocrx_word' id='word_1_524' title='bbox 307 1732 335 1756; x_wconf 85' lang='lat' dir='ltr'>B.</span> <span class='ocrx_word' id='word_1_525' title='bbox 350 1737 375 1756; x_wconf 85' lang='lat' dir='ltr'>et</span> <span class='ocrx_word' id='word_1_526' title='bbox 387 1731 524 1765; x_wconf 59' lang='lat' dir='ltr'>Commeat]</span> <span class='ocrx_word' id='word_1_527' title='bbox 537 1736 688 1764; x_wconf 69' lang='grc' dir='ltr'>στενάξωμεν.</span> <span class='ocrx_word' id='word_1_528' title='bbox 917 1730 1003 1762; x_wconf 91' lang='lat' dir='ltr'>Colb.,</span> <span class='ocrx_word' id='word_1_529' title='bbox 1015 1729 1058 1763; x_wconf 86' lang='lat' dir='ltr'>qui</span> <span class='ocrx_word' id='word_1_530' title='bbox 1077 1731 1102 1756; x_wconf 85' lang='lat' dir='ltr'>in</span> <span class='ocrx_word' id='word_1_531' title='bbox 1116 1730 1168 1754; x_wconf 79' lang='lat' dir='ltr'>hoec</span> <span class='ocrx_word' id='word_1_532' title='bbox 1188 1728 1264 1755; x_wconf 79' lang='lat' dir='ltr'>verba</span> <span class='ocrx_word' id='word_1_533' title='bbox 1277 1727 1371 1755; x_wconf 82' lang='lat' dir='ltr'>desinit</span> <span class='ocrx_word' id='word_1_534' title='bbox 1387 1733 1413 1753; x_wconf 81' lang='lat' dir='ltr'>et</span> <span class='ocrx_word' id='word_1_535' title='bbox 1429 1726 1560 1754; x_wconf 84' lang='lat' dir='ltr'>homiliam</span> <span class='ocrx_word' id='word_1_536' title='bbox 1581 1734 1677 1752; x_wconf 83' lang='lat' dir='ltr'>nonam</span> 
     </span>
     <span class='ocr_line' id='line_1_34' title="bbox 138 1769 1023 1804; baseline -0.003 -7"><span class='ocrx_word' id='word_1_537' title='bbox 138 1772 151 1790; x_wconf 57' lang='lat' dir='ltr'>b</span> <span class='ocrx_word' id='word_1_538' title='bbox 169 1775 210 1797; x_wconf 64' lang='lat' dir='ltr'>Ka)</span> <span class='ocrx_word' id='word_1_539' title='bbox 224 1774 257 1797; x_wconf 81' lang='grc' dir='ltr'>ἔτι</span> <span class='ocrx_word' id='word_1_540' title='bbox 267 1774 352 1797; x_wconf 67' lang='grc' dir='ltr'>τούτων</span> <span class='ocrx_word' id='word_1_541' title='bbox 364 1773 549 1804; x_wconf 67' lang='grc' dir='ltr'>οὗδαμινέπερα.</span> <span class='ocrx_word' id='word_1_542' title='bbox 569 1771 611 1796; x_wconf 83' lang='lat' dir='ltr'>Sic</span> <span class='ocrx_word' id='word_1_543' title='bbox 623 1770 662 1804; x_wconf 76' lang='grc' dir='ltr'>[Α.</span> <span class='ocrx_word' id='word_1_544' title='bbox 675 1771 694 1796; x_wconf 79' lang='grc' dir='ltr'><strong>Β</strong></span> <span class='ocrx_word' id='word_1_545' title='bbox 717 1770 817 1796; x_wconf 72' lang='grc' dir='ltr'>Ουῐῃηὶ.</span> <span class='ocrx_word' id='word_1_546' title='bbox 829 1771 868 1803; x_wconf 80' lang='lat' dir='ltr'>et]</span> <span class='ocrx_word' id='word_1_547' title='bbox 918 1769 1023 1795; x_wconf 72' lang='lat' dir='ltr'>claudit.</span> 
     </span>
    </p>
   </div>
   <div class='ocr_carea' id='block_1_4' title="bbox 527 1884 1257 1916">
    <p class='ocr_par' dir='ltr' id='par_1_20' title="bbox 527 1884 1257 1916">
     <span class='ocr_line' id='line_1_35' title="bbox 527 1884 1257 1916; baseline -0.001 -1"><span class='ocrx_word' id='word_1_548' title='bbox 527 1886 704 1916; x_wconf 76' lang='lat' dir='ltr'><strong>MUTIANO</strong></span> <span class='ocrx_word' id='word_1_549' title='bbox 726 1886 984 1916; x_wconf 77' lang='lat' dir='ltr'>SCHOLASTICO</span> <span class='ocrx_word' id='word_1_550' title='bbox 1005 1885 1221 1916; x_wconf 84' lang='lat' dir='ltr'><strong>INTERPRET</strong></span> <span class='ocrx_word' id='word_1_551' title='bbox 1225 1884 1257 1914; x_wconf 83' lang='lat' dir='ltr'>E.</span> 
     </span>
    </p>
   </div>
   <div class='ocr_carea' id='block_1_5' title="bbox 103 1982 1675 2641">
    <p class='ocr_par' dir='ltr' id='par_1_21' title="bbox 103 1982 1675 2641">
     <span class='ocr_line' id='line_1_36' title="bbox 105 1982 1675 2027; baseline -0.004 -11"><span class='ocrx_word' id='word_1_552' title='bbox 105 1986 227 2027; x_wconf 87' lang='lat' dir='ltr'>primum</span> <span class='ocrx_word' id='word_1_553' title='bbox 240 1986 447 2024; x_wconf 72' lang='lat' dir='ltr'>constituamus,</span> <span class='ocrx_word' id='word_1_554' title='bbox 459 1993 484 2015; x_wconf 90' lang='lat' dir='ltr'>et</span> <span class='ocrx_word' id='word_1_555' title='bbox 495 1986 586 2015; x_wconf 79' lang='lat' dir='ltr'>omnia</span> <span class='ocrx_word' id='word_1_556' title='bbox 598 1986 686 2015; x_wconf 74' lang='lat' dir='ltr'>facilia</span> <span class='ocrx_word' id='word_1_557' title='bbox 697 1994 775 2016; x_wconf 89' lang='lat' dir='ltr'>erunt</span> <span class='ocrx_word' id='word_1_558' title='bbox 783 1992 807 2015; x_wconf 86' lang='lat' dir='ltr'>et</span> <span class='ocrx_word' id='word_1_559' title='bbox 817 1986 895 2016; x_wconf 82' lang='lat' dir='ltr'>levia.</span> <span class='ocrx_word' id='word_1_560' title='bbox 910 1986 1074 2025; x_wconf 83' lang='lat' dir='ltr'>Incipiamus</span> <span class='ocrx_word' id='word_1_561' title='bbox 1089 1985 1184 2023; x_wconf 76' lang='lat' dir='ltr'>igitur,</span> <span class='ocrx_word' id='word_1_562' title='bbox 1197 1994 1263 2023; x_wconf 84' lang='lat' dir='ltr'>rogo</span> <span class='ocrx_word' id='word_1_563' title='bbox 1275 2006 1282 2020; x_wconf 90' lang='lat'><em>,</em></span> <span class='ocrx_word' id='word_1_564' title='bbox 1297 1990 1323 2012; x_wconf 86' lang='lat' dir='ltr'>et</span> <span class='ocrx_word' id='word_1_565' title='bbox 1337 1983 1404 2012; x_wconf 86' lang='lat' dir='ltr'>alter</span> <span class='ocrx_word' id='word_1_566' title='bbox 1416 1982 1528 2021; x_wconf 84' lang='lat' dir='ltr'>quidem</span> <span class='ocrx_word' id='word_1_567' title='bbox 1543 1982 1675 2011; x_wconf 79' lang='lat' dir='ltr'>orationes</span> 
     </span>
     <span class='ocr_line' id='line_1_37' title="bbox 105 2028 1675 2073; baseline -0.003 -11"><span class='ocrx_word' id='word_1_568' title='bbox 105 2032 278 2073; x_wconf 81' lang='lat' dir='ltr'>protelando,</span> <span class='ocrx_word' id='word_1_569' title='bbox 294 2034 361 2062; x_wconf 81' lang='lat' dir='ltr'>alter</span> <span class='ocrx_word' id='word_1_570' title='bbox 374 2033 473 2073; x_wconf 74' lang='lat' dir='ltr'>saepius</span> <span class='ocrx_word' id='word_1_571' title='bbox 485 2033 673 2073; x_wconf 80' lang='lat' dir='ltr'>lacrymando,</span> <span class='ocrx_word' id='word_1_572' title='bbox 687 2034 755 2062; x_wconf 80' lang='lat' dir='ltr'>alter</span> <span class='ocrx_word' id='word_1_573' title='bbox 768 2034 885 2072; x_wconf 82' lang='lat' dir='ltr'>seipsum</span> <span class='ocrx_word' id='word_1_574' title='bbox 899 2031 1069 2061; x_wconf 77' lang='lat' dir='ltr'>humiliando</span> <span class='ocrx_word' id='word_1_575' title='bbox 1081 2043 1086 2059; x_wconf 73' lang='grc' dir='ltr'>ε</span> <span class='ocrx_word' id='word_1_576' title='bbox 1099 2041 1182 2069; x_wconf 87' lang='lat' dir='ltr'>neque</span> <span class='ocrx_word' id='word_1_577' title='bbox 1194 2030 1264 2059; x_wconf 84' lang='lat' dir='ltr'>enim</span> <span class='ocrx_word' id='word_1_578' title='bbox 1285 2030 1337 2058; x_wconf 85' lang='lat' dir='ltr'>hoc</span> <span class='ocrx_word' id='word_1_579' title='bbox 1357 2040 1473 2069; x_wconf 78' lang='lat' dir='ltr'>parvum</span> <span class='ocrx_word' id='word_1_580' title='bbox 1491 2035 1540 2064; x_wconf 82' lang='lat' dir='ltr'>est,</span> <span class='ocrx_word' id='word_1_581' title='bbox 1557 2028 1601 2058; x_wconf 82' lang='lat' dir='ltr'>vel</span> <span class='ocrx_word' id='word_1_582' title='bbox 1616 2029 1675 2058; x_wconf 89' lang='lat' dir='ltr'>inu—</span> 
     </span>
     <span class='ocr_line' id='line_1_38' title="bbox 104 2076 1674 2120; baseline -0.002 -12"><span class='ocrx_word' id='word_1_583' title='bbox 104 2080 152 2109; x_wconf 86' lang='lat' dir='ltr'>tile</span> <span class='ocrx_word' id='word_1_584' title='bbox 165 2093 171 2108; x_wconf 87' lang='lat'><strong>:</strong></span> <span class='ocrx_word' id='word_1_585' title='bbox 185 2081 253 2109; x_wconf 82' lang='lat' dir='ltr'>Vidi</span> <span class='ocrx_word' id='word_1_586' title='bbox 266 2080 351 2117; x_wconf 82' lang='lat' dir='ltr'>enim,</span> <span class='ocrx_word' id='word_1_587' title='bbox 363 2080 462 2118; x_wconf 83' lang='lat' dir='ltr'>inquit,</span> <span class='ocrx_word' id='word_1_588' title='bbox 476 2082 546 2120; x_wconf 82' lang='lat' dir='ltr'>quia</span> <span class='ocrx_word' id='word_1_589' title='bbox 560 2083 751 2110; x_wconf 77' lang='lat' dir='ltr'>contristatus</span> <span class='ocrx_word' id='word_1_590' title='bbox 766 2087 819 2115; x_wconf 83' lang='lat' dir='ltr'>est,</span> <span class='ocrx_word' id='word_1_591' title='bbox 833 2087 860 2108; x_wconf 84' lang='lat' dir='ltr'>et</span> <span class='ocrx_word' id='word_1_592' title='bbox 873 2081 1013 2119; x_wconf 72' lang='lat' dir='ltr'>processit</span> <span class='ocrx_word' id='word_1_593' title='bbox 1028 2080 1129 2115; x_wconf 79' lang='lat' dir='ltr'>tristis,</span> <span class='ocrx_word' id='word_1_594' title='bbox 1144 2084 1170 2106; x_wconf 82' lang='lat' dir='ltr'>et</span> <span class='ocrx_word' id='word_1_595' title='bbox 1195 2078 1297 2106; x_wconf 69' lang='lat' dir='ltr'>curavi</span> <span class='ocrx_word' id='word_1_596' title='bbox 1311 2078 1380 2105; x_wconf 81' lang='lat' dir='ltr'>vias</span> <span class='ocrx_word' id='word_1_597' title='bbox 1400 2078 1470 2114; x_wconf 80' lang='lat' dir='ltr'>ejus.</span> <span class='ocrx_word' id='word_1_598' title='bbox 1493 2076 1674 2105; x_wconf 88' lang='lat' dir='ltr'>Humiliemus</span> 
     </span>
     <span class='ocr_line' id='line_1_39' title="bbox 104 2124 1672 2168; baseline -0.003 -11"><span class='ocrx_word' id='word_1_599' title='bbox 104 2135 194 2157; x_wconf 82' lang='lat' dir='ltr'>autem</span> <span class='ocrx_word' id='word_1_600' title='bbox 209 2135 314 2157; x_wconf 82' lang='lat' dir='ltr'>nostras</span> <span class='ocrx_word' id='word_1_601' title='bbox 328 2128 442 2161; x_wconf 81' lang='lat' dir='ltr'>animas,</span> <span class='ocrx_word' id='word_1_602' title='bbox 466 2128 648 2168; x_wconf 77' lang='lat' dir='ltr'>eleemosynas</span> <span class='ocrx_word' id='word_1_603' title='bbox 669 2128 801 2166; x_wconf 79' lang='lat' dir='ltr'>faciendo,</span> <span class='ocrx_word' id='word_1_604' title='bbox 815 2135 840 2157; x_wconf 93' lang='lat' dir='ltr'>et</span> <span class='ocrx_word' id='word_1_605' title='bbox 854 2127 1021 2158; x_wconf 84' lang='lat' dir='ltr'>demittendo</span> <span class='ocrx_word' id='word_1_606' title='bbox 1038 2127 1065 2156; x_wconf 91' lang='lat' dir='ltr'>in</span> <span class='ocrx_word' id='word_1_607' title='bbox 1081 2126 1212 2166; x_wconf 82' lang='lat' dir='ltr'>proximis</span> <span class='ocrx_word' id='word_1_608' title='bbox 1228 2131 1346 2165; x_wconf 78' lang='lat' dir='ltr'>peccata,</span> <span class='ocrx_word' id='word_1_609' title='bbox 1359 2132 1384 2153; x_wconf 87' lang='lat' dir='ltr'>et</span> <span class='ocrx_word' id='word_1_610' title='bbox 1396 2135 1448 2153; x_wconf 88' lang='lat' dir='ltr'>nou</span> <span class='ocrx_word' id='word_1_611' title='bbox 1464 2124 1602 2153; x_wconf 84' lang='lat' dir='ltr'>retinendo</span> <span class='ocrx_word' id='word_1_612' title='bbox 1617 2135 1672 2152; x_wconf 80' lang='lat' dir='ltr'>ma-</span> 
     </span>
     <span class='ocr_line' id='line_1_40' title="bbox 103 2172 1674 2215; baseline -0.003 -11"><span class='ocrx_word' id='word_1_613' title='bbox 103 2175 205 2211; x_wconf 87' lang='lat' dir='ltr'>lum,et</span> <span class='ocrx_word' id='word_1_614' title='bbox 217 2185 269 2204; x_wconf 90' lang='lat' dir='ltr'>non</span> <span class='ocrx_word' id='word_1_615' title='bbox 284 2175 459 2205; x_wconf 84' lang='lat' dir='ltr'>vindicando.</span> <span class='ocrx_word' id='word_1_616' title='bbox 471 2176 499 2206; x_wconf 89' lang='lat' dir='ltr'>Si</span> <span class='ocrx_word' id='word_1_617' title='bbox 509 2177 580 2205; x_wconf 90' lang='lat' dir='ltr'>enim</span> <span class='ocrx_word' id='word_1_618' title='bbox 595 2176 742 2215; x_wconf 83' lang='lat' dir='ltr'>cogitemus</span> <span class='ocrx_word' id='word_1_619' title='bbox 758 2177 914 2215; x_wconf 78' lang='lat' dir='ltr'>frequenter,</span> <span class='ocrx_word' id='word_1_620' title='bbox 929 2186 988 2214; x_wconf 80' lang='lat' dir='ltr'>quae</span> <span class='ocrx_word' id='word_1_621' title='bbox 1002 2186 1015 2204; x_wconf 77' lang='lat' dir='ltr'>a</span> <span class='ocrx_word' id='word_1_622' title='bbox 1028 2174 1105 2204; x_wconf 85' lang='lat' dir='ltr'>nobis</span> <span class='ocrx_word' id='word_1_623' title='bbox 1119 2179 1271 2213; x_wconf 79' lang='lat' dir='ltr'>peccantur,</span> <span class='ocrx_word' id='word_1_624' title='bbox 1283 2172 1351 2201; x_wconf 88' lang='lat' dir='ltr'>nihil</span> <span class='ocrx_word' id='word_1_625' title='bbox 1363 2182 1409 2200; x_wconf 85' lang='lat' dir='ltr'>nos</span> <span class='ocrx_word' id='word_1_626' title='bbox 1423 2172 1449 2200; x_wconf 91' lang='lat' dir='ltr'>in</span> <span class='ocrx_word' id='word_1_627' title='bbox 1460 2172 1614 2211; x_wconf 79' lang='lat' dir='ltr'>superbiam</span> <span class='ocrx_word' id='word_1_628' title='bbox 1626 2182 1674 2211; x_wconf 86' lang='lat' dir='ltr'>po-</span> 
     </span>
     <span class='ocr_line' id='line_1_41' title="bbox 104 2218 1672 2262; baseline -0.003 -11"><span class='ocrx_word' id='word_1_629' title='bbox 104 2222 168 2252; x_wconf 81' lang='lat' dir='ltr'>terit</span> <span class='ocrx_word' id='word_1_630' title='bbox 181 2222 286 2252; x_wconf 85' lang='lat' dir='ltr'>elevare</span> <span class='ocrx_word' id='word_1_631' title='bbox 299 2233 392 2251; x_wconf 89' lang='lat' dir='ltr'>eorum</span> <span class='ocrx_word' id='word_1_632' title='bbox 407 2234 467 2262; x_wconf 82' lang='lat' dir='ltr'>quae</span> <span class='ocrx_word' id='word_1_633' title='bbox 482 2224 600 2252; x_wconf 81' lang='lat' dir='ltr'>exterius</span> <span class='ocrx_word' id='word_1_634' title='bbox 612 2223 773 2261; x_wconf 77' lang='lat' dir='ltr'>adveniunt,</span> <span class='ocrx_word' id='word_1_635' title='bbox 791 2234 843 2252; x_wconf 90' lang='lat' dir='ltr'>non</span> <span class='ocrx_word' id='word_1_636' title='bbox 856 2223 970 2261; x_wconf 75' lang='lat' dir='ltr'>divitiae,</span> <span class='ocrx_word' id='word_1_637' title='bbox 984 2232 1036 2251; x_wconf 89' lang='lat' dir='ltr'>non</span> <span class='ocrx_word' id='word_1_638' title='bbox 1048 2221 1176 2262; x_wconf 80' lang='lat' dir='ltr'>potentia,</span> <span class='ocrx_word' id='word_1_639' title='bbox 1190 2231 1241 2249; x_wconf 88' lang='lat' dir='ltr'>non</span> <span class='ocrx_word' id='word_1_640' title='bbox 1251 2219 1429 2259; x_wconf 75' lang='lat' dir='ltr'>principatus,</span> <span class='ocrx_word' id='word_1_641' title='bbox 1442 2230 1495 2248; x_wconf 89' lang='lat' dir='ltr'>non</span> <span class='ocrx_word' id='word_1_642' title='bbox 1510 2219 1606 2256; x_wconf 85' lang='lat' dir='ltr'>honor,</span> <span class='ocrx_word' id='word_1_643' title='bbox 1623 2218 1672 2248; x_wconf 78' lang='lat' dir='ltr'>sed</span> 
     </span>
     <span class='ocr_line' id='line_1_42' title="bbox 105 2265 1672 2310; baseline -0.004 -11"><span class='ocrx_word' id='word_1_644' title='bbox 105 2270 186 2299; x_wconf 82' lang='lat' dir='ltr'>etiam</span> <span class='ocrx_word' id='word_1_645' title='bbox 203 2269 226 2298; x_wconf 87' lang='lat' dir='ltr'>si</span> <span class='ocrx_word' id='word_1_646' title='bbox 241 2269 268 2297; x_wconf 89' lang='lat' dir='ltr'>in</span> <span class='ocrx_word' id='word_1_647' title='bbox 283 2268 341 2309; x_wconf 87' lang='lat' dir='ltr'>ipso</span> <span class='ocrx_word' id='word_1_648' title='bbox 356 2269 451 2298; x_wconf 77' lang='lat' dir='ltr'>habitu</span> <span class='ocrx_word' id='word_1_649' title='bbox 464 2270 546 2309; x_wconf 83' lang='lat' dir='ltr'>regali</span> <span class='ocrx_word' id='word_1_650' title='bbox 557 2270 712 2308; x_wconf 79' lang='lat' dir='ltr'>sedeamus,</span> <span class='ocrx_word' id='word_1_651' title='bbox 725 2281 862 2310; x_wconf 83' lang='lat' dir='ltr'>gememus</span> <span class='ocrx_word' id='word_1_652' title='bbox 876 2280 974 2298; x_wconf 75' lang='lat' dir='ltr'>amare.</span> <span class='ocrx_word' id='word_1_653' title='bbox 990 2270 1085 2298; x_wconf 88' lang='lat' dir='ltr'>Nonne</span> <span class='ocrx_word' id='word_1_654' title='bbox 1099 2275 1123 2297; x_wconf 86' lang='lat' dir='ltr'>et</span> <span class='ocrx_word' id='word_1_655' title='bbox 1137 2267 1231 2296; x_wconf 75' lang='lat' dir='ltr'>beatus</span> <span class='ocrx_word' id='word_1_656' title='bbox 1247 2265 1339 2295; x_wconf 76' lang='lat' dir='ltr'>David</span> <span class='ocrx_word' id='word_1_657' title='bbox 1361 2277 1407 2295; x_wconf 76' lang='lat' dir='ltr'>rex</span> <span class='ocrx_word' id='word_1_658' title='bbox 1425 2273 1491 2301; x_wconf 83' lang='lat' dir='ltr'>erat,</span> <span class='ocrx_word' id='word_1_659' title='bbox 1513 2273 1538 2294; x_wconf 85' lang='lat' dir='ltr'>et</span> <span class='ocrx_word' id='word_1_660' title='bbox 1551 2265 1672 2294; x_wconf 74' lang='lat' dir='ltr'>dicebat:</span> 
     </span>
     <span class='ocr_line' id='line_1_43' title="bbox 106 2314 1670 2357; baseline -0.003 -12"><span class='ocrx_word' id='word_1_661' title='bbox 106 2318 227 2346; x_wconf 82' lang='lat' dir='ltr'>Lavabo</span> <span class='ocrx_word' id='word_1_662' title='bbox 239 2327 292 2355; x_wconf 84' lang='lat' dir='ltr'>per</span> <span class='ocrx_word' id='word_1_663' title='bbox 302 2318 434 2357; x_wconf 79' lang='lat' dir='ltr'>singulas</span> <span class='ocrx_word' id='word_1_664' title='bbox 443 2325 539 2347; x_wconf 80' lang='lat' dir='ltr'>noctes</span> <span class='ocrx_word' id='word_1_665' title='bbox 552 2319 657 2347; x_wconf 79' lang='lat' dir='ltr'>lectum</span> <span class='ocrx_word' id='word_1_666' title='bbox 670 2322 780 2348; x_wconf 82' lang='lat' dir='ltr'>meum?</span> <span class='ocrx_word' id='word_1_667' title='bbox 793 2325 817 2347; x_wconf 83' lang='lat' dir='ltr'>et</span> <span class='ocrx_word' id='word_1_668' title='bbox 826 2318 892 2347; x_wconf 90' lang='lat' dir='ltr'>nihil</span> <span class='ocrx_word' id='word_1_669' title='bbox 905 2329 939 2348; x_wconf 77' lang='lat' dir='ltr'>ex</span> <span class='ocrx_word' id='word_1_670' title='bbox 948 2325 1019 2347; x_wconf 88' lang='lat' dir='ltr'>ostro</span> <span class='ocrx_word' id='word_1_671' title='bbox 1031 2317 1073 2347; x_wconf 81' lang='lat' dir='ltr'>vel</span> <span class='ocrx_word' id='word_1_672' title='bbox 1081 2316 1233 2345; x_wconf 78' lang='lat' dir='ltr'>diademate</span> <span class='ocrx_word' id='word_1_673' title='bbox 1244 2315 1296 2344; x_wconf 74' lang='lat' dir='ltr'>tale</span> <span class='ocrx_word' id='word_1_674' title='bbox 1308 2325 1372 2343; x_wconf 76' lang='lat' dir='ltr'>usus</span> <span class='ocrx_word' id='word_1_675' title='bbox 1380 2316 1421 2353; x_wconf 84' lang='lat' dir='ltr'>[f.</span> <span class='ocrx_word' id='word_1_676' title='bbox 1431 2314 1504 2343; x_wconf 75' lang='lat' dir='ltr'>diad.</span> <span class='ocrx_word' id='word_1_677' title='bbox 1514 2314 1605 2351; x_wconf 77' lang='lat' dir='ltr'>Iaesus]</span> <span class='ocrx_word' id='word_1_678' title='bbox 1619 2321 1670 2349; x_wconf 77' lang='lat' dir='ltr'>est,</span> 
     </span>
     <span class='ocr_line' id='line_1_44' title="bbox 105 2361 1671 2405; baseline -0.001 -13"><span class='ocrx_word' id='word_1_679' title='bbox 105 2374 157 2393; x_wconf 85' lang='lat' dir='ltr'>non</span> <span class='ocrx_word' id='word_1_680' title='bbox 173 2363 258 2404; x_wconf 83' lang='lat' dir='ltr'>typho</span> <span class='ocrx_word' id='word_1_681' title='bbox 276 2364 384 2393; x_wconf 85' lang='lat' dir='ltr'>inflatus</span> <span class='ocrx_word' id='word_1_682' title='bbox 397 2371 451 2393; x_wconf 84' lang='lat' dir='ltr'>est:</span> <span class='ocrx_word' id='word_1_683' title='bbox 462 2365 561 2394; x_wconf 77' lang='lat' dir='ltr'>sciebat</span> <span class='ocrx_word' id='word_1_684' title='bbox 571 2366 671 2405; x_wconf 82' lang='lat' dir='ltr'>quippe</span> <span class='ocrx_word' id='word_1_685' title='bbox 683 2366 800 2404; x_wconf 88' lang='lat' dir='ltr'>seipsum</span> <span class='ocrx_word' id='word_1_686' title='bbox 818 2365 954 2394; x_wconf 86' lang='lat' dir='ltr'>hominem</span> <span class='ocrx_word' id='word_1_687' title='bbox 967 2375 1023 2394; x_wconf 87' lang='lat' dir='ltr'>esse</span> <span class='ocrx_word' id='word_1_688' title='bbox 1031 2376 1040 2403; x_wconf 74' lang='lat'>5</span> <span class='ocrx_word' id='word_1_689' title='bbox 1058 2371 1084 2394; x_wconf 87' lang='lat' dir='ltr'>et</span> <span class='ocrx_word' id='word_1_690' title='bbox 1095 2363 1157 2402; x_wconf 80' lang='lat' dir='ltr'>quia</span> <span class='ocrx_word' id='word_1_691' title='bbox 1169 2361 1451 2397; x_wconf 72' lang='lat' dir='ltr'>conterebatur-corde,</span> <span class='ocrx_word' id='word_1_692' title='bbox 1460 2361 1579 2400; x_wconf 78' lang='lat' dir='ltr'>lugebat.</span> <span class='ocrx_word' id='word_1_693' title='bbox 1594 2361 1671 2397; x_wconf 80' lang='lat' dir='ltr'>Quid</span> 
     </span>
     <span class='ocr_line' id='line_1_45' title="bbox 104 2408 1670 2452; baseline -0.003 -11"><span class='ocrx_word' id='word_1_694' title='bbox 104 2411 176 2441; x_wconf 90' lang='lat' dir='ltr'>enim</span> <span class='ocrx_word' id='word_1_695' title='bbox 188 2417 249 2439; x_wconf 89' lang='lat' dir='ltr'>sunt</span> <span class='ocrx_word' id='word_1_696' title='bbox 258 2410 382 2439; x_wconf 78' lang='lat' dir='ltr'>humanae</span> <span class='ocrx_word' id='word_1_697' title='bbox 393 2411 452 2439; x_wconf 78' lang='lat' dir='ltr'>res.o</span> <span class='ocrx_word' id='word_1_698' title='bbox 466 2411 534 2440; x_wconf 86' lang='lat' dir='ltr'>cinis</span> <span class='ocrx_word' id='word_1_699' title='bbox 542 2418 567 2440; x_wconf 87' lang='lat' dir='ltr'>et</span> <span class='ocrx_word' id='word_1_700' title='bbox 579 2412 680 2452; x_wconf 83' lang='lat' dir='ltr'>pulvis,</span> <span class='ocrx_word' id='word_1_701' title='bbox 693 2418 718 2440; x_wconf 87' lang='lat' dir='ltr'>et</span> <span class='ocrx_word' id='word_1_702' title='bbox 726 2419 863 2451; x_wconf 77' lang='lat' dir='ltr'>tamquam</span> <span class='ocrx_word' id='word_1_703' title='bbox 875 2412 966 2452; x_wconf 86' lang='lat' dir='ltr'>pulvis</span> <span class='ocrx_word' id='word_1_704' title='bbox 981 2418 1041 2440; x_wconf 81' lang='lat' dir='ltr'>ante</span> <span class='ocrx_word' id='word_1_705' title='bbox 1055 2411 1149 2440; x_wconf 75' lang='lat' dir='ltr'>faciem</span> <span class='ocrx_word' id='word_1_706' title='bbox 1163 2409 1245 2445; x_wconf 84' lang='lat' dir='ltr'>venti,</span> <span class='ocrx_word' id='word_1_707' title='bbox 1257 2409 1347 2437; x_wconf 82' lang='lat' dir='ltr'>sumus</span> <span class='ocrx_word' id='word_1_708' title='bbox 1361 2414 1386 2437; x_wconf 84' lang='lat' dir='ltr'>et</span> <span class='ocrx_word' id='word_1_709' title='bbox 1399 2408 1504 2445; x_wconf 85' lang='lat' dir='ltr'>umbra,</span> <span class='ocrx_word' id='word_1_710' title='bbox 1515 2415 1540 2437; x_wconf 88' lang='lat' dir='ltr'>ct</span> <span class='ocrx_word' id='word_1_711' title='bbox 1549 2408 1612 2436; x_wconf 76' lang='lat' dir='ltr'>solia</span> <span class='ocrx_word' id='word_1_712' title='bbox 1626 2418 1670 2436; x_wconf 75' lang='lat' dir='ltr'>ea-</span> 
     </span>
     <span class='ocr_line' id='line_1_46' title="bbox 104 2455 1672 2496; baseline -0.003 -8"><span class='ocrx_word' id='word_1_713' title='bbox 104 2459 194 2488; x_wconf 80' lang='lat' dir='ltr'>dentia</span> <span class='ocrx_word' id='word_1_714' title='bbox 206 2481 213 2494; x_wconf 94' lang='lat'>‚</span> <span class='ocrx_word' id='word_1_715' title='bbox 229 2465 254 2487; x_wconf 89' lang='lat' dir='ltr'>et</span> <span class='ocrx_word' id='word_1_716' title='bbox 266 2458 324 2494; x_wconf 83' lang='lat' dir='ltr'>flos,</span> <span class='ocrx_word' id='word_1_717' title='bbox 340 2465 365 2486; x_wconf 92' lang='lat' dir='ltr'>et</span> <span class='ocrx_word' id='word_1_718' title='bbox 377 2458 520 2494; x_wconf 84' lang='lat' dir='ltr'>somnium,</span> <span class='ocrx_word' id='word_1_719' title='bbox 535 2465 560 2487; x_wconf 85' lang='lat' dir='ltr'>et</span> <span class='ocrx_word' id='word_1_720' title='bbox 569 2459 695 2496; x_wconf 76' lang='lat' dir='ltr'>narratio,</span> <span class='ocrx_word' id='word_1_721' title='bbox 709 2466 735 2488; x_wconf 84' lang='lat' dir='ltr'>et</span> <span class='ocrx_word' id='word_1_722' title='bbox 750 2459 850 2496; x_wconf 81' lang='lat' dir='ltr'>sabula,</span> <span class='ocrx_word' id='word_1_723' title='bbox 863 2469 907 2487; x_wconf 80' lang='lat' dir='ltr'>aer</span> <span class='ocrx_word' id='word_1_724' title='bbox 919 2459 1022 2488; x_wconf 85' lang='lat' dir='ltr'>solutus</span> <span class='ocrx_word' id='word_1_725' title='bbox 1033 2469 1064 2487; x_wconf 79' lang='lat' dir='ltr'>ac</span> <span class='ocrx_word' id='word_1_726' title='bbox 1077 2458 1177 2493; x_wconf 81' lang='lat' dir='ltr'>labilis,</span> <span class='ocrx_word' id='word_1_727' title='bbox 1192 2456 1288 2486; x_wconf 85' lang='lat' dir='ltr'>etenim</span> <span class='ocrx_word' id='word_1_728' title='bbox 1300 2455 1347 2494; x_wconf 89' lang='lat' dir='ltr'>qui</span> <span class='ocrx_word' id='word_1_729' title='bbox 1365 2465 1417 2483; x_wconf 90' lang='lat' dir='ltr'>non</span> <span class='ocrx_word' id='word_1_730' title='bbox 1428 2455 1486 2494; x_wconf 79' lang='lat' dir='ltr'>jam</span> <span class='ocrx_word' id='word_1_731' title='bbox 1501 2462 1568 2491; x_wconf 74' lang='lat' dir='ltr'>stat,</span> <span class='ocrx_word' id='word_1_732' title='bbox 1583 2455 1672 2483; x_wconf 74' lang='lat' dir='ltr'>fluxus</span> 
     </span>
     <span class='ocr_line' id='line_1_47' title="bbox 103 2502 1672 2543; baseline -0.003 -8"><span class='ocrx_word' id='word_1_733' title='bbox 103 2506 262 2542; x_wconf 84' lang='lat' dir='ltr'>decurrens,</span> <span class='ocrx_word' id='word_1_734' title='bbox 277 2511 303 2533; x_wconf 82' lang='lat' dir='ltr'>ct</span> <span class='ocrx_word' id='word_1_735' title='bbox 318 2504 340 2533; x_wconf 88' lang='lat' dir='ltr'>si</span> <span class='ocrx_word' id='word_1_736' title='bbox 357 2504 425 2543; x_wconf 89' lang='lat' dir='ltr'>quid</span> <span class='ocrx_word' id='word_1_737' title='bbox 439 2504 537 2534; x_wconf 87' lang='lat' dir='ltr'>horum</span> <span class='ocrx_word' id='word_1_738' title='bbox 551 2505 670 2534; x_wconf 83' lang='lat' dir='ltr'>inferius.</span> <span class='ocrx_word' id='word_1_739' title='bbox 697 2505 772 2541; x_wconf 86' lang='lat' dir='ltr'>Quid</span> <span class='ocrx_word' id='word_1_740' title='bbox 793 2506 883 2543; x_wconf 80' lang='lat' dir='ltr'>enim,</span> <span class='ocrx_word' id='word_1_741' title='bbox 895 2505 940 2534; x_wconf 86' lang='lat' dir='ltr'>dic</span> <span class='ocrx_word' id='word_1_742' title='bbox 960 2505 1041 2543; x_wconf 81' lang='lat' dir='ltr'>mihi,</span> <span class='ocrx_word' id='word_1_743' title='bbox 1058 2515 1187 2543; x_wconf 76' lang='lat' dir='ltr'>magnum</span> <span class='ocrx_word' id='word_1_744' title='bbox 1203 2502 1302 2543; x_wconf 78' lang='lat' dir='ltr'>putas?</span> <span class='ocrx_word' id='word_1_745' title='bbox 1313 2512 1394 2540; x_wconf 82' lang='lat' dir='ltr'>quam</span> <span class='ocrx_word' id='word_1_746' title='bbox 1409 2502 1526 2530; x_wconf 76' lang='lat' dir='ltr'>:estimas</span> <span class='ocrx_word' id='word_1_747' title='bbox 1548 2512 1672 2541; x_wconf 76' lang='lat' dir='ltr'>magnam</span> 
     </span>
     <span class='ocr_line' id='line_1_48' title="bbox 104 2549 1673 2593; baseline -0.003 -11"><span class='ocrx_word' id='word_1_748' title='bbox 104 2552 286 2592; x_wconf 75' lang='lat' dir='ltr'>dignitatem?</span> <span class='ocrx_word' id='word_1_749' title='bbox 299 2552 438 2581; x_wconf 75' lang='lat' dir='ltr'>consulis?</span> <span class='ocrx_word' id='word_1_750' title='bbox 450 2552 518 2581; x_wconf 87' lang='lat' dir='ltr'>nihil</span> <span class='ocrx_word' id='word_1_751' title='bbox 533 2552 604 2581; x_wconf 91' lang='lat' dir='ltr'>enim</span> <span class='ocrx_word' id='word_1_752' title='bbox 617 2553 674 2593; x_wconf 83' lang='lat' dir='ltr'>ejus</span> <span class='ocrx_word' id='word_1_753' title='bbox 686 2553 826 2593; x_wconf 82' lang='lat' dir='ltr'>dignitatis</span> <span class='ocrx_word' id='word_1_754' title='bbox 837 2553 954 2593; x_wconf 80' lang='lat' dir='ltr'>amplius</span> <span class='ocrx_word' id='word_1_755' title='bbox 968 2559 1062 2592; x_wconf 78' lang='lat' dir='ltr'>putant</span> <span class='ocrx_word' id='word_1_756' title='bbox 1078 2551 1233 2592; x_wconf 81' lang='lat' dir='ltr'>plurimi‚si</span> <span class='ocrx_word' id='word_1_757' title='bbox 1249 2550 1359 2588; x_wconf 87' lang='lat' dir='ltr'>quidem</span> <span class='ocrx_word' id='word_1_758' title='bbox 1374 2549 1401 2578; x_wconf 89' lang='lat' dir='ltr'>in</span> <span class='ocrx_word' id='word_1_759' title='bbox 1414 2556 1514 2578; x_wconf 81' lang='lat' dir='ltr'>tantam</span> <span class='ocrx_word' id='word_1_760' title='bbox 1525 2549 1673 2578; x_wconf 73' lang='lat' dir='ltr'>claritatem</span> 
     </span>
     <span class='ocr_line' id='line_1_49' title="bbox 107 2597 1673 2641; baseline -0.004 -11"><span class='ocrx_word' id='word_1_761' title='bbox 107 2599 244 2641; x_wconf 77' lang='lat' dir='ltr'>pervenit,</span> <span class='ocrx_word' id='word_1_762' title='bbox 259 2606 283 2630; x_wconf 88' lang='lat' dir='ltr'>et</span> <span class='ocrx_word' id='word_1_763' title='bbox 299 2599 334 2629; x_wconf 79' lang='lat' dir='ltr'>ad</span> <span class='ocrx_word' id='word_1_764' title='bbox 350 2607 451 2629; x_wconf 79' lang='lat' dir='ltr'>tautam</span> <span class='ocrx_word' id='word_1_765' title='bbox 465 2599 679 2630; x_wconf 71' lang='lat' dir='ltr'>admirationem.</span> <span class='ocrx_word' id='word_1_766' title='bbox 699 2601 753 2637; x_wconf 85' lang='lat' dir='ltr'>Qui</span> <span class='ocrx_word' id='word_1_767' title='bbox 769 2608 856 2631; x_wconf 78' lang='lat' dir='ltr'>autem</span> <span class='ocrx_word' id='word_1_768' title='bbox 880 2612 931 2631; x_wconf 80' lang='lat' dir='ltr'>nun</span> <span class='ocrx_word' id='word_1_769' title='bbox 948 2608 985 2629; x_wconf 83' lang='lat' dir='ltr'>est</span> <span class='ocrx_word' id='word_1_770' title='bbox 1001 2600 1109 2632; x_wconf 71' lang='lat' dir='ltr'>consul,</span> <span class='ocrx_word' id='word_1_771' title='bbox 1125 2599 1190 2628; x_wconf 81' lang='lat' dir='ltr'>nihil</span> <span class='ocrx_word' id='word_1_772' title='bbox 1207 2599 1287 2627; x_wconf 67' lang='lat' dir='ltr'>liznlwt</span> <span class='ocrx_word' id='word_1_773' title='bbox 1312 2598 1399 2626; x_wconf 71' lang='lat' dir='ltr'>minus</span> <span class='ocrx_word' id='word_1_774' title='bbox 1416 2597 1441 2625; x_wconf 88' lang='lat' dir='ltr'>in</span> <span class='ocrx_word' id='word_1_775' title='bbox 1464 2597 1555 2626; x_wconf 74' lang='lat' dir='ltr'>eodeni</span> <span class='ocrx_word' id='word_1_776' title='bbox 1571 2597 1673 2635; x_wconf 58' lang='lat' dir='ltr'>digua&lt;</span> 
     </span>
    </p>
   </div>
  </div>
 </body>
</html>
