1886 2846
444 168 477 191 IN
504 169 612 192 EPIST-

86 232 164 264 τωσίς
179 233 252 268 ἐστι;
270 230 411 270 Νέκρωσόν
429 241 474 259 σου
489 230 518 258 τὸ
539 231 617 268 σῶμα
635 231 679 258 καὶ
694 230 857 270 σταύρωσον,

85 278 128 306 καὶ
140 277 212 316 λήψῃ
227 277 273 306 χαὶ
285 277 361 309 αὐτὸς
377 279 423 304 τοῦ
437 275 580 316 μαρτυρίου
597 277 687 305 τούτου
699 277 742 305 τὸν
757 275 856 315 στέφα-

85 335 136 352 νον.
148 323 237 362 ιΌπερ
248 323 298 362 γὰρ
312 324 365 351 ἐκεῖ
376 322 406 350 τὸ
417 321 486 360 ξίφος
498 322 646 361 ἐργάζεται,
658 325 733 351 τοῦτο
746 324 855 351 ἐνταῦθα

85 372 101 404 ἡ
120 369 253 408 προθυμία
274 368 391 398 ποιείτω.
426 368 473 403 Μὴ
491 368 605 404 zati-rm,
631 368 698 406 μηδὲ
721 368 856 406 κατεχέτω

84 415 230 455 χρημάτων
246 415 319 452 ἔρως,
333 413 401 443 ἀλλὰ
414 413 600 442 κατακαιὲσθω
615 413 660 442 καὶ
675 413 856 442 χατασνῗεννύ-

85 464 139 489 σθω
152 463 169 495 ἠ
182 460 307 498 ἐπιθυμία
320 459 386 495 αὕτη
401 462 418 494 ἦ
431 459 528 492 ἄτοπος
545 461 582 498 τῷ
597 459 660 497 πυρὶ
675 461 719 487 τνῧ
734 458 856 496 πνεύμα-

643 170 687 191 AD
714 168 880 192 tfflssuffios.
909 168 987 190 CAP.
1018 167 1063 189 vl.

1584 157 1647 192 165

909 227 993 265 tariae,
1014 227 1075 266 igne
1089 227 1251 256 afflictionis.
1267 227 1360 257 Licere
1374 228 1445 256 enini
1460 228 1573 257 delicate
1593 230 1650 258 lau-

908 281 986 312 teque
1007 280 1032 303 et
1055 272 1196 313 splendide
1211 273 1295 303 vitam
1311 284 1389 313 agere
1401 286 1410 312 ;
1427 274 1587 304 laboriosam
1603 287 1650 304 au-

910 326 962 348 tem
984 326 1009 348 et
1033 318 1156 348 acerbam
1182 319 1267 348 vitam
1282 320 1391 358 eligere,
1415 327 1440 348 et
1455 330 1551 360 corpus
1566 329 1651 350 morte

909 367 1015 395 afficere
1035 378 1041 394 ι
1067 375 1155 395 annon
1177 372 1216 394 est
1237 366 1338 395 oblatio
1360 366 1530 396 holocausti?
1546 368 1650 408 Corpus

910 420 986 441 tuum
1001 418 1086 441 morte
1100 412 1178 441 affice
1189 419 1214 440 et
1229 412 1367 451 crucifige,
1379 419 1404 441 et
1421 413 1475 452 ipse
1489 424 1596 452 quoque
1608 425 1651 443 ac-

909 458 990 497 cipies
1007 468 1130 487 coronam
1153 458 1235 498 hujus
1251 459 1386 498 martyrii.
1411 460 1480 487 Nam
1503 459 1574 498 quod
1595 460 1651 488 illic

1094 167 1210 189 nomn.
1243 168 1288 190 ‘x'l-

84 518 140 541 τος,
163 506 207 534 καὶ
226 505 434 535 κατακοπτέσῡω
445 507 477 543 τῇ
495 504 616 544 μαχαίρᾳ
628 506 672 533 τοῦ
689 503 854 541 Πνεύματος-
867 514 1034 545 1¹6operatur
1047 507 1128 542 ensis,
1150 506 1199 535 hoc
1217 506 1262 535 hic
1277 506 1356 535 saciat
1371 514 1476 546 promta
1491 507 1574 535 animi
1590 508 1650 536 ala-

86 552 158 587 Αἱίτη
171 551 246 581 θυσία
261 551 339 587 καλὴ,
352 553 380 581 οὗ
396 551 505 589 δεομένη
519 551 622 590 ἱερέως,
640 552 697 579 ἀλλ’
718 551 797 578 αὐτοῦ
812 553 857 578 τοῦ

84 597 274 636 προσφέροντος
288 598 368 632 αὐτήν
379 609 385 615 ·
403 597 478 625 Ουσία
489 597 568 631 καλὴ,
580 597 653 625 κάτω
665 596 712 634 μὲν
724 597 856 625 ἐπιτελου-

85 643 150 680 μένη
163 666 170 677 ,
184 644 238 672 ἄνω
253 643 279 673 δὲ
294 643 387 675 εὐθέως
398 642 648 680 ἁναλαμῧανομένη.
671 643 741 681 Οὐχὶ
755 641 856 679 θαυμά-

84 691 161 727 ζομεν
177 691 215 718 ὅτι
233 690 263 718 τὸ
276 690 389 718 παλαιὸν
404 692 456 727 πῦρ
471 689 561 717 κατιὸν
577 689 682 717 ἅπαντα
698 688 856 723 ἀνήλισκεν,

84 734 190 764 Ἔξεστι
211 736 255 763 καὶ
276 738 320 763 νῦν
340 738 393 773 πῦρ
408 736 541 763 κατελθεῖν
558 733 625 762 πολὺ
644 734 855 772 Θαυμαστότερον

83 780 191 815 ἐκείνου,
206 780 251 808 καὶ
267 780 354 809 πάντα
367 781 502 809 ἀναλῶσαι
517 780 549 808 τὰ
563 780 725 819 προκείμενα
736 792 741 798 ·
756 781 855 818 μᾶλλον

84 825 110 855 δὲ
127 827 174 855 οὐκ
189 827 335 861 ἀναλῶσαι,
351 827 409 855 ἀλλ’
426 826 566 863 ἀναγαγεῖν
583 826 618 858 εἷς
633 826 676 854 τὸν
692 826 812 864 οὐρανόν·
827 827 856 854 οὗ

82 872 134 911 γὰρ
143 872 241 911 τέφραν
254 871 320 900 αὐτὰ
331 875 410 905 ποιεῖ,
422 871 489 900 ἀλλὰ
499 872 570 910 δῶρα
580 872 722 911 προσφέρει
734 873 771 910 τῷ
784 874 855 911 Θεῷ.

82 919 213 946 ’Τοιαῦται
238 913 306 953 ’ἦσαν
336 919 363 946 αἱ
388 920 434 946 τοῦ
456 917 602 955 Κορνηλίου
628 917 794 956 προσφοραί·
824 919 857 945 Αἱ

83 964 230 1003 προσευχαί
241 975 288 993 σου
299 963 350 1003 γὰρ
359 986 366 996 ,
378 963 442 1003 φησὶ
451 963 511 999 ,καὶ
521 965 547 991 αἱ
559 963 731 1001 ἐλεημοσύναι
743 974 787 992 σου
800 963 857 991 eivs-

815 1011 857 1042 ζυ-

84 1010 168 1045 Εῗησαν
185 1011 221 1043 εἷς
236 1009 403 1048 μνημόσυνον
417 1009 527 1038 ἐνώπιον
539 1013 584 1039 τοῦ
595 1012 674 1038 (θεοῦ.
687 1009 769 1049 (Ορᾷς
781 1021 812 1037 συ

83 1055 142 1094 γίαν
153 1055 262 1095 ἀρίστην
273 1068 280 1091 ;
293 1057 318 1084 T
319 1055 362 1084 ότε
376 1055 538 1093 ἀκουόμεθα,
547 1054 608 1084 ὅταν
620 1056 664 1084 καὶ
676 1055 748 1084 αὐτοὶ
761 1055 858 1083 ἀκούω·

83 1113 129 1138 μεν
144 1104 196 1130 τῶν
210 1102 370 1140 προσιόν-,ων
382 1101 511 1136 πενήτων.
528 1101 578 1134 Ὃς
589 1101 764 1141 ἀποφράσσει,
780 1101 855 1140 φησὶ,

81 1147 114 1176 τὰ
130 1142 186 1176 ὦτα
201 1148 280 1176 αὐτοῦ
302 1151 346 1176 τοῦ
361 1147 398 1185 μὴ
413 1150 526 1176 ἀκοῦσαι
539 1151 648 1186 πτωχοῦ
659 1170 666 1183 ,
683 1148 731 1181 τῆς
744 1147 857 1182 δεήσεως

81 1195 158 1222 αὐτοῦ
175 1195 222 1222 οὐκ
243 1194 424 1223 εἷσακούσεται
446 1196 460 1222 ὁ
483 1193 559 1227 Θεός.
582 1194 720 1232 Μακάριος
734 1195 747 1222 ὁ
762 1194 855 1222 συνιῶν

81 1239 125 1268 ἐπὶ
149 1239 257 1278 πτωχὸν
279 1239 324 1268 καὶ
344 1240 460 1275 πένητα·
478 1241 504 1269 ἐν
525 1239 614 1279 ἡμέρᾳ
628 1245 731 1280 πονηρᾷ
748 1239 856 1279 ῥύσεται

82 1285 159 1314 αὐτὸν
171 1287 185 1314 ὁ
200 1285 305 1323 Κύριος.
326 1287 385 1314 Οὐκ
405 1285 473 1320 ἄλλη
492 1286 520 1314 δὲ
541 1285 608 1320 αὕτη
625 1285 706 1321 ἐστὶν,
730 1284 819 1319 ἀλλ’ἢ
838 1287 854 1320 ἡ

81 1330 170 1369 ἡμέρα
182 1330 280 1366 ἐκείνη,
294 1330 310 1365 ἢ
326 1330 429 1369 πονηρὰ
444 1331 542 1368 γίνεται
558 1334 611 1363 τοῖς
626 1332 802 1371 ἁμαρτωλοῖς.
820 1332 845 1359 Τ
849 1331 856 1358 ί

82 1377 162 1412 ἐστιν,
178 1376 212 1405 ‘O
226 1379 339 1413 συνιῶν,
359 1376 393 1405 ‘O
406 1378 472 1405 νοῶν
486 1376 511 1404 τί
526 1378 581 1404 ἐστι
601 1377 693 1412 πένης,
709 1379 722 1405 ὁ
736 1376 784 1411 τὴν
796 1378 855 1405 (ssi—

81 1424 125 1461 ψιν
147 1424 227 1451 αὑτοῦ
248 1422 473 1460 καταμανθάνων·
495 1424 508 1451 ὁ
526 1422 577 1461 γὰρ
598 1422 688 1460 μαθὼν
709 1425 788 1451 αὐτοῦ
807 1422 855 1457 τὴν

82 1470 178 1507 θλῖψιν,
196 1468 303 1500 πάντως
315 1468 360 1496 καὶ
376 1467 469 1501 εὐθέως
482 1468 560 1497 αὐτὸν
574 1468 685 1502 ἐλεήσει.
700 1467 786 1497 ζὈἳ-αν
799 1469 856 1507 ἴδῃς

82 1515 192 1551 πένητα,
204 1514 241 1552 μὴ
255 1514 445 1553 παραδράμῃς,
462 1515 519 1542 ἀλλ’
535 1514 627 1546 εὐθέως
641 1513 760 1549 ἐννόησον
772 1513 811 1546 τίς
824 1513 853 1542 ἂν

82 1556 127 1596 ἧς,
142 1561 165 1589 εἷ
179 1559 210 1589 σὺ
225 1556 258 1595 ἧς
272 1561 369 1593 ἐκεῖνος
380 1572 386 1577 ·
400 1559 425 1588 τί
439 1561 486 1588 οὐκ
502 1559 531 1587 ἂν
543 1560 674 1595 ἠθέλησας
684 1560 784 1592 πάντας
794 1572 855 1589 ποι-

83 1611 137 1643 εἷν;
161 1606 195 1635 Ὀ
215 1608 310 1635 συνιῶν
323 1629 330 1641 ,
355 1605 443 1645 φησίν.
473 1606 616 1641 Ἐννόησον
635 1606 675 1635 ὅτι
697 1606 793 1643 ὁμοίως
814 1617 854 1636 σοι

873 556 891 576 A
908 553 996 581 critas.
1012 553 1070 581 Non
1083 559 1152 590 urat,
1162 563 1247 591 neque
1256 553 1373 581 detineat
1383 553 1596 592 amorpecuniae,
1605 554 1652 582 sed

909 605 1002 627 uratur
1014 606 1038 627 et
1052 598 1238 637 exstinguatur
1250 599 1308 638 ipsa
1322 599 1408 638 turpis
1420 606 1445 627 et
1460 599 1561 628 nefaria
1576 600 1652 639 cupi-

907 642 977 671 ditas
989 644 1049 682 igne
1059 644 1181 683 spiritus,
1190 643 1345 672 concidatur
1353 644 1446 683 gladio
1457 645 1585 684 Spiritus.
1596 645 1652 673 Hoc

908 695 946 716 cst
968 689 1112 727 pulchrum
1134 689 1307 726 sacrificium,
1331 689 1404 728 quod
1426 689 1561 719 sacerdote
1583 701 1652 730 opus

909 744 959 762 nou
975 735 1064 769 habet,
1089 735 1133 763 sed
1149 735 1207 773 ipso
1223 741 1328 764 tantum
1344 736 1469 764 offerente
1490 748 1496 765 :
1518 737 1590 774 quod
1606 738 1651 766 in-

908 781 979 809 ferne
993 781 1101 819 quidem
1119 781 1271 820 peragitur,
1284 792 1397 821 superne
1411 789 1499 811 autem
1514 784 1657 812 confestim

908 827 1036 855 ascendit.
1056 828 1149 856 Nonne
1164 827 1330 856 admiramur
1343 828 1417 866 quod
1432 828 1497 857 olim
1519 829 1589 868 ignis
1604 829 1654 858 de-

908 874 1035 903 scendens
1050 874 1140 903 omnia
1154 875 1351 903 consumebat?
1368 876 1457 904 Potest
1471 875 1530 904 fieri
1542 884 1572 905 ut
1584 877 1654 916 ignis

908 930 1014 958 quoque
1029 931 1099 948 nune
1122 919 1266 949 descendat
1289 921 1337 950 illo
1363 921 1442 960 longe
1456 922 1653 959 admirabilior,

907 973 932 994 et
947 966 1037 994 omnia
1052 977 1110 1004 quae
1127 973 1188 995 sunt
1206 967 1344 1005 proposita
1359 976 1499 997 consumat
1512 981 1520 1007 3
1539 969 1593 999 imo
1608 980 1653 999 ve-

874 1015 892 1038 B
909 1022 938 1040 re
951 1022 1002 1040 non
1018 1019 1167 1046 consumat,
1181 1012 1227 1040 sed
1240 1012 1329 1040 omnia
1344 1013 1370 1041 in
1384 1014 1478 1042 caelum
1491 1015 1567 1044 tollat
1581 1027 1587 1043 ι
1600 1026 1652 1044 non

910 1057 1007 1095 redigit
1021 1057 1067 1085 illa
1087 1057 1113 1085 in
1128 1057 1255 1092 cinerem,
1276 1058 1323 1086 sed
1337 1060 1393 1087 Deo
1408 1060 1488 1088 ossert
1502 1060 1581 1091 dona.
1596 1063 1652 1091 Ta-

909 1102 947 1132 les
959 1110 1033 1132 erant
1045 1103 1161 1131 Cornelii
1173 1103 1318 1132 oblationes
1332 1116 1338 1132 z
1354 1106 1507 1135 Orationes
1520 1108 1600 1144 enim,
1612 1108 1652 1137 in-

909 1150 979 1189 quit,
997 1157 1054 1179 tua?
1077 1157 1105 1178 et
1120 1151 1314 1186 eleemosyna?
1328 1152 1523 1181 ascenderunt
1546 1156 1576 1182 in
1591 1165 1651 1183 me·

909 1198 1034 1224 moriam
1046 1197 1077 1224 in
1091 1202 1245 1234 conspectu
1261 1196 1327 1224 Dei.
1344 1196 1428 1224 Vides
1443 1197 1574 1235 optimam
1588 1210 1651 1228 con—

905 1241 1096 1281 jugationem?
1114 1243 1192 1270 Tunc
1215 1241 1354 1278 audimur,
1379 1242 1487 1280 quando
1510 1243 1561 1282 ipsi
1581 1256 1652 1283 quo-

908 1299 960 1326 que
975 1287 1100 1316 audimus
1115 1288 1270 1316 accedentes
1286 1298 1426 1327 pauperes.
1446 1290 1502 1327 Qui
1517 1292 1650 1328 obstruit,

907 1334 1006 1372 inquit,
1022 1344 1108 1362 aures
1122 1344 1190 1363 suas
1204 1345 1240 1362 ne
1254 1335 1359 1363 audiat
1371 1345 1537 1374 pauperem,
1552 1347 1651 1375 preces

907 1382 969 1419 ejus
985 1390 1044 1408 non
1059 1381 1194 1408 exaudiet
1210 1381 1303 1408 Deus.
1321 1381 1431 1409 Beatus
1444 1383 1495 1420 qui
1509 1383 1651 1422 intelligit

907 1437 992 1465 super
1005 1436 1126 1465 egenum
1146 1432 1173 1454 et
1186 1436 1342 1465 pauperem
1357 1437 1365 1453 .·
1379 1428 1410 1454 in
1425 1428 1473 1455 die
1486 1428 1567 1456 mala
1582 1429 1653 1457 lihe—

906 1474 987 1500 rabit
1002 1482 1067 1500 eum
1082 1473 1237 1500 Dominus.
1253 1472 1313 1501 Non
1328 1479 1418 1501 autem
1434 1473 1502 1502 alius
1516 1473 1574 1503 dics
1590 1485 1652 1504 ma-

905 1518 958 1551 lus,
974 1518 1026 1547 nisi
1041 1518 1087 1547 ille
1100 1517 1158 1547 dies
1173 1518 1366 1558 peccatoribus.
1384 1519 1457 1554 Quid
1470 1527 1519 1556 est,
1540 1522 1597 1559 Qui
1606 1523 1652 1550 ia-

907 1565 1030 1603 telligit?
1039 1564 1093 1599 Qui
1103 1571 1191 1593 mente
1199 1571 1286 1593 versat
1294 1564 1362 1602 quid
1372 1565 1524 1605 sitpauper,
1537 1567 1582 1605 qui
1594 1567 1650 1607 ejus

871 1521 889 1544 C

1665 1117 1717 1138 Ast.
1736 1123 1760 1139 to
1782 1119 1805 1145 ᾗ.

1667 1300 1735 1321 Ριηυ.
1751 1308 1788 1323 2¹.

1668 1331 1702 1352 13.

1668 1398 1770 1427 find-[40
1783 1407 1805 1421 2.

1663 1583 1789 1605 Miser-icor,

905 1609 986 1638 discit
999 1609 1171 1638 afflictionem
1185 1620 1191 1636 ε
1207 1619 1269 1637 nam
1283 1609 1329 1647 qui
1342 1610 1399 1649 ejus
1412 1610 1510 1638 didicit
1521 1610 1649 1640 afflictio—
1662 1615 1697 1634 δὴ
1710 1623 1758 1643 erga

81 1651 211 1690 ἐλεύθερός
225 1652 300 1687 ἔστι,
315 1652 359 1680 καὶ
373 1654 420 1687 τῆς
434 1653 514 1686 αὖτῖς
529 1653 570 1680 σοὶ
585 1656 702 1680 κοινωνεῖ
714 1651 853 1690 εὐγενείας,
906 1664 978 1691 nem,
996 1653 1106 1682 omnino
1119 1654 1177 1692 ejus
1193 1653 1374 1682 miserebitur.
1390 1654 1420 1684 Si
1434 1654 1535 1683 videris
1550 1666 1648 1695 paupe-

82 1697 126 1725 καὶ
142 1698 228 1726 πάντα
241 1709 281 1726 σοι
292 1698 367 1726 κοινὰ
380 1697 506 1732 κέκτηται
521 1709 526 1714 ·
543 1697 611 1726 ἀλλὰ
623 1701 712 1725 τοῦτον
724 1698 767 1726 τὸν
781 1697 852 1726 οὐδὲν

502 1811 677 1839 MUTIANO
699 1811 951 1840 SCHOLASTICO
972 1810 1224 1841 INTERPRETE.

82 1903 143 1932 est?
158 1903 291 1932 Mortifica
306 1913 368 1941 crgo
393 1913 490 1942 corpus
506 1910 583 1931 tuum
607 1910 632 1931 et
647 1903 785 1941 crucifige,
809 1910 833 1931 et
847 1903 946 1942 accipis
961 1910 990 1931 tu
1005 1903 1088 1942 hujus
1102 1904 1227 1943 martyrii
1243 1915 1379 1934 coronam.
1397 1907 1477 1942 Quod
1501 1908 1572 1936 enim
1594 1908 1650 1938 illic

81 1950 188 1988 gladius
201 1956 338 1990 operatur,
363 1949 414 1979 hoc
437 1950 480 1979 hic
495 1950 618 1980 alacritas
632 1951 720 1979 faciat.
738 1952 797 1979 Non
813 1950 947 1985 incendat,
973 1961 1058 1989 neque
1073 1958 1185 1991 occupet
1199 1952 1374 1991 pecuniarum
1389 1964 1483 1990 am0r;
1497 1955 1584 1994 magis
1598 1967 1649 1985 ex-

81 1997 234 2036 stinguatur
249 1997 381 2037 cupiditas
403 1998 452 2027 ista
469 1999 622 2038 importuna
637 1999 698 2038 igne
711 1998 857 2038 spirituali,
872 1998 1014 2027 excidatur
1029 1998 1118 2037 gladio
1135 1999 1262 2038 Spiritus.
1279 2000 1355 2029 lstud
1369 2001 1533 2030 sacrificium
1545 2009 1584 2031 est
1597 2003 1649 2032 bo-

81 2054 157 2080 num,
171 2054 222 2072 non
238 2055 306 2083 opus
322 2044 422 2073 habens
438 2044 586 2083 sacerdote,
603 2045 654 2074 nisi
670 2045 727 2084 ipso
739 2045 869 2074 offerente
883 2057 888 2072 :
904 2045 955 2073 hoc
967 2052 1005 2074 est
1017 2045 1180 2074 sacrificium
1194 2044 1295 2073 honum
1308 2056 1314 2072 τ
1330 2044 1455 2076 deorsum
1469 2047 1578 2086 quidem
1590 2049 1650 2078 sun-

79 2090 132 2119 ctio
153 2091 211 2130 ejus
226 2090 378 2128 exhibetur,
399 2091 447 2120 sed
462 2103 570 2121 sursum
593 2092 732 2121 confestim
748 2093 837 2132 ipsum
853 2091 981 2120 ascendit.
1005 2092 1099 2120 Nonne
1114 2091 1255 2127 miramur,
1280 2091 1344 2130 quia
1365 2092 1392 2121 in
1407 2093 1516 2132 antiquo
1531 2101 1649 2134 tempore

79 2136 149 2176 ignis
162 2136 322 2166 descendens
347 2138 437 2167 omnia
455 2138 653 2167 consumebat?
668 2139 744 2167 Licet
760 2138 810 2167 tibi
833 2145 857 2166 et
873 2148 953 2173 nune,
977 2144 1007 2166 ut
1020 2137 1164 2166 descendat
1179 2137 1249 2176 iguis
1265 2138 1351 2166 multo
1374 2139 1526 2168 mirabilior
1548 2140 1608 2179 illo,
1623 2148 1648 2170 et

79 2184 168 2212 omnia
182 2191 320 2213 consumat
333 2196 392 2223 quae
405 2186 557 2214 offeruntur
571 2198 577 2213 :
593 2186 680 2224 magis
694 2193 783 2215 autem
797 2197 849 2214 non
865 2195 1031 2223 consumere,
1044 2185 1090 2214 sed
1105 2196 1212 2214 sursum
1228 2185 1317 2214 levare
1329 2185 1356 2214 in
1373 2186 1476 2216 coelum.
1492 2186 1554 2216 Haec
1576 2188 1647 2217 enim

78 2242 130 2261 non
145 2231 303 2270 rediguntur
315 2233 342 2261 in
358 2233 485 2266 cinerem,
499 2233 545 2262 scd
563 2234 632 2262 dona
654 2241 716 2262 sunt
731 2234 797 2262 Deo.
814 2234 893 2262 Tales
907 2234 987 2262 etiam
1001 2240 1076 2262 erant
1090 2233 1206 2262 Cornelii
1221 2233 1370 2263 oblationes
1391 2246 1397 2261 :
1415 2236 1566 2264 Orationes
1580 2243 1647 2280 tuoe,

78 2277 178 2316 inquit,
201 2284 229 2306 et
251 2278 447 2315 eleemosynae
470 2286 527 2308 111ae
541 2281 737 2308 ascenderunt
759 2282 790 2308 in
805 2282 976 2308 memoriam
998 2282 1029 2308 in
1044 2287 1195 2318 conspectu
1211 2280 1276 2308 Dei.
1301 2280 1416 2309 Intueris
1432 2282 1647 2321 conjugationem

76 2325 205 2365 optimam
215 2325 229 2354 Ρ
246 2326 324 2355 Tunc
340 2326 510 2364 exaudimur,
528 2327 636 2366 quando
649 2334 674 2356 et
690 2338 738 2356 nos
751 2327 876 2356 audimus
891 2337 1021 2367 pauperes
1035 2327 1191 2356 accedentes
1206 2339 1212 2354 ι
1232 2328 1287 2365 Qui
1303 2334 1401 2356 autem
1415 2330 1544 2364 obturat,
1559 2330 1646 2369 inquit

77 2382 161 2401 aures
178 2382 258 2410 suas,
280 2379 311 2401 ut
330 2383 389 2401 non
404 2375 510 2403 audiat
524 2385 693 2413 pauperem,
711 2375 942 2413 deprecationem
961 2376 1023 2414 ejus
1041 2385 1101 2403 non
1115 2374 1252 2403 excindiet
1268 2375 1359 2404 Deus.
1381 2376 1491 2405 Beatus
1501 2378 1579 2414 item,
1599 2378 1644 2407 in-

78 2419 146 2457 quit,
159 2421 209 2459 qui
224 2421 360 2459 intelligit
373 2431 458 2460 super
478 2432 598 2461 egenum
611 2429 638 2451 et
654 2433 812 2461 pauperem
827 2434 834 2450 ε
849 2424 880 2450 ἱη
898 2423 945 2450 die
959 2422 1041 2450 mala
1058 2423 1193 2451 liberabit
1206 2433 1271 2450 eum
1288 2423 1442 2452 Dominus.
1456 2424 1536 2459 Quali
1552 2425 1645 2454 mala?

78 2467 131 2496 Sed
149 2467 195 2496 illa
209 2468 278 2497 mala
292 2469 342 2497 erit
357 2469 550 2508 peccatoribus.
569 2470 646 2506 Quid
659 2478 708 2506 est,
727 2472 783 2509 Qui
798 2471 939 2510 intelligit
952 2474 964 2498 Ρ
978 2471 1034 2499 Hoc
1055 2477 1105 2505 est,
1121 2469 1168 2508 qui
1183 2470 1318 2509 cognoscit
1331 2470 1398 2509 quid
1418 2471 1453 2500 sit
1468 2482 1581 2511 pauper,
1596 2473 1642 2511 qui

80 2513 278 2544 tribulationem
291 2516 349 2556 ejus
363 2517 476 2556 percipit
496 2529 502 2544 :
521 2528 682 2556 cognoscens
695 2518 766 2547 enim
781 2518 985 2547 tribulationem
1001 2519 1068 2558 ejus,
1086 2518 1177 2557 utiquc
1191 2518 1330 2547 confestim
1345 2518 1514 2548 miserebitur
1527 2521 1595 2560 ejus.
1612 2521 1642 2550 Si

81 2561 180 2589 videris
193 2573 346 2602 pauperem,
362 2575 413 2592 non
428 2571 610 2603 pertransea53
624 2565 669 2594 sed
685 2566 772 2594 statim
788 2566 907 2605 intellige
921 2566 981 2605 quis
999 2566 1084 2600 suisti,
1101 2573 1146 2594 aut
1157 2566 1178 2594 si
1193 2573 1221 2595 tu
1237 2577 1305 2595 esses
1319 2566 1344 2595 in
1359 2566 1415 2604 illo,
1430 2567 1497 2605 quid
1512 2578 1564 2597 non
1585 2568 1641 2598 vet-

1663 1653 1768 1674 pauperes

1661 1684 1685 1696 cn
1701 1685 1707 1696 ι
1781 1694 1785 1699 .
1797 1692 1803 1694 .

905 1708 972 1735 rem,
989 1708 1022 1726 ne
1041 1704 1240 1737 praetercurras,
1256 1698 1300 1727 sed
1316 1698 1407 1727 statim
1423 1699 1509 1738 cogita
1525 1700 1647 1738 quisnam
1661 1680 1790 1729 [uplmenm
