1886 2846
96 1184 218 1211 G.1l.5.7.

94 1216 150 1235 llud.
165 1215 188 1237 3.
202 1211 224 1242 sf-

93 1252 113 1266 el
130 1253 182 1268 Ι.Ο.

258 199 322 233 150
587 212 614 234 s.
644 212 782 235 som-sis
809 211 990 235 cunrsosr.

251 279 301 306 ret,
319 282 332 300 a
348 272 446 300 suturis
460 271 486 300 id
501 273 668 311 aggreditur,
683 274 774 302 ‹tit—cns
789 287 793 300 .·
813 274 896 302 Nihil
911 271 994 299 alind
1009 273 1026 295 C

251 322 368 357 sapietis
381 330 388 345 .·
404 318 449 346 hi«-
462 326 550 347 autem
564 330 577 348 a
595 320 770 359 praescntibus
786 331 791 346 z
812 318 992 356 Considium-s·

250 373 360 400 nutem,
379 367 490 397 dilecti.
506 367 541 394 ‹Ie
561 368 643 395 vobis
659 367 779 394 meliora
797 372 824 393 et
850 365 991 392 viciniora

249 412 349 446 saluti,
365 414 419 440 elsi
433 414 474 440 sic
489 413 643 450 loquimur.
659 412 691 439 Et
706 410 830 448 quoniam
846 419 860 436 a
876 419 991 447 praesen-

250 456 321 484 tibus
336 467 388 485 non
401 457 485 485 multa
501 457 613 485 babebat
629 467 687 494 qua·
699 455 807 487 diceret,
821 464 834 481 a
851 453 990 492 praeteritis

250 502 364 531 instituit
376 503 592 533 consolationem.
603 501 699 529 ctdicit
711 511 716 526 :
728 501 773 528 10,
784 500 852 527 Non
861 501 938 528 enim
950 502 991 528 in-

245 550 342 586 justus
358 556 399 577 est
415 550 494 577 Dens
506 571 513 581 .
536 555 565 575 nt
582 547 770 575 obliviscatur
792 548 885 584 operis
899 549 990 575 vestri

250 601 277 622 et
305 595 478 624 dilectionis.
505 602 592 631 qnam
622 591 786 620 ostendistis
813 593 845 620 in
875 595 992 622 nomine

251 642 349 677 ipsius,
363 642 413 678 qm*
430 639 617 666 mitiistrastis
633 639 743 666 sanctis
758 644 785 666 et
805 639 989 667 ministratis.

252 686 329 724 Papa*
341 685 346 714 ξ
360 683 492 723 quomodo
508 693 599 711 eorum
615 689 714 711 recreat
732 690 757 711 et
774 684 915 712 confirmat
929 684 989 712 ani-

250 741 329 764 mam,
343 741 382 758 rcs
396 736 495 757 veteres
509 738 634 757 revocans
652 728 678 757 in
692 729 860 765 memoriam,
875 736 900 758 et
912 729 988 758 redi-

249 787 312 813 gens
326 775 358 803 ad
375 774 553 802 necessitatem
566 784 616 802 non
637 774 808 814 exspectandi
828 775 915 804 Deum
934 786 990 804 esse
1005 785 1024 808 D

247 821 359 849 oblitum
369 821 381 847 Ρ
393 820 503 848 Necesse
517 826 556 848 est
570 819 642 848 enim
658 827 686 848 ut
699 820 745 848 ille
760 827 859 859 peccet,
875 821 921 859 qui
937 832 988 850 non

246 873 343 894 certant
359 865 438 894 habet
450 865 650 905 persuasionem
661 865 695 895 de
703 866 777 905 justo
791 866 840 895 Dei
849 866 954 905 judicio
964 875 990 896 et

245 911 278 939 de
288 922 360 949 mqua
374 911 494 940 mercede
505 911 653 941 secundum
665 914 728 940 vita:
746 912 876 941 rationem
889 912 988 950 danda,

245 964 269 985 ct
286 964 314 985 ut
329 957 401 986 (licat
418 958 506 986 Deum
521 968 576 987 esse
590 958 729 998 injustum.
746 959 927 996 Quamobrem
945 969 989 988 eos

245 1004 354 1033 omnino
377 1004 463 1043 coegit
480 1011 638 1044 exspectare
649 1004 695 1033 illa
707 1005 804 1033 futura.
821 1005 891 1034 Eum
914 1005 986 1034 enim

246 1051 291 1089 qui
313 1061 347 1079 ex
364 1051 444 1080 rebus
465 1051 639 1090 praesentibus
657 1050 809 1090 desperavit
828 1057 853 1079 et
867 1051 988 1080 animum

245 1095 398 1136 despondit,
408 1107 442 1126 ex
456 1097 554 1125 suturis
569 1097 665 1136 poterit
679 1096 813 1136 quispiam
833 1096 988 1126 corrobora-

246 1153 275 1171 re
288 1155 293 1170 :
309 1142 378 1171 sicut
392 1143 448 1182 ipse
464 1152 570 1181 quoque
589 1141 625 1170 ad
647 1142 758 1171 Galatas
777 1142 896 1171 scribens
911 1142 987 1172 dice-

245 1189 306 1218 bat:
321 1190 489 1218 Currebatis
504 1190 575 1217 bene
581 1201 592 1223 ;
608 1190 672 1227 quis
694 1198 749 1217 vos
770 1189 943 1227 impedivit?
963 1195 988 1217 et

247 1237 344 1266 iterum
358 1249 364 1264 :
380 1237 477 1265 Tanta
490 1237 569 1275 passi
583 1237 652 1264 estis
663 1237 726 1264 sine
735 1237 846 1263 causa?
857 1237 882 1264 si
892 1242 990 1264 tamen

247 1285 310 1312 sine
332 1293 432 1312 causa.
452 1282 528 1311 Sicut
553 1289 642 1310 autem
664 1281 709 1310 hic
729 1291 790 1310 cum
812 1281 991 1320 increpatione

246 1328 354 1357 laudem
369 1328 455 1368 ponit,
469 1327 561 1356 dicens
573 1339 578 1354 t
593 1328 666 1356 Cum
677 1326 816 1355 deberetis
828 1337 888 1355 esse
899 1329 993 1365 magi-

1020 209 1161 232 ARCfflEP
1168 225 1174 231 .
1205 210 1267 233 CON
1273 210 1458 235 STANTtNOP
1465 226 1472 234 .

1048 270 1149 308 μνήσας
1162 273 1341 310 πραγμάτων,
1353 272 1396 300 καὶ
1413 274 1448 306 εἷς
1463 273 1579 311 ἀνάγκην
1590 274 1759 310 καταστήσας
1772 279 1816 304 τοῖνΙ

1047 315 1084 353 μὴ
1104 318 1252 356 προσδοκᾷν
1275 318 1447 353 ἐπιλελῆσθαι
1469 318 1513 347 τὸν
1532 320 1616 356 Θεόν;
1632 320 1743 360 Ἀνάγκη
1764 321 1816 360 γὰρ

1045 362 1142 391 ἐκεῖνον
1160 363 1319 402 ἁμαρτάνειν
1334 364 1378 393 τὸν
1404 365 1441 402 μὴ
1466 366 1735 405 πεπληροφορημένον
1754 367 1815 406 περὶ

1045 409 1092 442 τῆς
1105 412 1150 437 τοῦ
1160 410 1229 438 Θεοῦ
1244 410 1448 450 δικαιοκρισίας,
1464 411 1509 439 καὶ
1521 413 1568 447 τῆς
1587 413 1639 440 τῶν
1653 412 1757 452 ἑκάστῳ
1772 415 1815 452 βε-

1045 453 1181 492 ὅιωμένων
1195 455 1255 483 κατ’
1271 454 1344 488 ἀξίαν
1361 457 1423 495 παρ’
1439 458 1516 486 αὐτοῦ
1540 457 1755 493 ἀνταποδόσεως,
1770 458 1815 487 καὶ

1043 499 1128 538 λέγειν
1138 499 1179 529 &a
1194 500 1281 534 ἄδικος
1295 502 1308 529 ὁ
1322 501 1397 534 Θεός.
1412 500 1495 530 “stem
1510 503 1706 541 συνηνάγκασεν
1724 503 1816 537 αὐτοὺς

1044 545 1150 578 πάντως
1161 547 1309 585 προσδοκᾷν
1323 548 1408 575 ἐκεῖνα
1420 547 1453 576 τὰ
1469 547 1606 585 μέλλοντα.
1620 548 1674 577 Τὸν
1688 550 1740 589 γὰρ
1751 552 1816 578 ἀπε,

1044 591 1163 628 γνωκότα
1178 591 1230 620 ἀπὸ
1242 593 1293 620 τῶν
1307 592 1444 631 παρόντων
1460 593 1504 621 καὶ
1520 594 1750 633 ἀπαγορεύσαντα,
1760 596 1814 624 ἀπὸ

1044 638 1095 665 τῶν
1113 636 1261 675 μελλόντων
1277 638 1428 677 ἀναρρῶσαι
1443 638 1583 673 δυνήσεταί
1597 651 1651 672 τις·
1665 641 1700 673 ὡς
1712 640 1758 669 καὶ
1769 642 1815 669 αιίς

1043 683 1086 714 τὸς
1105 683 1240 716 Γαλάταις
1253 683 1360 723 γράφων
1375 684 1472 723 ἔλεγεν,
1487 684 1625 724 Ἐτρέχετε
1651 686 1739 719 καλῶς
1749 697 1755 704 ·
1775 686 1815 719 τίς

1043 733 1110 768 ὑμᾶς
1124 730 1229 770 ἐνέκαψε
1245 743 1252 766 ;
1267 731 1312 760 καὶ
1327 731 1418 768 πάλιν,
1432 733 1559 761 Τοσαῦτα
1573 734 1684 763 ἐπάθετε
1699 735 1775 774 εἷκῇ;
1790 734 1814 764 εἴ

1043 792 1073 818 γε
1083 780 1128 808 καὶ
1139 782 1207 819 εἰκῇ.
1225 780 1329 821 ’Ὠσπερ
1344 781 1371 810 δὲ
1384 784 1494 811 ἐνταῦθα
1506 782 1574 821 μετὰ
1589 783 1752 818 ἐπιπλήξεως
1772 784 1811 813 τί-

1043 831 1104 865 θησι
1116 830 1146 859 τὸ
1161 830 1290 869 ἐγκώμιον
1300 854 1307 867 ,
1318 831 1413 870 λέγων,
1424 832 1590 871 Ὀφείλοντες
1604 828 1671 862 εἶναι
1685 834 1813 864 διδάσκα-

1042 879 1084 909 λοι
1094 879 1137 908 διὰ
1147 880 1190 909 τὸν
1201 881 1293 920 χρόνον
1304 892 1310 898 ·
1326 881 1394 910 οὕτω
1405 881 1450 910 καὶ
1461 883 1528 918 ἐκεῖ,
1538 883 1676 922 Θαυμάζω
1687 883 1727 913 ὅτι
1743 884 1812 914 οὕτω

1043 929 1144 970 ταχέως
1159 931 1336 969 μετατίθεσθε.
1354 932 1422 961 Μετ’
1438 932 1588 967 ἐκπλήξεως
1610 933 1640 962 τὸ
1664 933 1794 972 ἐγκώμιον
1805 948 1811 954 ·

1042 980 1103 1019 περὶ
1123 980 1174 1020 γὰρ
1203 982 1335 1020 μεγάλων,
1366 981 1427 1010 ὅταν
1454 982 1586 1012 ἐκπέσωσι
1597 1005 1606 1019 ,
1632 984 1810 1023 θαυμάζομεν.

1041 1031 1123 1071 Ὁρᾷς
1143 1032 1354 1072 ἐγκεκρυμμένον
1370 1033 1414 1062 τὸν
1425 1032 1529 1062 ἔπαινον
1550 1035 1583 1072 τῇ
1599 1034 1744 1074 κατηγορίᾳ
1766 1035 1812 1064 καὶ

1041 1083 1074 1120 τῇ
1090 1082 1213 1117 διαὸολῆς
1235 1082 1288 1110 Καὶ
1304 1084 1332 1111 οὗ
1346 1083 1407 1122 περὶ
1422 1084 1515 1112 ἑαυτοῦ
1529 1086 1605 1113 τοῦτο
1623 1084 1700 1122 μόνον
1715 1085 1812 1124 φησὶν,

1042 1131 1111 1161 ἀλλὰ
1125 1132 1169 1160 καὶ
1182 1133 1243 1173 περὶ
1254 1133 1374 1162 πάντων·
1388 1135 1417 1162 οὗ
1431 1133 1483 1173 γὰρ
1495 1129 1566 1170 εἷπε,
1581 1134 1745 1174 πέπεισμαι,
1760 1137 1812 1166 ἂλ-

1041 1181 1090 1217 λὰ,
1107 1182 1278 1220 Πεπείσμεθα
1291 1184 1352 1222 περὶ
1366 1185 1440 1222 ὑμῶν
1457 1183 1490 1213 τὰ
1514 1184 1665 1224 κρείττονα·
1676 1185 1811 1221 τουτέστι,

1043 1233 1076 1262 τὰ
1095 1233 1210 1272 χρηστά.
1223 1233 1302 1262 Ἤτοι
1317 1234 1378 1273 περὶ
1392 1233 1538 1270 πολιτείας,
1550 1234 1567 1269 ἢ
1582 1235 1642 1275 περὶ
1658 1235 1812 1269 ἀντιδόσεως

1043 1284 1127 1312 ταῦτά
1146 1296 1234 1322 φησιν.
1258 1279 1327 1312 Εἶτα
1351 1283 1432 1312 εἰπὼν
1447 1283 1570 1324 ἀνωτέρω
1581 1307 1589 1321 ,
1612 1284 1652 1313 ὅτι
1676 1284 1812 1324 Ἀδόκιμος

1045 1334 1090 1362 καὶ
1111 1334 1227 1373 κατάρας
1243 1333 1331 1372 ἐγγὺς,
1349 1333 1394 1362 καὶ
1405 1333 1445 1362 ὅτι
1459 1335 1494 1367 εἷς
1505 1337 1598 1364 καῦσιν
1615 1334 1705 1372 ἔσται,
1719 1334 1763 1364 ἵνα
1774 1335 1811 1374 μὴ

246 1377 299 1403 stri
322 1381 439 1413 propter
463 1380 594 1412 tempus.-
616 1373 651 1401 ita
676 1373 731 1401 illic
756 1383 864 1410 quoque
878 1384 883 1399 ε
898 1364 1035 1414 flliror¹X⁶
1045 1382 1106 1421 δόξῃ
1121 1383 1181 1421 περὶ
1196 1384 1279 1411 αὐτῶν
1297 1386 1372 1412 τοῦτο
1386 1383 1482 1422 λέγειν,
1503 1383 1634 1423 ἐπήγαγεν
1651 1384 1744 1419 εὐθέως
1765 1386 1812 1422 τὸ,

247 1421 326 1459 quod
340 1427 400 1448 tam
415 1422 473 1448 cito
492 1420 716 1456 transferimini.
733 1419 804 1446 Laus
816 1424 854 1446 est
868 1428 929 1446 cum
942 1417 991 1446 ad-

247 1465 388 1493 miratione
401 1477 406 1493 :
420 1475 481 1492 nam
495 1464 529 1492 de
543 1464 620 1492 rebus
635 1463 739 1502 magnis
753 1463 863 1502 qnando
881 1463 992 1492 excide-

247 1512 300 1539 rint
320 1511 460 1539 miramur.
480 1510 564 1539 Vides
582 1510 609 1538 in
624 1509 792 1538 accusatione
806 1517 831 1538 et
845 1510 990 1550 reprehen-

247 1558 321 1586 sione
335 1558 491 1586 absconsam
511 1567 566 1585 esse
580 1556 711 1585 laudem?
729 1557 783 1586 Nec
802 1556 836 1585 de
855 1567 882 1585 se
904 1557 990 1585 solum

246 1604 297 1632 hoc
311 1603 386 1640 dicit,
402 1603 448 1632 scd
462 1603 541 1632 etiam
554 1602 587 1632 de
601 1603 744 1632 omnibus:
756 1613 807 1631 non
824 1603 894 1632 enim
909 1602 990 1635 dixit,

247 1649 375 1687 Confido,
390 1649 448 1684 sed,
463 1650 645 1689 Considirnus
660 1649 695 1677 de
708 1650 792 1678 vobis
807 1649 928 1677 meliora
940 1660 948 1675 .·
963 1648 990 1676 id

246 1703 295 1731 est,
311 1697 390 1725 bona.
403 1696 465 1725 Haec
479 1703 568 1724 autem
582 1695 647 1724 dicit
671 1695 705 1724 de
721 1696 790 1724 bona
805 1695 867 1725 vitae
882 1694 990 1734 agenda:

247 1744 356 1780 ratione,
368 1750 414 1771 aut
429 1743 462 1771 de
478 1743 699 1771 remuneratione.
714 1742 817 1772 Deinde
828 1753 889 1771 cum
901 1741 989 1770 dixis-

247 1796 284 1817 set
298 1789 420 1828 superius
435 1788 507 1827 quod
521 1789 554 1818 sit
569 1789 682 1829 reproba
696 1795 721 1817 et
737 1788 878 1817 maledicto
893 1788 987 1827 proxi-

1045 1435 1085 1462 Οὗ
1099 1433 1149 1473 γὰρ
1165 1434 1254 1466 ἄδικος
1266 1435 1278 1462 ὁ
1292 1434 1359 1467 Θεὸς
1371 1434 1542 1464 ἐπιλαθέσθαι
1555 1439 1600 1465 τοῦ
1623 1436 1699 1476 ἔργου
1718 1438 1791 1475 ὑμῶν
1803 1459 1811 1472 ,

1044 1485 1089 1514 καὶ
1102 1488 1146 1513 τοῦ
1171 1484 1253 1513 κόπου
1275 1487 1322 1520 τῆς
1340 1485 1460 1523 ἀγάπης·
1482 1486 1578 1522 δηλῶν,
1591 1485 1631 1515 ὅτι
1646 1488 1669 1515 εἰ
1684 1486 1729 1516 καὶ
1743 1486 1812 1516 οὕτω

1044 1536 1183 1574 λαλοῦμεν,
1195 1537 1223 1564 οὐ
1237 1535 1342 1569 πάντως
1356 1536 1418 1575 περὶ
1432 1537 1506 1574 ὑμῶν
1525 1538 1602 1565 τοῦτο
1612 1535 1733 1575 λέγομεν.
1758 1538 1811 1567 Καὶ

1044 1589 1067 1615 εἰ
1085 1587 1147 1627 περὶ
1161 1589 1237 1624 ἡμῶν
1249 1588 1277 1615 οὐ
1291 1587 1390 1625 λέγεις,
1404 1586 1430 1614 τί
1442 1586 1540 1622 δήποτε
1562 1585 1686 1625 καθάπτῃ
1699 1586 1812 1626 νωθροὺς

1043 1639 1141 1674 καλῶν,
1164 1637 1209 1666 καὶ
1230 1637 1394 1676 μεμνημένος
1410 1639 1530 1666 ἀκανθῶν
1552 1636 1687 1675 ἐκφοὸεἷς;
1699 1636 1809 1672 Ἐπειδὴ

1043 1689 1228 1726 ἐπιθυμοῦμεν,
1241 1687 1329 1726 φησὶν,
1345 1687 1390 1716 ἕνα
1405 1686 1513 1716 ἕκαστον
1529 1689 1600 1725 ὑμῶν
1612 1686 1660 1723 τὴν
1676 1687 1756 1723 αὖτὴν
1767 1689 1811 1716 ἐν·

1044 1738 1192 1767 δείκνυσθαι
1216 1737 1331 1772 σπουδὴν
1344 1736 1408 1777 πρὸς
1421 1737 1469 1771 τὴν
1482 1737 1660 1777 πληροφορίαν
1675 1740 1722 1773 τῆς
1734 1737 1810 1767 ἐλπί-

1043 1788 1085 1821 δος
1097 1788 1159 1827 ἄχρι
1171 1788 1273 1820 τέλους·
1286 1787 1329 1816 ἵνα
1343 1787 1379 1825 μὴ
1393 1787 1485 1827 νωθροὶ
1503 1787 1628 1825 γένησθε,
1644 1787 1758 1826 μιμηταὶ
1782 1788 1809 1816 δὲ

670 1902 848 1931 MUTIANO
873 1901 1127 1932 SCHOLASTICO
1153 1901 1397 1931 INTERPRETE

248 1996 302 2024 cit:
317 1996 460 2034 Quoniam
474 1997 548 2022 enim
565 1995 648 2022 aliud
662 2017 668 2030 ‚
682 1994 780 2032 inquit,
795 1996 912 2033 sapietis
926 2006 935 2021 :
947 1994 992 2022 hic
1009 2000 1097 2023 autem
1118 2004 1151 2023 ex
1169 1993 1353 2034 praesentibus,
1365 1995 1546 2034 Confidimus
1559 2001 1657 2024 autem
1668 1995 1705 2024 de
1717 1997 1811 2031 vobis,

246 2043 444 2077 dilectissimi,
458 2042 578 2069 meliora
594 2048 620 2069 et
635 2042 776 2070 habentia
792 2041 918 2070 salutem
929 2065 937 2078 ‚
953 2051 988 2070 ac
1003 2044 1028 2070 si
1041 2043 1083 2071 sic
1098 2042 1254 2081 loquimur.
1272 2040 1309 2070 Et
1322 2040 1448 2079 quoniam
1463 2051 1496 2069 ex
1504 2041 1679 2081 praesentibus
1694 2052 1745 2071 non
1763 2042 1812 2070 ha-

247 2089 306 2118 buit
317 2096 386 2118 tanta
397 2099 455 2127 quae
465 2088 576 2123 diceret,
588 2099 622 2117 ex
632 2089 770 2127 praeteritis
781 2089 897 2118 adstruit
906 2089 973 2117 hanc
987 2088 1205 2126 consolationem,
1219 2095 1244 2117 et
1257 2087 1322 2117 dicit
1333 2099 1340 2115 ε
1354 2089 1422 2116 Non
1440 2090 1518 2116 enim
1533 2090 1658 2128 injustus
1671 2095 1714 2118 est
1721 2089 1811 2124 Deus,

247 2144 278 2166 ιιι
294 2138 483 2165 obliviscatur
498 2137 590 2179 operis
609 2139 709 2173 vestri,
717 2143 743 2165 et
760 2137 924 2166 dilectionis
939 2147 1027 2176 quam
1045 2137 1212 2165 ostendistis
1229 2138 1260 2164 in
1269 2137 1385 2164 nomine
1402 2137 1464 2174 ejus
1477 2136 1676 2165 ministrantes
1688 2137 1808 2165 sanctis.

248 2184 391 2220 Quomodo
401 2182 737 2211 recreavitanimascorum
746 2191 770 2211 et
785 2183 954 2219 confortavit,
965 2182 1074 2221 antiqua
1089 2182 1126 2210 eis
1140 2182 1167 2210 in
1183 2187 1298 2210 mentem
1313 2191 1449 2218 romeam,
1459 2187 1485 2210 et
1497 2181 1559 2209 fecit
1576 2191 1620 2210 eos
1636 2187 1666 2209 ut
1681 2191 1735 2210 non
1748 2181 1811 2210 exi-

248 2232 387 2260 stimarent
405 2230 529 2260 oblivisci
542 2230 696 2259 Dominum.
710 2231 821 2260 Necesse
841 2238 880 2260 est
895 2231 965 2260 enim
976 2240 1084 2270 peccare
1094 2229 1185 2266 illum,
1202 2228 1245 2258 cui
1256 2239 1309 2258 non
1331 2229 1495 2257 satisfactum
1510 2235 1550 2257 est
1571 2228 1606 2258 de
1624 2238 1680 2268 spe.
1695 2227 1812 2257 Proinde

248 2279 335 2318 coegit
351 2289 394 2307 eos
407 2278 530 2307 omnibus
545 2278 632 2306 modis
645 2284 799 2316 exspectare
816 2278 862 2306 illa
877 2279 976 2307 futura.
991 2277 1063 2306 Eum
1082 2277 1153 2306 enim
1169 2277 1216 2315 qui
1236 2276 1360 2316 desperat
1382 2286 1416 2304 ex
1436 2275 1612 2315 praesentibus
1625 2281 1652 2304 et
1666 2275 1811 2311 renuntiat,

251 2337 285 2355 ex
299 2326 397 2354 futuris
415 2325 567 2355 confortare
580 2324 640 2363 quis
655 2324 775 2364 poterit?
789 2325 856 2354 sicut
867 2332 893 2354 ct
906 2325 962 2365 ipse
976 2324 1080 2354 Galatis
1093 2324 1220 2359 scribens,
1230 2323 1337 2352 dicebat
1349 2335 1355 2350 :
1368 2323 1537 2352 Currebatis
1552 2322 1640 2361 bene;
1657 2329 1682 2352 et
1698 2322 1810 2359 iterum,

252 2375 349 2402 Tanta
362 2375 442 2412 passi
457 2374 525 2401 estis
536 2374 600 2401 sine
611 2382 700 2401 causa
710 2375 722 2400 Ρ
733 2374 759 2400 si
773 2378 871 2400 tamen
883 2375 947 2401 sine
960 2383 1058 2402 causa.
1069 2371 1146 2401 Sicut
1164 2371 1234 2400 enim
1249 2371 1295 2399 hic
1313 2381 1376 2399 eum
1397 2370 1577 2410 increpatione
1594 2369 1670 2410 ponit
1687 2369 1809 2407 laudem,

246 2421 339 2449 dicens
353 2432 359 2448 :
371 2422 516 2449 Debentes
527 2430 588 2449 esse
596 2420 736 2449 doctiores
748 2426 865 2458 propter
875 2426 984 2458 tempus
997 2431 1006 2447 .·
1019 2419 1057 2448 sic
1067 2426 1093 2448 et
1108 2419 1176 2455 illic,
1187 2419 1282 2447 Miror
1289 2420 1360 2458 quia
1371 2419 1412 2447 sic
1421 2419 1479 2447 cito
1487 2417 1713 2446 transducimini
1741 2417 1810 2445 Cum

250 2467 428 2506 increpatione
439 2466 515 2503 dicit,
524 2466 596 2505 quod
604 2465 691 2495 laudis
699 2473 736 2495 est
749 2478 755 2493 :
768 2465 802 2495 de
816 2466 962 2505 majoribus
975 2466 1047 2495 enim
1057 2476 1119 2494 cum
1130 2464 1280 2501 ceciderint,
1295 2464 1434 2493 miramur.
1447 2463 1563 2493 Intueris
1576 2463 1688 2492 latenter
1696 2462 1810 2492 inditam

250 2511 358 2542 laudem
372 2513 570 2543 accusationum
587 2515 641 2554 [f.-
648 2513 692 2543 oni
704 2513 738 2552 ]?
749 2513 784 2542 Et
797 2523 849 2542 non
864 2512 898 2542 de
913 2523 940 2541 se
954 2513 1009 2541 solo
1023 2512 1075 2542 hoc
1084 2512 1170 2549 dixit,
1187 2511 1233 2541 sed
1248 2511 1315 2541 etde
1330 2511 1454 2540 omnibus
1468 2522 1474 2538 :
1490 2510 1620 2539 nonenim
1637 2509 1718 2546 dixit,
1733 2510 1807 2540 Con-

251 2560 378 2597 fldo‚sed,
388 2562 569 2600 Confidimus
583 2562 619 2590 de
631 2563 715 2591 vobis
733 2561 854 2590 meliora
862 2567 887 2589 et
895 2560 1006 2599 optima,
1017 2560 1112 2598 inquit.
1122 2560 1187 2589 Sive
1199 2559 1232 2589 de
1243 2559 1452 2595 conversatione,
1463 2557 1520 2587 sive
1532 2557 1566 2586 dc
1579 2557 1739 2586 liberalitate
1751 2556 1809 2586 haec

248 2607 323 2636 dicit.
338 2607 439 2636 Deinde
457 2607 549 2636 dicens
565 2608 699 2647 superius,
711 2607 773 2645 quia
791 2607 902 2646 reproba
916 2613 940 2635 et
955 2605 1136 2636 maledictioni
1151 2605 1283 2645 proxima,
1297 2612 1322 2634 et
1332 2605 1394 2643 quia
1408 2604 1434 2633 in
1446 2603 1655 2633 combustionem
1666 2602 1716 2632 erit
1728 2615 1734 2631 :
1747 2603 1806 2632 Non
