1906 2846
150 476 181 494 Ῐῖι
195 475 264 494 Setun.

125 504 138 525 3
151 506 175 525 ad
197 507 265 531 Stagi-

125 538 182 556 =ium
203 542 205 560 f
217 544 238 560 γ.

123 567 176 588 225.
192 567 208 585 L
221 583 226 591 ,

133 613 165 633 Ex
177 614 263 634 comm.

125 645 145 663 in
157 644 235 665 Manli.

130 1298 163 1318 Ex
180 1296 264 1318 Hamil.

125 1336 132 1350 ι
149 1329 175 1349 dc
189 1329 264 1348 Pron<

122 1360 206 1380 dentia-

123 1575 171 1600 [Ex
190 1575 262 1595 Serm.

123 1606 151 1625 de
161 1605 209 1624 Far.
223 1610 237 1625 t.

124 1641 179 1661 2-1»
194 1635 247 1662 753.

124 1666 195 1691 A.1³;

129 1989 160 2008 Ex
176 1988 259 2009 Hamil.

119 2022 145 2041 de
157 2022 245 2040 Statius.

281 193 297 222 7
317 180 347 220 ξω
612 187 638 208 s.
669 187 807 209 ›om-xis
833 187 1014 209 cunrsosr.

280 249 361 284 igitur
376 248 438 276 tuba
461 248 596 275 insonante
613 247 762 285 spinitnati,
785 254 825 275 sta
852 247 926 276 leone
947 247 1018 275 vali-

278 294 338 322 dior
356 305 361 320 ε

277 336 356 364 ctiam
370 337 497 364 elementa
513 336 646 364 animosos
662 346 708 364 ιοι
710 337 794 373 ercii,
808 337 895 366 sciunt
907 344 932 366 et
954 338 1018 376 ipsi.

277 380 366 408 bestiae
389 381 423 408 ita
443 391 581 418 generosos
605 380 718 417 timer03
738 382 797 410 sire
819 393 834 410 a
852 383 938 418 fame,
962 382 1018 410 sive

276 426 355 453 etiam
368 437 381 453 a
395 433 487 454 natura
503 426 659 463 efferentur,
677 427 796 455 omniurn
807 427 1016 462 obliviscuntur,

276 477 301 497 et
317 471 441 498 affectum
462 478 597 510 superant.
617 472 799 501 Christianum
817 473 900 511 igitur
913 473 936 502 si
950 474 1018 511 quid

276 516 421 550 contristet,
433 515 500 543 duas
510 516 650 544 dumtaxat
661 517 784 545 materias
793 518 907 546 tristitia:
919 519 1018 548 habere

275 566 378 597 oportet
391 572 396 587 :
409 571 470 588 cum
493 561 593 588 scilicet
607 568 653 589 aut
668 562 795 600 ipsemet,
815 570 861 590 aut
875 564 1016 601 proximus

275 606 361 633 Deum
379 606 526 633 offenderit.
551 607 609 635 Non
632 607 677 644 qui
699 607 841 636 maledicta
864 609 1011 645 sustinent,

273 658 375 689 oportet
389 651 483 679 auxios
499 662 554 680 esse
569 659 594 680 et
607 659 717 680 tremere
726 675 734 689 ,
751 653 797 681 sed
814 664 857 681 eos
869 654 915 691 qui
928 654 1014 682 male-

273 695 368 723 dicunt
380 707 386 722 :
399 706 484 733 neque
498 697 569 724 enim
582 697 622 725 illi
637 707 764 725 excusare
788 709 815 726 se
835 706 967 736 eoguntur
981 699 1014 728 de

271 740 481 770 detractionibus
496 751 561 779 quas
575 741 751 778 audiverunt,
774 743 820 771 sed
834 743 861 771 hi
875 743 909 771 de
927 744 1013 773 male-

271 786 350 814 dictis
362 787 460 824 quibus
476 788 516 815 usi
530 794 608 823 sunt;
624 787 667 815 his
678 787 750 816 enim
762 795 849 817 totum
863 790 1045 829 periculum

271 833 415 871 impendet.

270 886 387 918 oportet,
401 890 462 908 cum
477 880 606 908 rationem
621 879 754 909 ieddituri
769 891 820 909 non
837 881 889 909 sint
903 882 936 910 de
948 882 1012 910 alte-

270 925 326 953 rius
337 925 486 954 maledictis
498 937 503 952 ε
516 926 634 963 quivero
645 926 852 960 maledixerunt,
863 937 906 955 eos
918 927 1012 956 anxios

270 981 326 998 csse
340 978 365 998 et
385 978 498 999 tremere
514 978 634 1010 oportet,
655 971 757 1010 quippe
777 972 822 1009 qui
836 971 870 1000 ad
884 973 1014 1001 formida-

273 1015 327 1043 bile
341 1015 408 1043 illud
420 1016 539 1044 tribunal
553 1026 602 1055 pro
618 1016 660 1044 his
676 1016 798 1044 trahendi
810 1024 882 1045 sunt.
898 1017 1014 1056 Ideoque

274 1071 306 1088 ne
322 1061 460 1089 doleamus
474 1072 522 1090 nos
535 1062 604 1090 male
619 1061 727 1098 audire,
740 1062 786 1090 sed
802 1062 825 1090 si
838 1063 932 1091 merito
945 1065 1014 1092 male

271 1108 423 1137 audiamus.
444 1108 474 1138 Si
491 1108 562 1136 enim
585 1108 611 1136 in
633 1109 753 1146 nequitia
774 1109 859 1136 vitam
881 1120 1011 1148 agamus,

271 1152 333 1180 licet
356 1153 446 1181 nullus
465 1153 499 1181 sit
520 1153 568 1190 qui
591 1153 749 1188 maledicat,
774 1154 894 1182 omnium
924 1162 1012 1184 tamen

275 1198 417 1226 miserrimi
427 1209 519 1227 sumus
528 1211 534 1225 :
542 1206 568 1227 at
578 1199 599 1227 si
607 1198 704 1227 virtuti
714 1198 876 1235 studeamus,
889 1201 1013 1237 quamvis

274 1250 345 1272 totus
356 1251 487 1272 terrarum
499 1244 572 1272 orbis
583 1244 734 1279 maledicat,
749 1244 868 1272 omnium
880 1251 942 1272 tunc
954 1245 1014 1273 seli-

276 1290 376 1319 cissimi
390 1290 497 1317 erimus.
510 1291 579 1318 Nam
589 1290 611 1317 si
622 1300 694 1317 mens
704 1289 781 1317 nobis
791 1289 858 1317 hene
871 1290 1014 1318 constituta

275 1336 327 1371 sit,
353 1336 456 1363 etiamsi
478 1335 590 1363 infinitae
607 1335 726 1372 undique
741 1335 890 1363 excitentur
913 1341 1014 1373 tempe-

278 1388 367 1416 states,
382 1381 409 1408 in
427 1381 622 1418 tranquillitate
633 1388 719 1408 tamen
734 1387 759 1408 et
774 1381 800 1408 in
816 1387 896 1419 portu
910 1391 1012 1419 semper

273 1426 425 1455 sedebimus
437 1437 442 1453 :
454 1426 680 1463 quemadmodum
693 1426 738 1454 illa
752 1436 803 1453 non
812 1426 878 1453 bene
890 1426 1011 1463 habente,

273 1473 376 1501 etiarnsi
393 1473 467 1501 nobis
481 1473 570 1501 omnia
585 1472 707 1501 secundis
721 1473 904 1511 provehantur
915 1473 1011 1507 ventis,

274 1519 343 1547 nihil
359 1526 444 1547 tamen
459 1518 628 1555 naufragium
643 1518 807 1556 patientibus
821 1517 917 1545 melius
932 1517 1013 1546 habe-

273 1565 371 1593 bimus.
399 1565 456 1592 Hoc
477 1565 504 1592 in
526 1564 659 1592 alimentis
680 1573 786 1601 quoque
802 1563 895 1592 videre
913 1571 960 1592 est.
982 1565 1013 1593 Si

273 1610 344 1638 enim
366 1620 462 1648 corpus
492 1609 633 1637 ventriculi
656 1609 723 1636 sorte
750 1610 783 1636 sit
808 1615 833 1636 et
853 1609 992 1637 robustum
1005 1632 1012 1645 ,

275 1665 352 1683 omne
366 1655 438 1692 quod
453 1653 611 1692 susceperit,
628 1653 732 1681 etiamsi
754 1653 787 1681 sit
803 1652 870 1681 rude
884 1661 908 1682 et
923 1654 1014 1682 incon-

274 1700 370 1727 feetum
381 1721 389 1734 ‚
424 1700 449 1727 in
474 1709 572 1737 purum
596 1699 686 1737 ipsum
710 1705 856 1726 commutat
883 1709 992 1727 succum
1003 1722 1011 1735 ,

272 1746 386 1773 naturali
399 1751 607 1784 temperamento
616 1744 737 1772 alimenti
750 1744 847 1773 vitium
857 1752 1012 1784 superante.-

270 1792 292 1819 si
316 1802 377 1819 vero
402 1791 484 1819 robur
508 1791 593 1830 ipsius
614 1790 756 1818 remissum
777 1797 803 1818 et
823 1791 941 1818 solutum
955 1791 1010 1826 sit,

270 1837 372 1864 etiamsi
387 1837 477 1864 cibum
496 1836 616 1864 omnium
633 1836 766 1874 optimum
783 1846 892 1864 succum
906 1836 1011 1864 haben-

271 1889 322 1910 tem
336 1883 358 1910 ei
374 1881 502 1910 obtuleris
512 1903 519 1915 ‚
534 1882 560 1909 in
576 1881 720 1920 pessimum
734 1888 822 1909 tamen
838 1881 909 1910 hunc
928 1888 1012 1910 trans-

271 1928 413 1956 mutaverit
438 1935 463 1956 et
486 1927 649 1966 corruperit,
675 1927 859 1954 imbecillitate
884 1927 1010 1956 virtutem

272 1973 355 2012 ipsius
370 1973 553 2001 labefactante.
570 1972 664 2001 Anima
679 1972 750 2000 enim
764 1983 822 2010 quae
838 1972 930 2000 dolore
944 1984 1010 2001 cru—

271 2018 370 2054 eiatur,
393 2019 515 2056 nubeque
535 2025 680 2057 occupatur
695 2017 822 2053 tristitiae,
843 2028 1010 2056 nequaquam

269 2074 331 2092 cum
342 2064 478 2092 alacritate
489 2071 574 2103 potest
587 2063 630 2091 vel
643 2063 736 2091 audire
746 2063 789 2091 vel
800 2064 898 2091 referre
905 2063 1010 2101 aliquid

268 2120 359 2138 eorum
394 2120 452 2148 quae
476 2109 578 2138 utiliter
599 2109 737 2137 dicuntur.
768 2109 838 2137 Nam
860 2109 1009 2138 dolentium

268 2155 350 2182 animi
364 2154 456 2193 longos
471 2154 612 2183 extendere
625 2163 758 2182 sermones
771 2153 882 2190 nolunt;
897 2153 945 2182 sed
957 2154 1009 2182 sic-

268 2199 308 2227 uti
336 2200 420 2228 nubes
446 2200 535 2238 aliqua
556 2199 638 2227 densa
658 2199 727 2227 facta
741 2221 750 2235 ,
781 2198 897 2237 solisque
920 2198 1009 2227 radios

268 2244 459 2281 intercludens,
481 2252 549 2273 totos
570 2245 642 2283 ipsos
662 2251 732 2272 retro
747 2243 844 2272 avertit
857 2256 862 2271 :
876 2244 913 2272 ita
928 2244 1008 2272 etiam

268 2291 382 2319 tristitiae
398 2292 494 2326 nubes,
509 2291 532 2319 si
548 2291 638 2318 animo
656 2297 746 2318 nostro
759 2290 862 2325 obstet,
882 2300 934 2318 non
950 2301 1008 2328 per-

268 2337 350 2364 mittit
371 2337 395 2364 ei
418 2337 523 2365 facilem
546 2336 675 2364 sermonis
695 2346 750 2364 esse
771 2335 932 2369 transitum,
960 2335 1007 2363 sed

268 2391 363 2418 magno
379 2392 439 2410 cum
452 2382 644 2421 impedimento
657 2391 718 2409 eum
731 2380 802 2408 intus
817 2380 967 2418 strangulat
981 2387 1005 2408 et

267 2426 381 2454 cohibet.

267 2470 312 2499 sed
332 2472 411 2500 etiam
438 2473 464 2500 in
488 2472 662 2501 audientibus
686 2472 726 2501 fit.
765 2471 1002 2506 Quemadmodum

453 834 540 872 Igitur
567 834 635 861 male
656 833 793 862 audientes
818 845 923 863 securos
957 846 1013 864 esse
1032 852 1050 873 Α

408 2429 491 2465 Atque
513 2427 564 2455 hoc
583 2437 636 2455 non
660 2426 688 2454 in
708 2425 879 2464 loquentibus
900 2425 980 2453 modo
995 2447 1002 2458 ‚
1024 2434 1042 2456 ι)

1046 187 1201 210 Alienum.
1231 189 1500 212 CONSTANTINOP-

1073 249 1188 287 ἠχούσης
1198 252 1244 284 τῆς
1257 261 1447 286 πνευματικης,
1457 252 1533 284 στηθι
1543 250 1645 284 λέοντος
1657 252 1839 292 σφοδρότερος·

385 292 466 327 intra,
486 292 543 319 sive
567 291 635 329 ignis
650 292 698 327 sit,
722 292 778 320 sive
801 293 918 320 ferrum:
932 292 1019 320 sciunt
1037 298 1056 320 E
1074 293 1182 331 ἔμῧηθι,
1193 294 1241 322 κᾶν
1255 297 1307 334 πῦρ
1322 291 1348 333 ᾖ,
1361 295 1408 323 κᾶν
1424 295 1538 333 σίδηρος
1550 291 1602 324 οἶδε
1617 297 1662 324 καὶ
1675 297 1708 325 τὰ
1722 302 1840 336 στοιχεῖα

1071 338 1130 370 τους
1145 339 1190 367 οὔτ
1192 352 1226 372 ως
1246 340 1378 378 ἀνδρείους
1394 341 1522 369 αιδεῖσθαι
1538 352 1544 358 ·
1565 337 1618 369 οἰδε
1642 353 1686 370 και
1706 342 1739 370 τὰ
1761 342 1838 380 θηρία

1070 383 1128 417 τοὺς
1149 384 1216 413 οὓτω
1230 385 1362 422 γενναίους
1382 385 1539 414 δεδοικέναι·
1554 386 1602 414 κᾶν
1623 387 1674 415 ὑπὸ
1688 388 1776 424 λιμοῦ,
1789 388 1838 415 κᾶν

1069 429 1121 458 ὑπὸ
1146 432 1192 464 τῆς
1218 429 1319 468 φύσεως
1345 432 1424 464 αὐτῆς
1446 431 1623 469 ἀγριαίνηται,
1644 433 1748 460 πάντων
1777 434 1837 460 ἐπι-

1070 475 1225 504 λανθάνεται
1247 476 1292 504 καὶ
1318 481 1409 515 κρατεῖ
1436 480 1481 505 τοῦ
1501 477 1608 509 πάθους.
1631 478 1684 506 Τὸν
1709 478 1837 516 Χριστια-

1069 520 1112 549 νὸν
1133 516 1174 548 οὖν
1197 522 1284 550 εἴποτε
1311 522 1428 557 λυποῖτο,
1453 522 1497 551 δύο
1514 523 1591 559 μόνον
1610 523 1746 556 ὑποθέσεις
1769 525 1835 552 ἀθυ-

1072 567 1133 603 μίας
1147 567 1215 605 ἔχειν
1231 568 1282 595 δεῖ·
1297 567 1314 601 ἢ
1328 567 1389 596 ὅταν
1403 568 1487 603 αὐτὸς,
1500 568 1517 602 ἢ
1532 568 1594 597 ὅταν
1608 571 1621 597 ὁ
1631 568 1741 604 πλησίον
1754 581 1837 608 προσ-

1069 612 1166 650 κρούσῃ
1191 614 1262 651 Θεῷ.
1287 612 1356 645 Τοὺς
1370 608 1412 641 οὖν
1429 614 1672 652 κακηγορουμένους
1693 616 1740 642 οὐκ
1763 617 1836 652 ἀγω-

1067 662 1124 696 νιᾷν
1149 659 1188 686 δεῖ
1211 659 1257 686 καὶ
1287 658 1393 697 τρέμειν
1403 680 1411 692 ,
1435 659 1503 687 ἀλλὰ
1527 658 1585 691 τους
1610 662 1834 698 κακηγοροῦντας·

1067 705 1096 731 οὐ
1125 703 1176 742 γὰρ
1206 705 1261 732 ἐκεῖ
1261 716 1300 732 ιοι
1335 704 1526 742 ἀναγκάζονται
1556 706 1743 744 ἀπολογεῖσθαι
1768 707 1834 745 υπερ

1066 751 1102 776 ὧν
1130 750 1217 780 κακῶς
1239 748 1354 783 ἥκουσαν
1366 771 1374 784 ,
1405 750 1462 777 ἀλλ’
1490 752 1561 778 ουτοι
1587 749 1654 790 ὑπερ
1682 753 1718 778 ὧν
1746 752 1834 783 κακῶς

1067 797 1152 822 εἷπον·
1174 794 1275 827 τούτοις
1293 794 1344 833 γὰρ
1369 794 1554 834 ἀποκρέμαται
1578 798 1592 824 ὃ
1615 796 1730 829 κίνδυνος
1751 796 1831 829 ἅπας.

1066 839 1149 868 “sse-„5
1162 852 1222 872 τους
1236 839 1283 877 μὲν
1298 851 1385 872 κακως
1400 840 1547 875 ἀκηκοότας
1566 841 1726 879 ἀμερίμνους
1742 842 1780 870 δεῖ
1794 837 1834 870 εἰ-

1066 896 1121 913 ναι’
1137 886 1165 912 οὐ
1180 885 1231 923 γὰρ
1249 884 1404 923 παρέξουσιν
1423 885 1529 918 εὐθύνας
1543 887 1608 924 ὑπὲρ
1623 882 1658 915 ὧν
1675 887 1762 925 ἕτερος
1775 889 1834 916 εἷπε

1065 933 1152 963 κακῶς
1159 942 1165 947 ·
1175 930 1235 963 τοὺς
1245 930 1272 959 δὲ
1283 930 1420 968 εἰρηκότας
1430 932 1543 969 ἀγωνιᾷν
1553 932 1598 960 καὶ
1607 932 1723 971 τρέμειν,
1734 932 1780 961 ἅτε
1792 933 1834 961 αὖ·

1065 975 1124 1008 τοὺς
1140 976 1285 1013 μέλλοντας
1300 977 1336 1008 εἷς
1350 976 1379 1004 τὸ
1391 976 1500 1014 φοὸερὸν
1512 977 1681 1017 δικαστήριον
1691 976 1758 1016 ὑπὲρ
1769 977 1833 1005 τού-

1065 1033 1117 1050 των
1129 1021 1261 1050 ε’)οιεσθαι.
1275 1021 1327 1050 Διὰ
1337 1024 1414 1049 τοῦτο
1429 1021 1464 1057 μὴ
1480 1034 1517 1060 τῳ
1530 1034 1618 1054 κακως
1630 1022 1731 1051 ἀκούειν
1745 1023 1835 1060 ἀλγῶ-

1067 1078 1128 1104 μεν,
1144 1066 1212 1095 ἀνλὰ
1227 1069 1264 1104 τῷ
1278 1067 1346 1094 ὃικα.
1342 1066 1383 1099 ’ως
1396 1066 1499 1095 ἀκούειν
1511 1069 1610 1100 κακῶς·
1628 1067 1658 1095 ἂν
1675 1066 1722 1105 μὲν
1739 1067 1817 1106 γὰρ’
1805 1079 1832 1095 εν

1065 1112 1179 1152 πονηρίᾳ
1193 1114 1287 1148 ζῶμεν,
1304 1111 1352 1139 κᾶν
1370 1112 1461 1149 μηδεις
1479 1114 1492 1140 ὁ
1510 1115 1665 1151 κακηγορῶν
1683 1116 1710 1151 ᾖ,
1726 1112 1832 1141 πάντων

1066 1157 1145 1194 ἐσμὲν
1168 1157 1337 1195 ἀθλιώτεροι·
1352 1157 1383 1184 ἂν
1401 1156 1427 1185 δὲ
1450 1159 1545 1193 ἀρετῆς
1562 1157 1760 1195 ἐπιμελώμεθα,
1782 1157 1832 1186 κᾶν

1065 1204 1082 1235 ἡ
1096 1201 1233 1238 οἰκουμένη
1245 1201 1308 1239 λε’γῃ
1325 1203 1422 1236 κακῶς,
1434 1201 1493 1230 τότε
1506 1202 1611 1230 πάντων
1624 1202 1736 1240 ἐσόμεθα
1748 1203 1833 1236 ζηλω-

1066 1247 1175 1285 τότεροι.
1187 1247 1252 1275 Ἐὰν
1263 1247 1314 1285 γὰρ
1326 1249 1341 1280 ἧ
1355 1247 1456 1276 διάνοια
1468 1248 1555 1279 καλῶς
1568 1250 1631 1283 ἡμῖν
1641 1243 1659 1285 ἦ
1671 1259 1832 1276 κατεσκευα-

1067 1293 1158 1330 σμένη,
1176 1292 1224 1320 κᾶν
1240 1304 1300 1330 μυρι
1303 1303 1326 1319 οι
1345 1292 1510 1330 πανταχόθεν
1525 1303 1567 1329 εγε
1556 1291 1678 1330 -ίρωνται
1689 1294 1830 1331 χειμῶνες,

1066 1340 1092 1366 ἐν
1106 1338 1207 1375 γαλίνπ
1222 1337 1303 1364 καιλι
1297 1349 1339 1373 με
1334 1336 1365 1364 ’νι
1377 1340 1440 1364 mos
1430 1336 1521 1373 εόουμε
1512 1338 1582 1364 =02
1568 1337 1716 1369 οιαπαντός.
1726 1336 1832 1376 ‘'Qvi-59

1066 1395 1108 1411 ουν
1123 1394 1170 1410 ουκ
1185 1394 1212 1410 ευ
1225 1381 1335 1419 εχούσης
1347 1393 1394 1409 αυτ
1385 1384 1436 1416 ἧς,
1448 1382 1495 1410 κᾶν
1507 1381 1534 1413 ἐξ
1546 1382 1638 1420 οὖρίων
1648 1385 1712 1419 ἡμῖν
1727 1382 1832 1411 ἅπαντα

1066 1428 1148 1466 φέρητ
1151 1439 1186 1461 αι,
1201 1429 1252 1454 τῶν
1269 1427 1295 1454 ἐν
1311 1426 1449 1482 ναυαγίοις
1458 1427 1539 1455 ὄντων
1554 1427 1625 1456 οὐδὲν
1644 1427 1750 1466 ἄμεινον
1768 1428 1832 1456 δια-

1067 1473 1217 1510 κεισόμεῡα.
1238 1473 1308 1500 Γοῧτ
1311 1483 1324 1500 ο
1346 1472 1389 1500 καὶ
1410 1472 1453 1500 ἐπι
1479 1475 1530 1500 τῶν
1550 1472 1638 1500 σιτίων
1662 1473 1731 1501 ἐστιν
1758 1473 1831 1502 ἰδεῖν.

1066 1517 1153 1544 “Oua
1167 1516 1197 1552 μ·-
1189 1529 1213 1544 :v
1229 1515 1279 1555 γὰρ
1292 1516 1398 1555 ἷσχυρον
1410 1528 1455 1544 και
1467 1516 1613 1571 ἐρρωμένον
1626 1519 1690 1554 ἡμῖν
1707 1516 1737 1545 τὸ
1752 1519 1832 1555 σῶμα

1065 1565 1112 1596 τῆς
1123 1574 1190 1598 γτασ
1194 1573 1235 1600 ρος
1243 1564 1272 1599 ᾐ
1287 1566 1339 1589 πᾶν
1357 1561 1421 1600 ὅπερ
1433 1561 1463 1588 ἂν
1477 1561 1596 1600 δεχηται,
1607 1561 1656 1590 κᾶν
1671 1562 1813 1602 σκληρὸν
1798 1575 1828 1602 ῃ,

1065 1607 1137 1636 Βκέιν
1153 1606 1429 1645 αὖτοοικατεργαστον,
1443 1608 1507 1644 πρὸς
1524 1608 1637 1646 καθαρὸν
1660 1608 1723 1637 αὐτὸ
1744 1620 1830 1646 μετα-

1066 1654 1224 1692 σχηματίζει
1233 1654 1379 1691 χυμὸν,τῆς
1390 1656 1499 1692 φυσικῆς
1507 1654 1625 1692 κράσεως
1632 1655 1831 1693 περιγινομένης

1066 1701 1113 1733 τῆς
1124 1700 1150 1726 ἐν
1167 1701 1204 1737 τῷ
1218 1699 1293 1736 σιτίῳ
1309 1699 1415 1730 κακίας·
1431 1698 1492 1727 ὅταν
1506 1698 1533 1727 δὲ
1547 1701 1561 1727 ὁ
1574 1699 1646 1732 τόνος
1658 1700 1737 1727 αὐτοῦ
1748 1711 1831 1728 κατα-

1065 1744 1205 1782 λελυμένος
1220 1740 1237 1782 ᾗ
1250 1744 1294 1772 καὶ
1307 1748 1412 1782 χαῦνος,
1428 1744 1476 1772 κᾶν
1495 1745 1524 1773 τὸ
1537 1744 1641 1773 πάντων
1656 1745 1830 1784 εὐχυμότερον

1066 1792 1113 1818 αὐτ
1115 1802 1130 1828 ῃ
1146 1789 1321 1828 προσενέγκῃς
1335 1790 1442 1826 ἔδεσμα,
1457 1791 1494 1822 εἷς
1513 1790 1542 1818 τὸ
1559 1789 1691 1828 χείριστον
1706 1790 1770 1819 αὐτὸ
1784 1803 1831 1828 με-

1064 1835 1219 1874 τερρύῡμισε
1239 1847 1284 1863 και
1307 1835 1346 1863 διέ
1348 1838 1442 1873 ςιῡειρε,
1457 1837 1504 1869 τῆς
1522 1834 1655 1867 ἀσθενείας
1667 1834 1716 1869 τὴν
1735 1835 1831 1874 ἀρετὴν

1066 1883 1142 1909 «ko-0
1157 1880 1360 1918 ὶυμαιιομένης.
1374 1881 1414 1908 Οὐ
1427 1879 1477 1918 γὰρ
1492 1879 1548 1908 ἔστι
1563 1879 1650 1918 ψυχὴν
1663 1880 1830 1917 ὃδυνωμένην

1065 1927 1110 1955 καὶ
1124 1927 1194 1965 νέφει
1209 1925 1390 1964 κατεχομένην
1407 1926 1518 1963 ἀθυμίας
1534 1926 1676 1960 δυνηθῆναι
1688 1925 1756 1963 μετὰ
1766 1938 1832 1966 προ-

1066 1971 1158 2009 θυμίας
1173 1971 1189 2005 ἢ
1206 1968 1318 1999 ἀκοῦσαί
1329 1982 1355 1998 τι
1369 1972 1420 1998 τῶν
1435 1970 1583 2008 λεγομένων
1596 1970 1744 2010 χρησίμως,
1756 1970 1774 2006 ἢ
1789 1973 1830 2000 εἷ-
1843 2001 1847 2003 .

1065 2022 1130 2046 πεῖν.
1147 2019 1208 2046 Τῶν
1224 2016 1274 2054 γὰρ
1288 2016 1456 2053 ὀδυνωμένων
1470 2019 1497 2044 αἱ
1509 2016 1593 2055 ψυχαὶ
1607 2017 1636 2044 οὗ
1651 2016 1754 2045 θέλουσι
1774 2029 1830 2055 μα-

1064 2062 1142 2101 κροὺς
1164 2062 1310 2090 ἀποτείνειν
1336 2062 1428 2098 λόγους
1440 2083 1448 2096 ,
1472 2062 1530 2089 ἀλλ’
1555 2060 1645 2098 ὥσπερ
1669 2061 1762 2100 νεφέλη
1789 2074 1830 2094 τις

1064 2108 1148 2142 πυκνὴ
1164 2107 1308 2145 γενομένη,
1331 2106 1376 2134 καὶ
1396 2106 1444 2140 τὴν
1466 2106 1580 2140 ἡλιακὴν
1595 2107 1689 2134 ἀκτῖνα
1711 2107 1829 2146 ὑποδρα-

1065 2155 1162 2190 μοῦσα,
1176 2152 1336 2191 ἀποστρέφει
1349 2152 1396 2186 τὴν
1412 2151 1493 2186 αὐτὴν
1507 2151 1612 2180 ἅπασαν
1627 2153 1663 2183 εἷς
1676 2151 1709 2180 τὰ
1726 2151 1811 2180 ὀπίσω
1820 2163 1827 2170 ·

1063 2197 1131 2226 οὕτω
1145 2197 1176 2232 δὴ
1188 2198 1233 2226 καὶ
1245 2197 1356 2234 ἀθυμίας
1369 2197 1454 2234 νέφος,
1469 2196 1574 2225 ἐπειδὰν
1589 2198 1638 2235 σή
1653 2197 1763 2235 πρὸτῆς
1775 2197 1828 2235 ψυ-

1062 2245 1112 2282 χῆς
1124 2243 1325 2281 τῆς.ἢμετέρας,
1336 2244 1382 2270 οὐκ
1394 2241 1500 2281 ἀφίησιν
1514 2242 1580 2278 αὐτῇ
1593 2241 1697 2271 εὔκολον
1707 2242 1829 2280 γενέσθαι

1061 2289 1109 2324 τὴν
1125 2292 1169 2318 τοῦ
1185 2288 1262 2324 λόγου
1280 2288 1411 2323 διοὶὅασιν,
1428 2288 1486 2315 ἀλλ’
1503 2287 1645 2325 ἀποπνίγει
1658 2287 1703 2316 καὶ
1726 2287 1828 2326 συνέχει

1063 2334 1130 2372 μετὰ
1148 2335 1247 2368 πολλῆς
1269 2333 1386 2372 ἀνάγκης
1408 2333 1479 2362 ἔνδον
1492 2332 1588 2362 -αὖτόν,
1607 2333 1661 2361 Καὶ
1681 2335 1759 2362 τοῦτο
1773 2335 1829 2363 ,οὐκ

1061 2380 1105 2408 ἐπὶ
1120 2382 1173 2408 τῶν
1186 2379 1314 2417 λεγόντων
1336 2378 1424 2415 μόνον,
1441 2377 1509 2407 ἀλλὰ
1524 2378 1569 2406 καὶ
1588 2378 1632 2407 ἐπὶ
1645 2380 1699 2406 τῶν
1720 2378 1828 2407 ἀκουόν-

1061 2437 1112 2453 των
1126 2424 1236 2462 γίνεται.
1246 2423 1352 2463 Ἵὶσπερ
1362 2423 1414 2462 γὰρ
1426 2423 1478 2452 ἀπὸ
1489 2425 1536 2458 τῆς
1548 2426 1594 2452 τοῦ
1605 2423 1726 2462 λέγοντος
1739 2425 1828 2462 ψυχῆς

1060 2473 1106 2499 οόκ
1120 2469 1225 2509 ἀφίησιν
1242 2469 1392 2504 ἐκπηδῆσαι
1407 2469 1466 2507 μετ’
1481 2468 1607 2505 εὐκολίας,
1624 2468 1705 2501 οὕτως
1719 2468 1775 2498 οὐδὲ
1790 2469 1826 2501 εἰς

293 2590 301 2600 ³
318 2583 325 2613 [
338 2582 413 2607 Savil.
437 2588 476 2608 κάν
495 2586 554 2616 αᾷτῷ
566 2588 741 2614 'suarez-sumu.
765 2583 841 2607 Panto
854 2589 911 2606 ante
924 2582 966 2606 alii
981 2587 1006 2607 τὸ
1019 2587 1095 2613 στόμα
1109 2585 1148 2608 τῆς
1163 2581 1279 2614 γαστρός]
