1886 2846
83 633 145 653 l'mnli
158 632 194 653 Sa-

70 669 174 684 tuusntcui

71 696 163 715 lurresis.

74 1230 151 1252 Λιὶυε,
175 1229 211 1248 Sa-

73 1261 152 1280 lwlliuz
161 1275 166 1282 ,

73 1291 198 1311 marcemus

72 1327 93 1341 ei
112 1322 218 1341 Photinus

74 1352 191 1372 cousulan-

75 1388 118 1403 [ur.

106 1504 147 1524 Ma·
154 1511 202 1523 mon

76 1535 139 1555 consu
146 1540 202 1556 [utus
211 1550 216 1555 .

226 204 265 223 ΞΗ
563 199 591 221 S.
621 200 759 221 ,miNle
786 197 964 220 CHRYSOST.

997 196 1150 217 Auenti-zv.

1182 194 1446 218 CONSTAINTmor.

221 262 311 290 dicare
324 270 369 300 per
382 260 491 293 Filium,
504 259 758 299 quatcuusjudiccin
771 259 847 287 illuni
858 258 959 296 genuit:
981 260 998 281 D
1017 255 1174 293 δημιουργὸν
1192 255 1267 283 αὐτὸν
1284 256 1429 293 ἐγέννησεν.
1449 257 1480 284 Εἰ
1497 256 1546 294 γὰρ
1566 257 1643 285 αὐτοῦ
1668 257 1749 288 αἴτιος
1767 259 1779 284 ὁ

219 308 255 336 ita
269 307 348 335 etiam
370 306 470 334 dicitur
486 306 608 345 operari,
624 313 753 343 quatenus
768 305 858 343 genuit
878 303 960 343 opifi—

219 363 285 382 cem.
300 352 329 381 Si
345 352 414 381 enim
432 353 508 380 Pater
519 352 578 390 ejus
591 359 628 380 est
643 362 720 380 causa
736 358 760 380 ct
772 357 873 385 auctor,
889 348 960 377 mul-

220 405 245 426 to
258 398 344 436 magis
357 408 449 426 eorum
463 407 522 435 quae
537 408 584 436 per
600 397 688 436 ipsum
701 397 767 425 sacta
783 402 854 424 sunt.
869 395 960 429 Quan-

218 444 253 473 do
264 454 326 482 ergo
341 443 401 473 vult
416 442 569 481 ostendere,
587 443 661 481 quod
674 453 707 471 ex
722 443 780 481 ipso
790 464 797 478 ,
814 438 960 468 necessario

219 490 339 528 loquitur
353 489 466 518 humilia
483 489 610 528 :quando
625 496 712 518 autem
724 488 783 517 vult
797 487 849 514 alta
865 483 956 522 loqui,

219 547 311 564 ausam
328 535 425 574 arripit
442 535 587 564 Marcellus
603 541 627 563 et
642 533 782 563 Sabellius.
799 530 851 559 Sed
867 530 960 558 ambo-

221 593 281 610 rum
292 592 429 610 excessum
444 581 547 619 fugiens
560 580 690 614 Ecclesia,
706 578 750 607 via
767 576 854 605 media
866 583 905 604 cst
919 576 959 604 in-

223 638 319 666 gressa.
334 628 425 665 Neque
435 627 504 655 enim
515 633 603 654 manet
615 626 642 652 in
654 624 813 657 humilitate,
825 633 856 650 nc
870 622 961 651 locum

223 679 334 711 occupet
354 672 453 700 Paulus
472 673 677 705 Saniosaten1153
701 679 785 706 neque
803 678 907 706 semper
920 678 961 696 re-

223 725 310 747 manet
324 718 351 746 in
372 718 432 746 altis
454 730 459 745 :
482 724 506 745 et
527 726 618 744 rursus
633 714 750 743 ostendit
764 724 888 752 magnam
906 714 962 752 ejus

222 764 467 803 propinquitatem,
484 771 516 789 ne
528 770 619 789 rursus
636 759 736 788 insiliat
747 758 891 788 sabellius.
911 758 962 786 Di-

222 811 263 839 xit
280 810 396 845 Filium,
410 815 435 836 et
450 807 540 835 statim
554 813 628 844 urget
643 805 743 834 Paulus
758 805 945 834 samosatenus
955 827 961 839 ,

223 855 313 884 dicens
328 855 415 894 ipsum
430 864 486 881 esse
501 852 601 881 Filium
613 852 682 880 sicut
695 851 802 881 multos.
820 850 874 879 Sed
885 850 963 879 letale

223 902 245 929 ci
265 902 364 930 vulnus
384 899 502 933 inflixit,
527 898 618 926 dicens
637 897 773 926 heredem.
799 896 854 926 Sed
873 896 963 925 adhuc

222 945 390 985 impudenter
401 955 428 973 se
443 944 509 982 gerit
527 954 590 972 cum
605 943 667 971 Ario
682 955 688 970 :
701 953 764 971 nam
787 942 873 978 illud,
887 943 964 971 Con-

221 991 314 1018 stituit
329 991 420 1027 ipsum
433 989 577 1022 heredem,
589 987 667 1015 ambo
677 993 765 1015 tenent
780 998 785 1013 :
799 986 845 1014 ille
855 986 964 1024 quidem

223 1036 314 1064 dicens
325 1045 379 1063 esse
395 1034 600 1069 imbecillitatis,
612 1033 656 1060 hic
671 1039 760 1060 autem
771 1041 868 1059 conans
883 1041 964 1070 oppu-

223 1091 304 1119 gnare
323 1080 403 1108 etiam
423 1078 495 1117 quod
511 1078 636 1116 deinceps
656 1076 785 1115 sequitur.
809 1077 877 1104 Nam
903 1087 964 1105 cum

223 1127 335 1155 dixisset
350 1125 460 1159 Paulus,
478 1126 537 1153 Per
550 1124 720 1163 quemfecit
735 1129 763 1151 et
777 1122 886 1151 saecula
898 1144 905 1158 ,
921 1133 964 1150 su-

223 1172 318 1211 pinum
333 1170 443 1209 quidem
458 1169 604 1209 prostravit
616 1168 799 1208 impudentem
814 1168 967 1196 Samosate-

225 1229 307 1255 num,
322 1217 403 1246 Arius
418 1223 505 1244 autem
520 1215 610 1244 adhue
625 1214 731 1243 videtur
745 1224 801 1242 esse
812 1213 896 1242 fortis.
912 1214 966 1243 Sed

227 1263 290 1293 vide
302 1262 437 1301 quomodo
457 1262 528 1289 hunc
544 1271 649 1299 quoque
662 1259 836 1299 prostraverit
846 1281 854 1295 ‚
866 1259 965 1296 dicens,

231 1312 288 1350 Qui
301 1320 367 1340 cum
380 1312 417 1338 sit
429 1310 565 1348 splendor
574 1309 675 1347 gloria²
689 1310 759 1347 ejus.
769 1307 822 1336 Sed
836 1317 895 1335 cece
909 1318 967 1335 rur-

229 1368 278 1386 sus
299 1357 422 1385 insiliunt
443 1355 592 1390 SalJellius,
613 1354 758 1383 Marcellus
779 1360 804 1382 et
825 1353 965 1381 Photinus.

229 1403 283 1432 Sed
292 1402 347 1432 illis
355 1412 459 1440 quoque
469 1400 593 1429 omnibus
602 1411 683 1428 unam
690 1398 789 1437 infligit
799 1399 917 1438 plagam,
926 1398 967 1427 di-

228 1459 289 1477 cens
300 1460 306 1475 ε
318 1449 358 1477 Et
369 1449 522 1476 character
535 1448 703 1475 substantioe
713 1447 782 1483 ejus,
789 1451 968 1483 portansque

229 1496 329 1523 omnia
339 1495 429 1522 verbo
438 1494 557 1521 virtutis
564 1503 631 1521 sure.
640 1491 690 1520 Hic
701 1501 793 1520 rursus
805 1490 967 1519 Marcionem

260 1586 272 1604 1¹
291 1584 332 1610 Sic
353 1581 513 1608 Colbertinus
531 1583 604 1614 [cum
627 1582 654 1605 Λ.
674 1583 701 1605 B.
715 1580 838 1605 Commel.
857 1586 882 1604 et
904 1589 982 1612 marg.

979 637 1001 655 16

226 1623 303 1649 Savil.
316 1623 388 1647 Idem
401 1621 477 1647 Savil.
488 1622 512 1645 in
523 1622 584 1645 serie
596 1624 708 1653 &gazi-stim
721 1626 801 1652 φυγών,
813 1625 837 1643 et
848 1620 882 1643 sic
893 1620 985 1643 Mutia-

229 1670 274 1685 nus
287 1671 292 1684 τ
306 1661 374 1694 quod
386 1669 431 1692 pro
444 1668 502 1685 vero
518 1658 659 1692 habemus]
680 1660 715 1682 De
731 1658 807 1682 Paulo
819 1658 983 1682 samosateno

228 1701 308 1733 deque
316 1700 370 1724 aliis
382 1698 550 1724 haeresiarchis
566 1707 628 1730 quos
647 1697 688 1722 hic
701 1699 846 1728 insectatur,
860 1703 946 1729 agetur
959 1697 983 1720 in

1016 301 1131 339 Πατὴρ,
1161 301 1250 339 πολλῷ
1286 302 1383 338 μᾶλλον
1410 304 1460 331 τῶν
1481 303 1514 330 δι’
1539 303 1616 330 αὐτοῦ
1639 303 1781 340 γεγενημέ-

1015 357 1075 373 νων.
1104 345 1191 374 ’Όταν
1213 346 1260 382 μὲν
1288 341 1331 374 οὖν
1363 347 1488 385 βούληται
1513 347 1593 380 δεῖξαι
1617 347 1656 375 ὅτι
1681 346 1708 380 ἐξ
1730 349 1780 376 αὖ-

1014 395 1059 419 τοῧ
1075 414 1082 427 ,
1117 392 1265 430 ἀναγκαίως
1289 392 1322 420 τὰ
1348 393 1458 422 ταπεινὰ
1480 393 1638 433 φθέγγεται·
1663 393 1725 422 ὅταν
1752 394 1780 423 δὲ

1016 436 1140 473 βούληται
1152 438 1239 476 ὑψηλὰ
1251 437 1423 475 φθέγγεσθαι,
1435 439 1518 474 >QG-hv
1536 440 1690 478 Μάρκελλος
1705 440 1778 476 λαμ-

1016 482 1088 510 δάνει
1116 483 1160 511 καὶ
1187 483 1338 515 Σαὲῗέλλιος.
1366 483 1434 512 Ἀλλ’
1455 485 1608 523 ἀμφοτέρων
1635 484 1682 520 τὴν
1710 486 1778 522 ἀμε-

1015 528 1088 566 τρίαν
1110 527 1149 563 ὴὴ
1167 528 1314 563 Ἐκκλησία
1331 532 1462 568 φυγοῦσα,
1481 530 1561 568 μέσην
1580 530 1690 559 ὥδευσεν
1711 529 1777 558 ὁδόν.

1015 573 1085 602 Οὔτε
1109 574 1160 613 γὰρ
1181 574 1224 602 ἐπὶ
1245 576 1291 609 τῆς
1314 574 1497 610 ταπεινότητος
1523 575 1646 613 ἐμμένει,
1669 575 1712 604 ἵνα
1740 575 1777 612 μὴ

1015 620 1121 652 Παῦλος
1144 622 1158 648 ὃ
1186 619 1356 658 Σαμοσατεὺς
1376 620 1445 659 λάξ-η
1463 621 1564 660 χώραν,
1584 621 1642 649 οὔτε
1665 621 1706 650 ἀεὶ
1725 625 1780 653 τοῖς

1017 665 1124 703 ὑψηλοῖς
1146 664 1313 703 ἐναπομένει’
1330 666 1374 694 καὶ
1395 666 1522 695 δείκνυσιν
1539 667 1617 695 αὐτοῦ
1633 666 1712 695 πάλιν
1732 666 1779 702 τὴν

1017 710 1149 748 ἐγγύτητα
1163 710 1210 745 τὴν
1225 712 1334 748 πολλὴν,
1348 712 1391 740 ἵνα
1407 711 1443 749 μὴ
1460 712 1604 745 Σαῧέλλιος
1615 713 1779 751 ἐπιπηδήσῃ.

1017 752 1100 785 Εἶπεν
1115 757 1188 793 Υἱὸν,
1203 757 1248 785 καὶ
1260 758 1352 790 εὐθέως
1367 757 1494 796 ἐφέστηκε
1514 759 1641 795 Παῦλοςὸ
1653 759 1781 797 Σαμοσα-

1018 802 1089 837 τεὺς,
1104 803 1186 841 λέγων
1208 804 1284 832 αὐτὸν
1297 800 1362 833 εἶναι
1377 805 1439 833 Υἱὸν
1454 806 1488 837 ὡς
1509 804 1567 837 τοὺς
1582 805 1701 837 πολλούς.
1713 805 1781 834 Ἀλλ’

1018 849 1112 877 ἔδωκεν
1140 851 1210 887 αὐτῷ
1233 850 1336 888 καιρίαν
1361 851 1483 888 πληγὴν,
1507 850 1586 879 εἰπὼν
1602 850 1782 888 Κληρονόμον.

1018 894 1086 922 Ἀλλ’
1098 894 1135 922 ἔτι
1153 896 1318 933 ἀναισχυντεῖ
1341 895 1406 932 μετὰ
1421 895 1518 933 Ἀρείου
1528 907 1533 912 ·
1549 895 1578 924 τὸ
1591 895 1657 934 γὰρ,
1668 895 1782 930 Ἔθηκεν

1020 939 1096 967 αὐτὸν
1111 940 1282 978 κληρονόμον,
1297 940 1438 979 ἀμφότεροι
1450 940 1604 979 κατέχουσιν
1613 952 1618 958 ·
1631 942 1725 973 ἐκεῖνος
1737 940 1782 978 μὲν

1020 985 1152 1017 ἀσθενείας
1170 985 1252 1023 λέγων
1267 981 1348 1021 εἶναι,
1367 981 1438 1018 οὗτος
1450 985 1476 1013 δὲ
1489 986 1659 1020 ἐπισκήπτειν
1681 987 1784 1024 ἐπιχει-

1022 1034 1072 1069 ρῶν
1088 1031 1132 1059 καὶ
1146 1032 1183 1069 τῷ
1200 1031 1266 1064 ἑξῆς.
1282 1031 1372 1059 Εἰπὼν
1387 1031 1414 1059 δὲ
1430 1032 1535 1064 Παῦλος
1545 1053 1552 1067 ,
1569 1032 1601 1060 δι’
1616 1026 1644 1060 οἷ
1659 1032 1704 1060 καὶ
1727 1031 1784 1063 τοὺς

1021 1078 1116 1109 αἰῶνας
1139 1076 1267 1111 ἐποίησεν,
1287 1076 1378 1104 {Zimara
1399 1076 1489 1105 ὕπτιον
1511 1078 1732 1115 ἁναισχυντοῧντα
1741 1077 1784 1106 τὸν

1021 1122 1195 1161 Σαμοσατέα,
1213 1125 1226 1151 ὃ
1245 1121 1271 1150 δὲ
1297 1121 1395 1160 Ἄρειος
1415 1122 1453 1150 ἔτι
1482 1122 1587 1162 ἰσχυρὸς
1609 1117 1675 1150 εἶναι
1702 1123 1783 1151 δοκεῖ.

1021 1170 1089 1198 Ἀλλ’
1111 1169 1158 1207 ὅρα
1178 1168 1222 1196 καὶ
1237 1170 1324 1196 τοῦτον
1340 1169 1395 1200 πῶς
1414 1167 1576 1196 καταὸάλλει
1601 1169 1680 1197 πάλιν
1696 1167 1786 1203 εἰπὼν,

1021 1215 1071 1247 ”Oe
1085 1215 1120 1242 ὧν
1136 1214 1301 1252 ἀπαύγασμα
1323 1215 1369 1248 τῆς
1384 1213 1457 1248 δόξης
1472 1215 1559 1242 αὐτοῦ.
1575 1214 1644 1242 Ἀλλ’
1663 1213 1716 1243 ἰδοὺ
1731 1213 1786 1242 πά-

1020 1262 1061 1289 λιν
1077 1261 1194 1299 ἔπιπηδᾷ
1205 1259 1360 1296 Σαὸέλλιος,
1376 1260 1420 1288 καὶ
1437 1260 1608 1298 Μάρκελλος,
1625 1260 1670 1288 καὶ
1684 1260 1788 1288 Φωτει-

1023 1306 1072 1339 νός.
1084 1305 1162 1335 Ἀλλὰ
1178 1304 1306 1337 κάκείνοις
1328 1310 1394 1333 πᾶσι
1414 1305 1475 1343 μίαν
1489 1305 1592 1343 πληγὴν
1612 1304 1733 1342 δίδωσιν,
1751 1306 1788 1334 εἷ-

1023 1352 1093 1381 πών’
1108 1352 1160 1381 Καὶ
1174 1351 1312 1390 χαρακτὴρ
1332 1353 1378 1385 τῆς
1395 1351 1563 1383 ὑποστάσεως
1579 1352 1670 1385 αὐτοῦ,
1686 1350 1788 1390 ’φέρων

1023 1410 1050 1427 τε
1062 1398 1093 1427 τὰ
1104 1398 1191 1427 πάντα
1202 1399 1238 1435 τῷ
1252 1397 1348 1435 ῥήματι
1361 1399 1407 1431 τ’ῆς
1419 1397 1550 1434 δυνάμεως
1562 1397 1650 1425 αὐτοῦ.
1658 1396 1790 1425 Ἐνταῦθα

1022 1444 1101 1472 πάλιν
1116 1443 1160 1472 καὶ
1179 1443 1325 1481 Μαρκίωνα
1340 1442 1463 1478 πλήττει,
1479 1444 1507 1470 οὐ
1524 1443 1623 1481 σφόδρα
1647 1442 1693 1479 μὲν
1711 1443 1790 1481 ἰσχυ-

1025 1492 1089 1529 ρῶς,
1104 1489 1215 1524 πλήττει
1235 1488 1257 1517 δ’
1276 1485 1318 1517 οὖν
1335 1489 1416 1526 ὅμως·
1441 1488 1473 1515 δι’
1488 1487 1549 1523 ὅλης
1561 1488 1610 1526 γὰρ
1624 1489 1670 1522 τῆς
1685 1489 1790 1516 ἐπιστο-

1034 1579 1181 1604 Praefatione
1189 1579 1220 1602 ad
1228 1579 1311 1603 omnia
1322 1578 1452 1612 Chrysost.
1460 1586 1544 1610 opera.
1555 1579 1619 1603 Nam
1632 1579 1657 1603 in
1665 1578 1720 1603 aliis
1729 1587 1791 1612 quo-

1034 1627 1081 1650 que
1091 1617 1278 1642 commentariis
1290 1623 1314 1640 ct
1322 1617 1436 1640 Homiliis
1448 1616 1503 1641 illos
1514 1617 1538 1641 in
1552 1616 1662 1641 medium
1675 1617 1789 1643 adducit.

1033 1656 1135 1681 Paulum
1149 1656 1338 1680 Samosatenum
1352 1654 1557 1679 Samothrace-um
1571 1661 1645 1679 vocat
1655 1656 1790 1680 Mutianus.

1066 1697 1073 1704 “
1094 1695 1102 1728 [
1114 1696 1181 1723 llaec,
1195 1699 1306 1729 ceptum...
1319 1697 1430 1726 δυνάμεως
1441 1698 1517 1725 αὐτοῦ,
1529 1694 1623 1719 inclusa
1637 1694 1712 1720 habet
1719 1695 1790 1727 saw]

643 1780 815 1809 MUTIANO
839 1779 1092 1809 SCHOLASTICO
1114 1778 1177 1806 INT
1184 1777 1368 1806 ERPRETE.

229 1864 328 1893 minem
342 1862 465 1902 judicat,
481 1861 527 1889 sed
543 1861 643 1888 dicitur
657 1859 779 1898 judicare
798 1870 844 1898 per
863 1859 982 1896 Filium,
998 1869 1076 1897 quem
1090 1857 1209 1897 judicem
1230 1858 1322 1896 genuit
1337 1869 1342 1884 z
1359 1858 1396 1886 sic
1412 1859 1492 1887 etiam
1513 1858 1613 1887 dicitur
1626 1859 1728 1898 operari
1742 1869 1789 1898 per

230 1909 340 1944 Filium,
356 1908 417 1945 quia
432 1916 493 1934 eum
507 1912 608 1934 constat
621 1905 744 1944 opificem
757 1905 886 1943 genuisse.
901 1905 931 1933 Si
945 1904 1015 1932 enim
1030 1914 1107 1932 causa
1121 1905 1176 1942 ejus
1188 1904 1266 1931 Pater
1277 1910 1314 1932 est
1328 1904 1474 1932 secundum
1487 1905 1558 1943 quod
1572 1905 1650 1933 Pater
1662 1911 1709 1941 est,
1720 1905 1790 1934 mul-

230 1962 256 1983 to
266 1953 382 1993 amplius
394 1963 486 1981 eorum
501 1962 579 1980 causa
591 1958 646 1988 est,
663 1962 721 1989 quae
734 1962 781 1990 per
800 1951 900 1979 Filium
912 1952 980 1979 fucta
995 1950 1175 1979 declarantur.
1191 1950 1307 1986 Quando
1319 1960 1380 1988 ergo
1393 1950 1451 1979 vult
1463 1951 1600 1980 ostendere
1615 1952 1680 1989 quia
1693 1962 1728 1980 ex
1742 1952 1789 1980 illo

229 2007 284 2035 est,
301 1999 447 2028 necessario
462 2009 520 2036 quae
538 2004 600 2026 suut
621 1997 782 2026 humilitatis
797 1997 930 2035 eloquitur
948 2008 954 2024 t
969 1997 1076 2035 quando
1089 2007 1151 2026 vcro
1166 1996 1261 2025 altiora
1273 1997 1389 2025 voluerit
1403 1997 1540 2032 insonare,
1556 2004 1611 2026 tam
1625 1998 1786 2035 Marcellus,

228 2056 309 2084 quam
324 2044 457 2074 Sahellius
472 2044 655 2073 vulnerantur.
670 2043 723 2073 Sed
738 2043 817 2072 etiam
831 2043 1079 2072 immoderationem
1094 2049 1267 2080 utrorumque
1281 2042 1413 2080 refugiens
1427 2064 1434 2077 ,
1457 2042 1545 2071 medio
1568 2043 1635 2071 calle
1647 2044 1790 2082 perambu—

230 2093 276 2121 lat.
289 2092 342 2121 Sed
356 2102 439 2129 neque
449 2101 552 2130 semper
563 2091 589 2119 in
604 2090 753 2119 humilibus
766 2097 883 2119 remanet
902 2103 908 2118 :
923 2101 956 2119 ne
967 2090 1067 2119 Paulus
1081 2089 1286 2118 Samothraceus
1296 2111 1304 2126 ,
1321 2089 1386 2117 alias
1400 2090 1597 2126 samosatenus,
1613 2090 1657 2119 vel
1668 2091 1790 2119 Samota-

233 2150 300 2176 nus,
314 2138 481 2168 nanciscatur
495 2138 598 2166 aditum
609 2137 780 2166 subintrandi
794 2150 799 2165 :
813 2148 897 2176 neque
911 2137 1009 2166 iterum
1024 2137 1051 2165 in
1066 2135 1177 2165 excelsis
1189 2135 1316 2174 perdurat
1331 2144 1337 2162 ἰ
1351 2135 1398 2164 sed
1410 2136 1548 2164 confestim
1560 2136 1659 2165 indicia
1673 2137 1789 2166 humili-

231 2186 294 2214 tatis
308 2187 365 2225 ejus
377 2185 503 2222 ostendit,
516 2195 549 2213 ne
563 2185 697 2213 Sabellius
714 2184 897 2213 fraudulenter
912 2185 1021 2213 insiliat.
1038 2184 1146 2223 Quippe
1163 2193 1227 2212 cum
1243 2182 1342 2211 dicitur
1360 2182 1445 2211 Filius
1456 2205 1463 2217 ‚
1477 2183 1615 2211 confestim
1627 2183 1727 2212 Paulus
1741 2185 1789 2213 Sa-

231 2233 399 2262 mothraceus
415 2232 537 2271 insurgit,
553 2232 643 2260 dicens
656 2243 716 2260 eum
729 2232 764 2260 ita
779 2242 835 2260 esse
848 2233 947 2260 Filium
959 2255 965 2266 ‚
981 2232 1051 2260 sicut
1063 2238 1088 2259 et
1102 2231 1242 2270 plurimos.
1257 2229 1312 2258 Sed
1326 2240 1387 2258 cum
1400 2237 1477 2259 conto
1487 2230 1578 2259 valido
1589 2241 1603 2259 e
1613 2231 1719 2269 regione
1730 2242 1791 2270 pro-

232 2279 339 2315 sternit,
353 2279 489 2318 appellans
500 2278 632 2307 heredem.
648 2277 702 2306 Sed
712 2277 802 2306 adhuc
813 2289 874 2306 cum
892 2278 970 2306 Arrio
986 2277 1155 2317 impudenter
1166 2276 1300 2306 obnititur
1314 2288 1320 2303 :
1336 2286 1409 2311 nam,
1423 2276 1567 2304 Constituit
1581 2287 1642 2305 eum
1658 2276 1790 2313 heredem,

232 2326 311 2354 ambo
326 2325 473 2364 suscipiunt
487 2336 492 2351 :
506 2325 550 2353 ille
564 2325 671 2363 quidem
689 2324 763 2354 velut
782 2324 947 2353 infirmitatis
967 2324 1114 2363 indicium,
1133 2324 1182 2353 iste
1196 2330 1285 2352 autem
1299 2322 1389 2351 adhuc
1404 2323 1655 2361 inconsequentibus
1668 2322 1790 2352 insidiari

231 2372 397 2401 desiderans.
414 2371 467 2400 Sed
482 2382 542 2400 cum
555 2371 672 2406 diceret,
684 2373 742 2400 Per
757 2382 841 2410 quem
857 2379 882 2400 et
896 2372 1004 2400 §recula
1016 2373 1090 2411 fecit
1102 2394 1110 2407 ,
1126 2371 1196 2400 elisit
1207 2370 1315 2409 quidem
1330 2370 1550 2399 Samothraceum
1562 2369 1792 2409 impudentissime

234 2420 406 2456 renitentem3
426 2418 472 2448 sed
486 2419 579 2448 Arrius
592 2419 681 2448 adhuc
695 2419 747 2448 sibi
761 2419 855 2447 fortior
869 2430 924 2447 esse
942 2419 1060 2447 videtur.
1081 2418 1196 2448 Proinde
1208 2418 1387 2457 contemplare
1400 2418 1515 2455 qualiter
1527 2417 1606 2446 etiam
1624 2417 1705 2445 istum
1721 2417 1792 2456 peri-

235 2465 302 2502 mit,
318 2464 423 2493 dicens:
441 2466 498 2504 Qui
515 2472 557 2494 est
575 2467 711 2504 splendor
725 2467 826 2505 glorioe
845 2468 918 2505 ejus.
931 2465 983 2495 Sed
998 2476 1057 2495 ecee
1073 2466 1172 2494 iterum
1186 2465 1312 2494 reclamat
1327 2472 1352 2493 et
1367 2464 1450 2493 insilit
1464 2463 1596 2493 Sabellius
1610 2470 1636 2492 et
1648 2463 1792 2492 Marcellus

235 2517 314 2548 atque
327 2510 466 2539 Photinus.
483 2511 537 2540 Sed
552 2512 632 2540 etiam
646 2512 709 2541 istos
723 2513 804 2541 simul
824 2522 877 2540 uno
894 2512 1003 2542 vulnere
1027 2519 1136 2541 cunctos
1152 2512 1288 2548 edomuit,
1303 2512 1395 2540 dicens
1414 2523 1421 2539 ε
1442 2511 1603 2540 Clzaracter
1621 2511 1791 2538 substanu'ae

238 2559 309 2597 ejus,
328 2564 353 2586 et
364 2558 464 2596 ferens
476 2563 574 2588 omnia
586 2562 674 2589 verbo
689 2562 808 2590 virtutis
823 2570 890 2589 suoe.
911 2560 961 2588 Hic
975 2559 1070 2588 iterum
1092 2560 1258 2589 Marcionem
1273 2559 1403 2598 percutit,
1425 2568 1477 2586 non
1498 2556 1607 2595 quidem
1622 2555 1729 2594 valide,
1746 2565 1789 2586 ve-
