1906 2846
378 180 408 201 IN
439 178 546 200 EPtS'r.
577 177 621 200 AD
649 175 817 199 imum-305.

48 251 130 278 μενοι.
153 239 188 268 Τί
210 234 254 268 οἶν
267 251 274 275 ;
289 239 366 272 ἄλλος
382 235 457 272 οὗτός
479 241 535 269 ἔστι
552 241 615 279 παρ’
634 240 751 273 ἐκεῖνον;
768 239 824 271 πῶς

48 283 90 316 οὖν
107 297 195 325 φησιν,
211 281 251 315 Οῧ
267 287 284 320 ἧ
300 286 373 324 φωνὴ
389 286 437 322 τὴν
450 289 498 325 γῆν
513 287 636 316 ἐσάλευσε
650 286 726 321 τότε;
743 288 759 321 ἡ
773 285 824 324 γὰρ

47 335 92 362 τοῦ
108 332 167 361 τότε
187 332 274 366 δόντος
295 333 338 362 τὸν
363 332 443 370 νόμον
470 333 542 372 φωνὴ
565 333 612 369 τὴν
625 336 674 372 γῆν
690 333 824 362 ἐσαλευσε.

49 380 104 408 Νῦν
116 378 143 408 δὲ
153 378 315 418 ἐπήγγελται
326 379 410 417 λέγων
421 391 426 396 ·
435 379 498 408 Ἔτι
514 379 585 413 ἅπαξ
600 379 651 418 ἐγὼ
663 379 725 408 esim
736 379 764 408 οὐ
775 379 823 416 μό-

49 436 91 453 νον
106 423 154 459 τὴν
169 427 228 463 γῆν,
241 425 310 453 ἀλλὰ
321 424 422 454 καὶτὸν
440 426 558 465 οὐρανόν.
569 426 609 454 Τὸ
625 426 664 460 δὲ,
683 426 722 454 ἔτι
744 424 824 459 ἅπαξ,

50 471 124 505 δηλοῖ
138 472 190 499 τῶν
206 471 388 509 σαλευομένων
404 471 451 507 τὴν
468 471 609 508 μετάθεσιν
624 473 659 505 ὡς
675 471 824 510 πεποιημέ-

49 527 112 545 νων.
127 515 192 555 Ἄρα
214 518 244 545 ἐκ
263 519 308 545 τοῦ
330 517 411 555 μέσου
435 518 523 546 πάντα
543 517 704 557 ἀρθήσεται,
720 519 765 547 καὶ
780 517 825 546 ἐπὶ

47 562 78 591 τὸ
94 562 196 601 βέλτιον
220 563 425 601 συμπαγήσεται
441 563 540 592 ἄνωθεν
551 575 556 581 ·
580 568 656 593 τοῦτο
670 563 722 603 γὰρ
742 564 824 592 αἰνίτ-

47 621 122 638 τεται
136 613 218 638 ταῦτα
231 609 314 648 λέγων
330 611 451 639 ἐνταῦθα.
464 610 500 639 Τί
515 610 600 639 τοίνυν
616 611 720 648 ἀλγεῖς,
736 611 761 638 ἐν
777 610 824 638 κό-

48 667 108 694 σμῳ
118 655 229 694 πάσχων
244 657 272 684 οὐ
285 654 406 693 μένοντι,
419 658 445 684 ἐν
459 655 551 695 κόσμῳ
564 656 717 693 obfides-⁴0:
730 656 823 694 μικρὸν

47 701 154 740 ὕστερον
170 701 389 741 παροδευομένῳ,
405 703 438 731 Εἰ
463 703 488 731 ἐν
505 702 607 741 ὑστέρῳ
620 705 665 731 τοῦ
687 702 787 738 κόσμου
807 705 822 738 ἡ

47 747 134 780 ἄνεσις
147 742 190 784 ἦν,
204 747 263 777 τότε
280 748 415 777 Ολίὸεσθαι
430 750 511 788 ἐχρῆν
526 749 591 788 πρὸς
606 748 636 778 τὸ
650 748 723 781 τέλος
738 750 823 788 ὁρῶν-

46 805 89 822 τα.
104 793 164 822 Ἵνα
189 794 284 833 μείνῃ,
299 795 379 834 φησὶ,
401 795 434 824 τὰ
456 794 492 833 μὴ
519 795 691 833 σαλευόμενα.
711 796 782 824 Ποῖα
796 795 824 825 δέ

47 841 103 869 ἐστι
117 839 149 869 τὰ
165 840 202 879 μὴ
217 840 395 880 σαλευόμενα,
412 841 456 870 Τὰ
471 841 613 879 μέλλοντα.

88 1223 183 1252 Πάντα
198 1224 282 1252 τοίνυν
297 1224 363 1263 ὑπὲρ
378 1224 470 1254 τούτου
487 1225 657 1263 πράττωμεν,
671 1223 739 1253 ὥστε
754 1223 821 1252 ἐκεί-

47 1281 99 1297 νων
123 1273 224 1308 τυχεῖν,
241 1269 309 1298 ὥστε
333 1270 437 1299 ἐκείνων
463 1272 614 1300 ἀπολαῦσαι
629 1272 681 1298 τῶν
703 1272 817 1308 ἀγαθῶν.

48 1314 101 1343 Ναὶ
116 1314 208 1353 δέομαι
228 1315 273 1344 καὶ
290 1316 435 1349 ἀντιῧολῶ,
450 1319 525 1345 τοῦτο
547 1316 747 1354 σπουδάζωμεν.
764 1317 821 1345 Οὖ-

47 1361 99 1393 δεὶς
114 1362 140 1389 ἐν
155 1360 232 1392 πόλει
250 1361 382 1400 μελλούσῃ
402 1362 580 1390 καταπίπτειν
592 1363 737 1400 οἰκοδομεῖ.
752 1362 821 1391 Εἰπὲ

47 1407 78 1442 δή
97 1419 160 1445 μοι,
186 1409 334 1447 παρακαλῶ
344 1430 351 1443 ,
371 1409 396 1436 εἴ
410 1420 449 1440 τις
463 1408 550 1446 ἔλεγεν
565 1408 605 1436 ὅτι
621 1408 688 1445 μετὰ
703 1409 820 1437 ἐνιαυτὸν

46 1453 113 1488 αὕτη
130 1458 250 1482 πεσεῖται
263 1456 279 1488 ἡ
295 1453 371 1486 πόλις
381 1477 388 1489 ,
400 1456 416 1488 ἦ
430 1455 501 1482 δεῖνα
517 1453 543 1482 δὲ
555 1455 583 1482 οὐ
595 1454 714 1489 πάντως,
727 1449 778 1492 ἆρα
792 1454 822 1482 ἂν

45 1499 220 1539 ᾠκοδόμησας
231 1501 256 1528 ἐν
268 1502 300 1538 τῇ
317 1500 450 1538 μελλούσῃ
462 1499 656 1534 καταπίπτειν,
668 1498 752 1528 “ssave
765 1503 822 1528 τοῦ·

847 175 925 199 6111).
956 175 1016 198 xn.
1047 175 1164 199 nomn„
1196 177 1305 200 xxxu.
1559 165 1628 209 423

880 237 945 275 ille3
963 237 1007 266 hic
1022 244 1110 267 auten]
1125 245 1164 267 est
1178 238 1308 268 terribilis
1322 250 1327 266 :
1344 248 1395 267 non
1411 237 1483 267 enim
1497 237 1564 266 dicit
1578 238 1631 267 dif-

878 284 1018 313 ferentiam
1038 295 1232 324 personarum,
1247 285 1291 314 sed
1309 285 1452 314 donorum.
1475 285 1556 314 Unde
1579 285 1629 314 1106

880 331 1006 359 constat?
1020 331 1064 360 Ex
1077 331 1110 360 iis
1123 343 1183 370 quae
1198 332 1339 372 subjungit
1355 333 1404 362 :Si
1418 335 1494 361 enim
1510 332 1558 361 illi
1570 342 1630 360 non

843 384 860 406 Β
879 378 1060 417 effligerunt,
1077 385 1245 408 recusantes
1262 390 1327 407 eum
1347 381 1398 418 qui
1412 389 1498 417 super
1520 385 1629 407 terram

881 426 1074 464 loquebatur;
1095 427 1185 455 multo
1212 429 1305 466 magis
1329 437 1380 456 nos
1403 429 1454 466 qui
1478 428 1562 456 nobis
1594 427 1631 455 de

879 472 960 500 coelis
980 472 1142 513 loquentem
1168 483 1347 502 aversamur.
1368 473 1442 510 Quid
1457 483 1521 511 ergo
1533 473 1546 501 .⁹
1558 480 1631 502 estne

879 517 924 546 1116
934 518 1004 547 alius
1015 519 1049 547 ab
1067 519 1133 547 illo?
1145 518 1281 557 quomodo
1297 529 1360 558 ergo
1374 519 1450 555 dicit,
1466 521 1556 559 Cujus
1568 530 1629 548 νοι-

880 566 969 593 movit
987 571 1095 593 terram
1113 568 1203 593 tunc?
1219 576 1273 594 vox
1287 565 1358 594 enim
1369 565 1426 604 ejus
1439 565 1484 604 qui
1499 565 1576 594 dedit
1588 566 1629 594 le-

879 621 949 649 gem,
962 618 1060 640 terram
1070 612 1164 641 movit.
1173 613 1262 641 Nunc
1276 618 1374 641 aulem
1386 614 1572 650 repromittit,
1585 613 1628 641 di-

879 667 947 686 cens
962 669 970 684 :
987 658 1097 686 Adhuc
1111 659 1209 693 semel,
1225 665 1252 687 et
1267 669 1318 698 ego
1332 660 1450 687 movebo
1465 670 1523 687 non
1533 659 1628 687 solum

880 709 999 741 terram,
1014 705 1065 733 sed
1078 707 1167 733 etiam
1185 705 1299 734 caelmn.
1320 706 1376 743 Qui
1390 711 1500 739 autem,
1515 705 1628 734 Adhuc

879 751 984 787 semel,
1008 752 1080 780 dicit
1092 774 1099 788 ‚
1124 752 1258 780 declarat
1280 753 1433 781 mobilium
1452 753 1629 782 translatio-

841 799 860 822 C
880 807 945 824 nem
961 799 1284 836 tamquamsactorum.
1299 798 1443 828 Tollentnr
1458 809 1522 838 ergo
1539 799 1629 828 omnia

879 842 913 871 de
925 843 1058 878 medi0‚ct
1071 846 1098 871 in
1112 843 1209 872 melius
1221 844 1430 884 compingentur
1444 845 1540 874 exalto
1556 858 1561 874 :
1577 845 1629 874 boc

879 888 950 917 enim
962 889 1008 918 1116
1023 890 1187 920 subindicat.
1203 890 1278 925 Quid
1294 902 1358 930 ergo
1373 891 1460 929 doles,
1473 902 1535 920 611111
1551 898 1626 931 pate-

881 935 918 964 ris
934 937 960 964 in
972 937 1073 965 mundo
1084 947 1136 965 non
1150 938 1280 975 manenti,
1296 949 1357 966 cum
1370 939 1499 978 affligeris
1511 938 1538 967 in
1551 949 1627 967 mun-

880 982 916 1011 do
937 983 984 1021 qui
1000 983 1081 1022 paulo
1097 990 1157 1022 post
1174 985 1291 1013 transit?
1304 985 1333 1014 Si
1349 986 1376 1014 in
1393 985 1534 1025 posteriori
1557 992 1626 1014 tem*

882 1040 945 1068 pore
957 1030 1051 1058 mundi
1063 1030 1153 1058 futura
1167 1037 1233 1058 esset
1245 1031 1360 1069 requies,
1372 1038 1436 1060 tunc
1448 1031 1532 1071 affligi
1545 1042 1628 1071 opor-

880 1083 945 1104 teret
960 1076 995 1104 ad
1011 1076 1090 1104 finem
1106 1076 1287 1115 aspicientem.
1307 1079 1344 1106 Ut
1360 1085 1512 1115 maneant,
1525 1077 1627 1116 inquit,

880 1133 945 1161 quie
960 1129 1029 1151 sunt
1044 1122 1218 1151 immobilia.
1235 1123 1365 1157 Quaenam
1381 1131 1470 1152 autem
1491 1132 1554 1153 sunt
1573 1125 1628 1153 im-

879 1167 1011 1197 mobilia?
1022 1168 1135 1196 Futura.

919 1220 946 1248 5.
961 1219 1060 1248 Omnia
1075 1229 1138 1257 ergo
1158 1229 1209 1258 pro
1225 1219 1276 1247 1106
1291 1229 1403 1258 agamus
1416 1242 1424 1257 ,
1441 1226 1470 1248 ut
1492 1220 1539 1249 illa
1553 1231 1628 1250 asse-

878 1277 994 1304 quamur
1006 1290 1012 1299 ‚
1022 1266 1078 1294 illis
1091 1272 1119 1294 ut
1133 1267 1257 1294 fruamur
1267 1266 1356 1295 bonis.
1371 1266 1459 1301 Certe,
1470 1277 1534 1305 rogo
1546 1274 1570 1295 et
1582 1268 1629 1296 ob-

878 1324 962 1349 secro,
974 1313 1062 1341 1111106
1077 1312 1198 1341 studium
1212 1323 1351 1352 ponamus.
1364 1313 1394 1341 In
1407 1313 1517 1341 civitate
1525 1313 1629 1341 ruitura

878 1370 956 1388 nemo
967 1359 1094 1388 nidificat.
1105 1360 1156 1388 Dic
1167 1359 1234 1388 mihi
1244 1382 1252 1397 ‚
1263 1370 1338 1398 rogo,
1350 1360 1371 1387 si
1387 1359 1448 1397 quis
1461 1358 1562 1388 diceret
1575 1359 1630 1388 fore

879 1413 908 1434 ut
916 1406 973 1435 liaec
989 1407 1010 1435 ci
1016 1407 1084 1435 vitas
1095 1413 1156 1446 post
1169 1417 1270 1435 annum
1282 1412 1405 1442 eorruat;
1420 1405 1466 1434 illa
1475 1416 1539 1434 vcro
1550 1416 1629 1434 num-

880 1463 971 1490 quam>
982 1453 1164 1482 aedificaresne
1180 1454 1207 1482 in
1223 1464 1251 1481 ea
1265 1464 1325 1491 qnae
1339 1460 1378 1482 est
1389 1453 1515 1481 ruitura?
1526 1453 1630 1488 Quam-

880 1499 972 1528 obrem
987 1510 1058 1528 nunc
1074 1510 1181 1538 quoque
1202 1499 1262 1528 dico
1273 1522 1281 1535 ,
1295 1501 1336 1529 Ne
1350 1499 1518 1529 :edificemus
1534 1500 1560 1528 in
1577 1500 1629 1528 1106

46 1557 76 1574 το
90 1546 135 1574 καὶ
148 1549 191 1574 νῦν
206 1546 284 1585 λέγω,
294 1546 330 1584 μὴ
342 1547 522 1584 οἷκοέομῶμεν
534 1547 559 1574 ἐν
570 1547 607 1584 τῷ
622 1545 714 1584 κόσμῳ
725 1545 823 1585 τούτῳ·
842 1547 862 1569 D
880 1546 999 1575 mundo:
1013 1546 1109 1575 eadent
1136 1547 1218 1587 paulo
1244 1553 1304 1586 post
1329 1553 1354 1575 et
1380 1547 1508 1586 peribunt
1528 1546 1628 1575 omnia.

46 1597 165 1621 πεσεῖται
181 1593 274 1631 μικρὸν
291 1592 409 1631 ὕστερον,
424 1593 469 1620 καὶ
483 1592 570 1621 πάντα
584 1593 732 1621 ἀπολεῖται.
746 1592 781 1620 Τί
796 1591 823 1620 δὲ

881 1591 957 1627 Quid
968 1603 1033 1621 vero
1047 1592 1117 1629 dico,
1129 1593 1312 1621 cadent?ante
1320 1594 1377 1633 ejus
1391 1593 1497 1621 ruinam
1511 1603 1629 1632 11051161·-

484 1692 662 1722 MUTIANO
685 1691 941 1720 SCHOLASTICO
962 1692 1216 1721 INTERPRETE.

44 1779 104 1809 iste,
117 1783 199 1811 quam
213 1772 267 1808 1116,
283 1771 328 1800 sed
344 1771 489 1800 terribilior
505 1778 567 1800 tunc
579 1771 674 1810 magis,
686 1781 767 1809 quam
783 1770 830 1799 illo
842 1777 960 1810 tempore
974 1782 979 1797 :
994 1780 1047 1798 non
1059 1770 1130 1799 enim
1146 1770 1326 1800 differentiam
1342 1782 1462 1810 personae
1476 1773 1624 1812 significat,

44 1819 90 1848 sed
105 1819 215 1848 modum
230 1829 283 1858 quo
297 1819 374 1848 nobis
388 1830 486 1848 novam
496 1819 582 1857 legem
593 1818 679 1855 dedit,
695 1819 809 1847 alterum
821 1829 876 1847 esse
888 1818 965 1848 dicit.
979 1818 1059 1847 Unde
1070 1818 1121 1846 1106
1132 1825 1236 1847 certum
1245 1819 1306 1848 est?
1317 1820 1348 1848 Si
1361 1821 1410 1848 illi
1421 1822 1510 1857 enim,
1524 1821 1623 1860 inquit,

45 1878 104 1896 non
115 1868 296 1907 effugerunt,
312 1874 481 1896 recusantes
492 1878 557 1896 eum
569 1869 620 1905 qui
632 1869 662 1895 in
674 1874 751 1895 terra
764 1867 862 1905 fuerat
875 1868 1048 1895 constitutus
1065 1878 1073 1893 .·
1088 1867 1181 1894 multo
1195 1869 1288 1906 magis
1302 1877 1364 1902 nos,
1378 1869 1430 1906 qui
1443 1868 1480 1896 de
1494 1869 1574 1897 caelis
1585 1869 1627 1897 lo—

44 1922 179 1956 quentem
191 1916 274 1944 nobis
288 1917 460 1946 avertimus.
477 1915 553 1951 Quid
565 1925 628 1954 ergo
639 1914 778 1943 dicimus?
790 1914 858 1943 alius
869 1921 908 1942 est
920 1914 977 1951 iste,
987 1913 1058 1942 alius
1069 1914 1114 1942 ille
1124 1914 1138 1941 P
1147 1913 1282 1952 quomodo
1292 1924 1356 1953 ergo
1367 1914 1447 1951 dixit,
1460 1915 1552 1954 Cujus
1563 1927 1626 1945 vox

46 1965 135 1991 movit
150 1969 258 1991 terram
272 1969 349 1991 tunc.
360 1962 389 1992 Si
404 1962 477 1991 enim
490 1973 544 1991 vox
558 1962 616 2001 ejus
638 1961 724 1990 movit
742 1968 852 1998 terram,
870 1961 917 2000 qui
934 1967 998 1990 tunc
1012 1960 1122 1990 dederat
1137 1961 1222 2000 legem
1239 1962 1345 1990 :Nunc
1360 1968 1458 1990 autem
1468 1965 1624 2001 promittit,

50 2010 147 2038 dicens
162 2021 168 2037 :
182 2009 294 2039 Adhuc
306 2009 406 2046 semel,
418 2016 446 2038 et
458 2019 509 2049 ego
522 2011 641 2038 movebo
660 2021 719 2038 non
738 2010 834 2038 solnm
850 2016 960 2037 terram
969 2031 976 2045 ,
988 2009 1040 2038 sed
1052 2011 1142 2037 etiam
1154 2009 1257 2038 coelum
1270 2021 1278 2036 .-
1291 2014 1394 2038 certum
1409 2016 1447 2038 est
1465 2009 1539 2048 quod
1553 2008 1626 2039 idem

51 2056 108 2097 ipse
121 2057 164 2086 sit.
180 2058 267 2096 Quod
276 2064 374 2086 autem
387 2058 475 2092 dicit,
490 2057 600 2086 Adhuc
612 2058 720 2092 semel,
734 2057 871 2086 declarat
885 2057 1036 2085 mobilium
1053 2057 1278 2085 translationem
1294 2064 1446 2096 tamquam
1463 2058 1624 2096 sactorum.

42 2103 116 2141 Quid
127 2111 165 2133 est
179 2104 254 2144 quod
264 2104 307 2133 his
316 2104 405 2134 verbis
419 2104 590 2144 significatur
598 2105 611 2133 P
620 2104 757 2133 Nimirum
764 2105 890 2144 quoniam
903 2104 1057 2133 auferentur
1066 2111 1160 2133 cuncta
1174 2103 1207 2133 de
1215 2104 1315 2142 medio,
1323 2111 1347 2133 et
1361 2104 1386 2132 in
1396 2104 1494 2133 melius
1502 2104 1626 2134 universa

42 2151 220 2180 mutabuntur
230 2151 295 2180 :hoc
303 2152 374 2180 enim
384 2151 451 2180 mihi
462 2151 489 2180 in
500 2152 618 2181 hocloco
630 2152 776 2192 significari
795 2151 913 2180 videtur.
922 2151 998 2188 Quid
1007 2161 1071 2190 ergo
1081 2150 1165 2186 doles,
1174 2151 1261 2190 inquit
1269 2174 1276 2188 ,
1287 2163 1348 2181 cum
1367 2152 1465 2192 pateris
1477 2152 1581 2191 aliquid
1596 2153 1625 2182 in

48 2198 101 2228 hoc
113 2199 227 2237 mundo,
244 2199 289 2238 qui
305 2210 356 2228 non
369 2199 467 2239 poterit
483 2210 651 2240 permanere,
668 2200 714 2238 qui
730 2207 790 2240 post
805 2199 946 2240 paululum
961 2199 1123 2228 transiturus
1140 2199 1199 2228 est?
1210 2199 1239 2229 Si
1255 2200 1281 2228 in
1297 2200 1452 2229 novissimis
1463 2201 1569 2229 saeculis
1580 2201 1624 2230 hic

43 2247 161 2277 mundus
177 2247 288 2276 forsitan
302 2248 422 2287 requiem
433 2248 582 2285 habuisset,
595 2255 660 2277 tunc
675 2248 801 2277 tribulari
817 2248 907 2288 potius
917 2247 1056 2288 oportebat
1066 2258 1128 2276 eum
1139 2248 1184 2286 qui
1195 2247 1302 2276 festinat
1312 2248 1346 2277 ad
1358 2248 1450 2277 finem.
1465 2249 1622 2287 Utperma·

43 2301 144 2330 neam,
157 2294 245 2334 inquit
259 2318 266 2331 ,
278 2306 313 2323 ea
324 2306 389 2335 quie
401 2302 469 2325 sunt
483 2296 657 2325 immobilia.
673 2295 741 2332 Quae
753 2307 868 2335 namque
880 2295 948 2333 ista,
960 2295 1003 2324 vel
1015 2295 1106 2334 qualia
1117 2302 1178 2324 sunt
1191 2296 1362 2325 immobilia?
1373 2297 1474 2325 futura
1486 2295 1623 2326 videlicet.

78 2343 130 2372 Pro
147 2343 198 2372 isto
209 2343 292 2382 igitur
308 2343 359 2372 fine
370 2350 465 2372 cuncta
478 2344 618 2379 faciamus⁷
630 2351 658 2373 ut
673 2344 748 2373 illam
764 2345 850 2374 vitam
866 2343 979 2384 adipisci
994 2344 1137 2383 possimus,
1152 2351 1179 2372 ut
1196 2344 1251 2373 illis
1265 2344 1342 2372 bonis
1358 2343 1543 2373 ineffabilibus
1555 2354 1621 2384 per-

38 2392 170 2420 fruamur.
186 2392 238 2427 tta,
254 2390 373 2428 obsecro,
389 2392 425 2420 ita
440 2392 530 2428 facite,
547 2392 582 2421 ad
599 2392 650 2421 1106
664 2392 793 2432 deprecor
816 2399 845 2421 ut
861 2399 982 2421 vestrum
1002 2391 1186 2421 inflammetur
1206 2391 1337 2420 studium.
1358 2392 1444 2420 Nemo
1464 2392 1491 2420 in
1511 2392 1622 2421 civitate

40 2450 99 2479 quae
113 2450 206 2469 casura
223 2447 262 2468 est
277 2450 346 2468 sanae
363 2440 457 2469 mentis
475 2440 599 2470 aedificat.
620 2441 672 2469 Dic
687 2448 776 2470 autem
791 2441 874 2477 mihi,
888 2440 1008 2477 obsecro,
1021 2440 1043 2469 si
1059 2440 1157 2478 aliquis
1170 2440 1270 2468 diceret
1288 2439 1416 2479 qnoniam
1431 2447 1492 2480 post
1517 2450 1619 2470 annum

40 2487 136 2516 civitas
146 2487 204 2516 haec
215 2494 269 2516 tota
279 2487 386 2527 lapsura
400 2495 454 2525 est,
467 2488 549 2517 aliam
567 2499 630 2517 vero
645 2489 793 2528 quamlibet
806 2499 1008 2529 permansuram
1023 2499 1078 2517 esse
1093 2488 1213 2517 firmaret
1228 2500 1234 2515 :
1248 2498 1329 2526 num,
1343 2498 1419 2527 rogo,
1435 2487 1582 2518 aedificares
1593 2488 1621 2518 in

42 2535 150 2565 civitate
166 2535 291 2565 ruitura?
307 2535 422 2565 Proinde
437 2536 517 2566 etiam
532 2537 584 2566 hoc
597 2544 635 2567 est
651 2537 722 2576 quod
738 2548 786 2578 ego
802 2548 872 2568 nunc
893 2537 966 2575 dico,
983 2538 1042 2567 Non
1057 2536 1221 2566 aedificemus
1236 2537 1261 2565 in
1278 2536 1329 2565 1106
1343 2536 1445 2565 mundo
1459 2549 1465 2565 ι
1480 2543 1539 2576 post
1551 2547 1621 2577 pau-

45 2581 130 2610 lulum
143 2582 214 2612 enim
231 2582 336 2623 lapsum
353 2583 440 2612 iturus
454 2590 502 2619 esti,
517 2591 541 2612 et
556 2591 649 2613 cuncta
670 2583 805 2624 perditum
826 2584 912 2613 ibunt.
930 2584 965 2613 Et
981 2583 1046 2622 quid
1065 2583 1125 2612 dico
1141 2583 1215 2621 quod
1229 2582 1344 2611 mundus
1360 2593 1471 2612 casurus
1491 2582 1615 2611 65191103
