1906 2846
137 462 153 475 ι.
170 457 221 477 sor.
238 464 270 478 io.

291 196 358 230 586
625 209 653 230 5.
681 207 818 230 sommis
845 208 1027 231 ctttu'sos'r.
1056 210 1209 233 Attcmffl‘.
1237 212 1504 236 CONSTANTtNoP.

287 281 347 298 rum
357 271 394 299 cis
405 269 559 298 ostendisset
571 278 662 296 omnes
671 269 716 305 qui
729 268 763 296 ad
775 269 932 306 sanguinent
943 280 1026 307 usque
1037 292 1072 310 ²71
1083 271 1193 308 αἵματος
1217 273 1328 305 στάντας
1337 295 1343 307 ,
1359 269 1415 301 εἶτα
1438 274 1578 312 ἐπαγαγὼν
1598 276 1627 304 τὸ
1651 276 1775 315 καύχημα
1802 280 1845 305 τοῦ

286 315 442 348 restiterant,
457 313 554 342 deinde
568 313 760 351 subjunxisset,
778 313 964 351 gloriationem
986 325 1026 342 es·
1045 321 1064 341 A
1082 316 1197 355 Χριστοῦ
1223 317 1256 346 τὰ
1277 318 1441 356 παθήματα,
1467 318 1526 347 τότε
1553 319 1664 351 εὐκόλως
1688 323 1845 360 κατέδραμε.

284 372 311 389 se
323 361 421 389 Christi
437 360 627 399 perpessiones,
641 367 703 388 tunc
716 360 793 389 facile
805 367 900 389 caetera
913 368 951 389 est
963 372 1023 400 per-

284 413 418 443 sequutus.
443 407 499 433 lloc
513 405 592 433 etiam
611 405 727 434 scribens
748 405 781 434 ad
797 406 961 441 Corinthios,
977 407 1024 435 di-

284 452 317 479 cit
341 464 346 481 ;
367 453 500 479 Tentalio
522 462 576 479 vos
597 462 654 479 non
669 453 880 490 apprehendat,
898 454 955 481 nisi
969 453 1023 481 lzu-

284 508 383 531 mana,
400 498 450 526 hoe
461 504 510 534 est,
524 508 616 536 parva.
633 499 690 525 Hoc
702 498 773 526 enim
788 498 888 526 sufficit
901 498 935 527 ad
950 500 1022 527 exci-

282 543 394 571 tandum
413 550 437 571 et
454 543 610 582 erigendum
632 543 764 579 animuin,
788 543 895 582 quando
916 545 1020 583 cogita-

281 590 349 618 verit
363 590 435 628 quod
453 600 503 618 non
517 589 549 617 ad
566 596 650 617 totum
666 589 793 625 aseendit,
808 597 832 618 ct
847 590 898 618 sihi
912 601 1021 629 persua-

280 637 342 664 serit
356 647 387 665 ex
409 636 440 664 iis
454 647 513 674 qum
528 643 727 674 prrecesserunt.
750 636 820 664 Dicit
836 647 898 665 vero
918 649 925 665 ε
943 639 1020 665 Non-

279 682 344 710 dum
361 689 472 710 mortem
487 682 556 720 passi
570 682 632 710 estis
645 693 651 709 ε
672 692 754 720 usque
766 682 800 710 ad
817 682 943 721 pecunias
959 694 1020 722 pro-

280 729 356 756 cessit
378 735 495 756 vestrum
518 727 659 763 damnum,
685 739 768 766 usque
791 728 824 756 ad
846 729 972 767 gloriam,
997 737 1021 758 et

279 785 392 811 eousque
404 780 433 801 ut
450 773 652 812 expelleremini
665 785 671 801 :
687 774 812 802 Christus
827 784 890 803 vero
909 785 957 813 pro
972 785 1022 803 no—

279 819 321 847 bis
340 819 410 847 fudit
425 819 600 857 sanguinem3
617 830 664 848 vos
678 826 767 848 autem
782 830 867 857 neque
881 831 928 859 pro
945 821 1021 850 vobis

279 865 345 904 ipsis
363 877 368 892 :
390 865 445 904 ipse
466 865 500 893 ad
517 872 629 893 mortem
645 876 728 903 usque
744 866 901 902 decertavit,
918 866 1021 895 bellans

280 922 327 950 pro
338 912 458 946 veritate,
471 922 519 950 pro
534 911 628 947 vobis;
646 922 693 940 vos
707 919 795 940 autem
808 912 926 941 nondum
942 914 1020 942 veni-

278 957 325 985 stis
352 956 387 984 ad
416 957 535 995 pericula
558 964 670 986 mortem
691 958 852 987 minitantia.
876 960 915 987 Et
939 960 1021 988 obliti

255 1005 258 1009 '
278 1005 345 1031 estis
366 1003 584 1032 consolationis.
605 1004 662 1032 Hoc
681 1011 730 1040 cst,
750 1011 774 1032 et
796 1015 890 1033 manus
912 1005 1020 1033 remisi-

278 1049 336 1085 stis,
351 1055 375 1077 et
390 1048 514 1077 dissoluti
527 1049 598 1077 estis.
614 1050 762 1087 Nondum,
773 1049 870 1087 inquit,
883 1051 1023 1089 usquead

278 1095 445 1133 sanguinem
456 1096 612 1130 restitistis,
626 1096 765 1123 adversus
772 1102 925 1134 peccatum
936 1106 1021 1135 repu-

276 1146 408 1178 gnantes.
418 1140 469 1168 Hic
482 1139 597 1168 ostendit
608 1147 632 1168 et
642 1147 779 1179 peccatum
791 1140 959 1169 vehementer
969 1141 1021 1180 spi-

278 1196 344 1221 rare,
356 1192 381 1213 et
390 1185 479 1224 ipsum
496 1196 552 1214 esse
561 1193 694 1214 armatum
708 1198 714 1214 :
729 1185 797 1214 illud
813 1186 893 1222 enim,
909 1188 1022 1215 Restiti-

277 1233 338 1267 stis,
350 1230 383 1258 ad
395 1241 438 1259 eos
450 1232 496 1269 qui
507 1237 577 1259 stant
588 1231 691 1259 dictum
703 1238 748 1260 est.
765 1233 836 1269 Quoe
848 1233 932 1261 vobis
947 1239 1020 1262 tam-

279 1276 452 1315 qnamszliis
467 1277 598 1315 loquitur
611 1278 710 1306 dicens
725 1290 732 1304 ;
751 1278 814 1306 Fili
828 1280 878 1314 mi,
896 1279 957 1306 noli
972 1290 1020 1307 ne-

266 1323 386 1362 gligere
405 1323 593 1361 disciplinam
617 1324 750 1360 Domini,
774 1334 866 1362 neque
877 1325 1019 1363 fatigeris

278 1369 348 1397 dum
368 1370 405 1397 ab
428 1379 460 1396 eo
482 1371 642 1408 corriperis.
663 1369 886 1398 Exhortationem
902 1370 965 1399 facit
985 1381 1019 1399 ex

278 1415 359 1442 rebus
374 1414 439 1453 ipsis
453 1426 458 1441 :
473 1425 507 1442 ex
521 1414 684 1443 abundantia
700 1422 788 1443 autent
801 1415 877 1443 affert
892 1415 972 1444 etiam
984 1426 1018 1444 ex

278 1460 376 1495 verbis,
391 1460 425 1487 ab
441 1458 491 1487 hoc
507 1460 657 1488 testimonio
676 1472 681 1488 :
698 1461 957 1499 Ncquesaffgeris,
975 1460 1019 1489 in-

278 1505 347 1543 quit,
363 1506 430 1534 darn
445 1508 482 1534 ab
496 1516 528 1534 eo
543 1508 705 1544 corriperis.
721 1507 788 1535 Sunt
805 1516 867 1544 ergo
883 1507 940 1535 haec
955 1507 1016 1536 Dei.

281 1551 336 1578 lloc
344 1561 448 1589 quoque
457 1558 554 1579 estnon
564 1562 646 1590 parva
655 1551 810 1585 consolatio,
817 1562 878 1580 cum
889 1552 1018 1581 discimus

278 1596 349 1634 quod
367 1597 415 1624 Dei
431 1604 469 1625 est
483 1607 549 1636 opus
567 1604 595 1624 ut
616 1596 670 1624 liaec
686 1597 742 1624 fieri
758 1596 870 1635 possint,
889 1597 938 1625 illo
952 1608 1018 1626 con-

279 1642 385 1671 cedente
404 1655 409 1671 :
425 1643 493 1679 sieut
505 1643 584 1671 etiam
599 1642 664 1671 dicit
682 1643 781 1671 Paulus
803 1654 808 1669 z
828 1644 950 1682 Propter
965 1645 1019 1673 hoc

1081 362 1166 391 Τοῦτο
1200 362 1244 391 καὶ
1273 363 1417 403 Κορινθίοις
1445 364 1553 402 γράφων
1580 365 1668 402 λέγει·
1695 367 1847 404 Πειρασμὸς

1080 409 1148 445 ὑμᾶς
1162 409 1208 437 οὐκ
1232 409 1347 447 εἴληφεν,
1364 410 1386 438 εἰ
1401 408 1438 447 μὴ
1462 409 1623 448 ἀνθρώπινος
1633 422 1638 427 ·
1652 411 1786 445 τουτέστι,
1801 424 1846 449 μιν

1079 453 1148 491 κρός.
1166 453 1265 482 Ἱκανὸν
1287 454 1339 494 γὰρ
1361 458 1436 483 τοῦτο
1453 455 1626 489 διαναστῆσαι
1642 456 1686 484 καὶ
1703 457 1847 495 ἀνορΟῶσαι

1078 498 1174 537 ψυχὴν,
1187 498 1248 527 ὅταν
1261 499 1386 538 ἐννοήσῃ,
1399 499 1439 528 ὅτι
1453 501 1481 528 οὐ
1495 500 1558 539 πρὸς
1573 501 1602 529 τὸ
1617 506 1668 529 πᾶν
1682 503 1791 538 ἀνῆλθε,
1803 503 1847 531 καὶ

1077 544 1155 583 πείσῃ
1177 544 1272 580 ἑαυτὴν
1292 545 1345 574 ἀπὸ
1365 546 1417 573 τῶν
1437 546 1632 585 προλαὸόντων.
1649 547 1687 576 ιῸ
1711 547 1738 575 δὲ
1760 547 1848 586 λέγει,

1076 590 1153 619 τοῦτό
1168 592 1237 619 ἐστιν
1248 602 1253 607 ·
1267 590 1340 620 οὔπω
1359 591 1470 620 Θάνατον
1487 592 1631 627 ὑπέστη-τε,
1646 593 1725 632 μέχρι
1740 594 1847 633 χρημά.

1077 647 1128 664 των
1144 638 1205 674 ὑμῖν
1228 639 1244 671 ἠ
1261 637 1359 674 ζημία,
1377 636 1456 676 μέχρι
1479 637 1566 673 δόξης,
1585 638 1663 677 μέχρι
1679 642 1723 667 τοῦ
1738 639 1848 667 ἐλαύνε-

1077 684 1150 710 σθαι·
1166 685 1179 710 ὁ
1195 682 1284 719 μέντοι
1300 682 1414 722 Χριστὸς
1428 682 1493 722 ὑπὲρ
1510 685 1581 721 ὑμῶν
1596 683 1626 711 τὸ
1648 680 1714 721 αἷμα
1735 684 1845 723 ἐξέχεεν,

1076 728 1149 765 ὑμεῖς
1175 728 1201 756 δὲ
1225 728 1282 757 οὐδὲ
1307 728 1373 767 ὑπὲρ
1399 730 1516 757 ἑαυτῶν·
1538 729 1613 761 αὐτὸς
1636 729 1715 768 μέχρι
1735 730 1846 759 Θανάτου

1075 774 1225 812 ἠγωνίσατο
1239 774 1300 814 περὶ
1315 775 1362 808 τῆς
1381 774 1519 809 ἀληθείας,
1538 776 1661 813 πολεμῶν
1682 775 1746 815 ὑπὲρ
1763 778 1845 813 ὑμῶν·

1075 821 1149 857 ὑμεῖς
1164 820 1189 849 δὲ
1206 820 1308 849 οὐδέπω
1323 822 1358 853 εἷς
1370 820 1502 853 κινδύνους
1519 821 1632 855 ε’πέὸητε
1648 821 1756 850 Θάνατον
1772 823 1845 850 einer*

1075 867 1192 898 λοῦντας.
1208 866 1261 895 Καὶ
1276 866 1418 901 ἐκλέλησθε
1433 869 1479 901 τῆς
1490 866 1696 905 παρακλήσεως·
1709 867 1845 902 τουτέστι,

1075 912 1119 939 καὶ
1139 912 1278 951 παρήκατε
1299 911 1345 944 τὰς
1367 916 1470 950 χεῖρας,
1490 911 1635 947 ἓξελύΟητε.
1650 912 1752 949 Οὔπω,
1765 913 1845 952 φησὶ,

1076 957 1168 996 μέχρις
1189 957 1299 994 αἵματος
1326 957 1547 992 ἀντικατέστητε,
1560 957 1624 996 πρὸς
1648 957 1694 992 τὴν
1714 958 1844 996 ἁμαρτίαν

1076 1003 1321 1041 ἀνταγωνιζόμενοι.
1334 1003 1464 1031 Ἐνταῦθα
1474 1003 1588 1031 ’δείκνυσι
1602 1003 1647 1031 καὶ
1656 1003 1703 1038 τὴν
1714 1004 1846 1042 ἁμαρτίαν

1076 1049 1176 1087 σφόδρα
1201 1048 1339 1084 πνέουσαν,
1354 1048 1398 1076 καὶ
1422 1048 1502 1083 αὐτὴν
1522 1049 1709 1086 ὁπλιζομένην·
1725 1048 1755 1077 τὸ
1775 1049 1844 1089 γὰρ,

1076 1093 1304 1129 ’Λντικατέστητε,
1326 1095 1390 1132 πρὸς
1415 1093 1473 1127 τοὺς
1499 1096 1614 1127 ἑστῶτας
1639 1095 1749 1133 εἴρηται.
1766 1095 1845 1128 ἸΗτις

1075 1142 1144 1177 ὑμῖν,
1156 1139 1245 1178 φησὶν,
1263 1142 1297 1172 ὣς
1312 1141 1376 1172 υἱοῖς
1388 1139 1554 1178 διαλέγεται,
1569 1140 1609 1168 υἱέ
1625 1152 1683 1177 μου,
1700 1140 1736 1178 μὴ
1749 1141 1845 1180 ὀλιγώ-

1077 1197 1114 1224 ρει
1128 1185 1247 1217 παιδείας
1267 1185 1379 1225 Κυρίου,
1396 1184 1462 1223 μηδὲ
1477 1185 1568 1214 ἐκλύου
1584 1187 1627 1214 ὑπ’
1644 1188 1722 1215 αὐτοῦ
1739 1186 1845 1226 ἐλεγχό-

1075 1244 1159 1270 μενος.
1173 1232 1337 1267 Ἐποιῆσατο
1358 1232 1410 1260 ἀπὸ
1428 1233 1480 1259 τῶν
1501 1232 1665 1270 πραγμάτων
1685 1232 1733 1266 τὴν
1754 1233 1844 1271 παρά-

1075 1279 1167 1313 κλησιν
1176 1290 1181 1295 ·
1194 1279 1223 1306 ἐκ
1235 1277 1386 1317 περιουσίας
1399 1277 1444 1305 καὶ
1457 1276 1504 1312 τὴν
1517 1277 1570 1305 ἀπὸ
1581 1279 1631 1305 τῶν
1647 1277 1730 1315 λόγων
1743 1278 1846 1316 ἐπάγει,

1075 1325 1127 1353 ἀπὸ
1142 1327 1188 1359 τῆς
1209 1323 1352 1362 μαρτυρίοις
1373 1322 1486 1357 ταύτης·
1504 1322 1549 1357 Μὴ
1573 1322 1678 1356 ἐκλύου,
1693 1323 1783 1362 φησὶν,
1799 1325 1844 1353 ὑπ’

1075 1371 1152 1398 αὐτοῦ
1174 1369 1354 1407 ἐλεγχόμενος.
1370 1367 1435 1406 Ἄρα
1456 1370 1501 1396 τοῦ
1516 1369 1587 1397 Θεοῦ
1608 1368 1690 1397 ταῦτά
1712 1370 1777 1398 ε’στι.
1792 1370 1846 1398 Καὶ

1073 1418 1149 1444 τοῦτο
1169 1414 1196 1444 δὲ
1218 1417 1254 1447 εἷς
1268 1414 1435 1453 παράκλησιν
1452 1415 1480 1443 οὐ
1504 1414 1611 1452 μικρὸν,
1627 1413 1688 1442 ὅταν
1709 1415 1845 1453 μάθωμεν,

1073 1461 1113 1489 ὅτι
1127 1463 1172 1490 τοῦ
1188 1462 1258 1490 Θεοῦ
1277 1460 1351 1499 ἔργον
1367 1460 1422 1489 ἐστὶ
1439 1459 1467 1487 τὸ
1480 1463 1588 1488 τοιαῦτα
1604 1460 1761 1496 δυνηθῆναι,
1777 1462 1844 1490 ἐκεί-

1074 1519 1116 1536 νου
1133 1510 1340 1546 συγχωροῦντος·
1355 1505 1475 1544 καθάπερ
1487 1505 1531 1534 καὶ
1545 1505 1650 1538 Παῦλός
1665 1506 1846 1547 φησιν·Ὕπὲρ

1073 1553 1163 1582 τούτου
1186 1553 1241 1592 τρὶς
1260 1553 1303 1581 τὸν
1318 1551 1413 1591 Κύριον
1427 1552 1595 1590 παρεκάλεσα
1605 1575 1612 1588 ,
1623 1552 1669 1580 καὶ
1685 1553 1773 1592 εἴρηκέ
1788 1565 1843 1591 μοι,

1074 1601 1148 1637 ἀρκεῖ
1164 1611 1204 1628 σοι
1219 1601 1235 1633 ἡ
1251 1598 1329 1637 χάρις
1346 1609 1395 1634 μου
1406 1610 1411 1615 ·
1430 1600 1446 1632 ἡ
1463 1597 1513 1636 γὰρ
1531 1597 1638 1636 δύναμίς
1659 1609 1706 1636 μου
1724 1599 1750 1626 ἐν
1767 1601 1845 1628 ἀσθε-

1073 1645 1130 1684 νείᾳ
1145 1643 1394 1673 τελειοῦται.“Ὠστε
1408 1643 1504 1675 ἐκεῖνός
1515 1645 1585 1672 ἐστιν
1600 1646 1614 1672 ὁ
1628 1645 1782 1683 συγχωρῶν.
1793 1644 1844 1673 L‘Oxo

698 1752 874 1782 MUTIANO
896 1753 1150 1784 SCHOLASTICO
1173 1753 1426 1783 INTERPRETE.

279 1859 370 1877 ornnes
383 1848 428 1886 qui
440 1858 524 1886 usque
534 1847 569 1876 ad
581 1848 737 1887 sanguinem
748 1849 911 1886 restiterunt,
919 1856 987 1889 ,tunc
997 1850 1085 1885 insert,
1096 1850 1223 1888 quoniam
1234 1849 1358 1888 gloriatio
1371 1848 1472 1878 Christi
1485 1849 1619 1888 passiones
1629 1856 1705 1887 sunt;
1719 1852 1844 1891 tuncjam

278 1895 383 1924 facilius
399 1901 493 1924 caetera
509 1895 650 1934 percurrit.
670 1895 726 1924 Hoc
736 1895 816 1924 etiam
830 1897 948 1925 scribens
961 1897 1108 1925 Corinthiis
1119 1897 1180 1926 feeit
1192 1909 1197 1924 ε
1216 1898 1350 1925 Tantalio
1362 1907 1416 1924 vos
1429 1906 1487 1924 non
1500 1897 1709 1935 apprehendat,
1724 1900 1779 1926 nisi
1791 1899 1841 1927 Ιιιι-

279 1954 379 1979 titana,
395 1942 445 1971 hoc
462 1949 509 1977 est,
526 1942 647 1970 minima.
667 1942 755 1971 Valde
771 1942 871 1982 quippe
885 1942 1010 1972 idoneum
1032 1944 1082 1972 hoc
1094 1951 1149 1972 erat
1162 1943 1196 1972 ad
1211 1944 1329 1971 animani
1344 1942 1544 1982 subrigendam.
1560 1944 1632 1971 Dum
1647 1943 1716 1971 enim
1735 1944 1843 1982 cogitat,

278 1988 404 2026 quoniam
416 1987 538 2026 pervenit
550 1986 584 2015 ad
598 1987 697 2023 onmia,
712 1987 854 2026 persuadet
867 1988 918 2016 sibi
929 1999 963 2017 ex
972 1988 1189 2018 antecedentibus
1201 1989 1274 2018 nulla
1286 1999 1382 2027 magna
1393 2000 1471 2028 opera
1482 1989 1630 2028 perfecisse.
1641 1988 1697 2017 Hoc.
1709 1996 1757 2025 est,
1769 1989 1843 2019 velu-

278 2035 296 2062 ti
308 2035 329 2063 si
342 2034 442 2062 (liceret
456 2046 462 2062 z
479 2033 600 2062 Necdum
614 2040 726 2061 mortem
736 2034 912 2071 sustinuistis,
923 2036 1098 2073 pecuniarum
1110 2035 1187 2065 vobis
1199 2042 1302 2064 tantum
1314 2035 1425 2073 contigit
1434 2035 1574 2069 damnum,
1588 2035 1632 2064 vel
1643 2035 1734 2073 gloriae
1756 2047 1762 2063 :
1779 2047 1841 2065 exa-

277 2080 352 2119 gitati
368 2086 472 2108 tantum
487 2080 561 2115 estis,
576 2087 601 2108 et
615 2080 849 2119 persequutionem
863 2082 933 2120 passi
947 2093 953 2109 τ
967 2082 1091 2110 Christus
1103 2088 1192 2110 autem
1205 2092 1253 2121 pro
1266 2081 1343 2110 vobis
1356 2081 1512 2118 sanguinem
1526 2080 1616 2116 fudit;
1632 2092 1680 2110 vos
1693 2089 1781 2110 autem
1792 2093 1842 2122 pro

278 2126 480 2166 vobismetipsis
496 2127 609 2155 necdum
629 2127 681 2156 tale
695 2127 798 2165 aliquid
811 2128 881 2167 passi
893 2129 955 2157 estis
974 2141 980 2156 :
997 2129 1042 2158 ille
1057 2139 1141 2167 usque
1154 2129 1189 2158 ad
1206 2135 1319 2157 mortem
1337 2138 1386 2167 pro
1403 2127 1511 2156 veritate
1525 2134 1640 2156 certatus
1652 2135 1701 2163 est,
1720 2138 1842 2167 pugnans

280 2185 330 2214 pro
346 2174 441 2211 vobis;
458 2184 506 2202 vos
519 2180 607 2202 autem
619 2173 732 2202 necdum
745 2173 779 2202 ad
792 2174 911 2213 pericula
927 2175 1096 2214 pervenistis,
1110 2186 1168 2213 quae
1182 2175 1318 2203 minantur
1330 2173 1480 2202 interitum.
1496 2174 1536 2201 Et
1553 2174 1637 2201 obliti
1651 2175 1729 2211 estis,
1745 2174 1842 2212 inquit,

277 2222 494 2250 consolationis.
512 2220 568 2248 Hoc
587 2227 635 2255 cst,
653 2231 747 2249 manus
761 2221 884 2259 dedistis,
899 2228 924 2250 et
939 2221 1062 2251 dissoluti
1078 2222 1149 2250 estis.
1167 2222 1310 2258 Necdum,
1334 2220 1434 2258 inquit,
1451 2230 1541 2259 usque
1557 2220 1598 2248 ad
1611 2221 1782 2259 sanguinem
1796 2231 1840 2250 re-

276 2270 390 2297 stitistis
405 2268 542 2295 adversus
557 2274 709 2305 peccatum
723 2275 929 2306 repugnantes.
947 2268 1004 2296 Hoc
1022 2268 1048 2296 in
1064 2268 1123 2296 loco
1137 2267 1302 2296 demonstrat
1314 2266 1394 2295 ctiam
1407 2273 1545 2305 peccatum
1560 2265 1730 2294 veliementer
1743 2266 1838 2296 adver-

276 2327 321 2343 sus
333 2326 377 2344 eos
391 2315 521 2354 aspirans,
533 2321 557 2343 et
570 2314 686 2342 diversis
702 2315 788 2343 modis
802 2322 935 2344 armatum
948 2327 954 2343 ε
972 2316 1043 2354 quod
1057 2316 1129 2344 enim
1142 2316 1244 2344 dictum
1258 2321 1306 2349 cst,
1324 2315 1456 2343 Necdum
1471 2315 1627 2348 restitistis,
1639 2313 1673 2341 ad
1687 2320 1785 2342 stantes
1795 2313 1838 2342 di-

276 2364 354 2391 citur.
370 2364 409 2391 Et
425 2363 508 2391 obliti
518 2363 597 2397 estis,
611 2361 708 2400 inquit,
722 2363 943 2398 consolationis,
956 2374 1008 2402 per
1022 2374 1110 2403 qnam
1126 2365 1208 2392 vobis
1224 2362 1404 2401 velutifiliis
1416 2361 1584 2400 fabulatur.
1600 2361 1662 2389 Fili
1677 2363 1729 2398 mi,
1740 2361 1836 2399 inquit,

281 2410 341 2437 noli
359 2409 504 2447 negligere
518 2408 705 2450 disciplinam
723 2409 854 2443 Domini,
874 2410 1112 2449 neqzcefatiger'is
1128 2411 1196 2438 dum
1209 2409 1245 2438 ab
1264 2418 1296 2437 eo
1309 2410 1449 2447 argueris.
1466 2408 1609 2445 Postquam
1627 2417 1661 2435 ex
1673 2407 1752 2435 rebus
1772 2407 1837 2446 ipsis

278 2456 397 2483 hortatus
417 2462 465 2490 cst,
483 2462 546 2483 tunc
556 2465 589 2483 ex
605 2454 770 2483 abundantia
782 2465 826 2483 eos
838 2466 872 2484 ex
887 2456 1044 2485 testimoniis
1059 2456 1227 2485 adhortatur.
1242 2456 1343 2494 Neque
1357 2454 1489 2494 deficias,
1505 2453 1603 2492 inquit,
1616 2453 1684 2481 dum
1697 2454 1733 2481 ab
1745 2463 1778 2481 eo
1790 2463 1837 2481 ar-

277 2505 382 2539 gueris.
401 2503 478 2530 Certe
491 2503 546 2531 hzec
561 2503 610 2530 Dei
626 2503 707 2531 verba
720 2509 790 2538 sunt,
806 2502 876 2530 unde
894 2513 946 2531 non
963 2514 1076 2542 parvam
1093 2504 1130 2532 eis
1145 2503 1242 2543 poterit
1256 2503 1351 2530 afferre
1367 2501 1584 2536 consolationem,
1599 2499 1664 2528 dum
1679 2507 1836 2538 cognoscant

279 2549 339 2585 quia
357 2550 403 2577 Dei
427 2561 493 2589 opus
512 2557 559 2587 est,
574 2561 649 2589 posse
669 2560 713 2578 eos
727 2550 789 2578 talia
805 2550 944 2579 sustinere.
964 2551 1024 2590 Ipso
1039 2562 1152 2590 namque
1167 2551 1335 2590 permittente
1353 2549 1419 2589 justi
1436 2558 1571 2588 pressuras
1583 2547 1669 2576 varias
1684 2547 1833 2586 patiuntur,

279 2595 344 2623 sicut
362 2603 386 2624 et
404 2597 484 2625 Paulo
503 2598 619 2635 apostolo
634 2597 735 2626 dictum
751 2605 786 2626 est
810 2611 814 2626 τ
832 2598 947 2636 Sufficit
963 2600 1015 2627 tibi
1027 2601 1124 2637 gratia
1142 2610 1204 2628 meu
1221 2611 1227 2625 :
1244 2609 1311 2627 nam
1332 2600 1422 2626 virtus
1443 2598 1472 2624 in
1488 2594 1831 2635 infirmitateperficitur.
