1886 2846
59 459 76 476 ΙΙ
114 458 150 478 ’.19Δ
175 458 196 478 3.

87 289 92 296 ι
104 279 113 294 '2
130 276 140 295 j
156 275 191 296 35.

60 505 142 524 Mardi.
157 506 179 525 ti⁴

60 535 94 562 14'·

59 593 97 612 Lm

64 693 107 712 Vas.
122 693 142 713 fi.
164 692 197 712 15.

108 591 195 614 ,²252

211 188 272 228 ¹·i'2
544 196 573 219 s.
601 196 738 219 suffixis
765 193 946 217 currsos‘r.

977 190 1130 213 Aucniffl‘.

1160 189 1222 211 CON
1228 190 1266 211 ST
1269 190 1287 211 A
1295 190 1428 213 N'UNOI‘.

206 264 232 286 et
251 258 315 298 fide
329 258 509 286 mumIantw
526 264 669 295 lnce-ata
661 280 666 291 ,
689 264 724 289 ct
742 258 812 296 lgm
814 266 840 284 11ι
851 256 943 294 stam-
961 255 979 277 D
999 251 1121 290 Κυρίου
1108 255 1180 285 »ητεῖ
1194 250 1273 279 ἴασιν.
1291 251 1353 290 Ἄφε
1356 263 1402 287 τε,
1416 253 1458 280 ἵνα
1473 253 1578 292 ἀφεθῇ(
1569 257 1639 291 υμῖν.
1663 254 1716 282 Και
1734 254 1763 282 τὸ

206 310 333 332 mantem
347 314 408 333 estls
400 306 507 343 tinguet
521 314 611 342 aqua,
626 309 651 331 (ί
669 303 855 337 eleemosyna
871 309 944 327 com-

206 356 299 386 poscet
325 360 432 388 magna
450 355 579 388 peccata.
593 348 695 377 Deinde
719 357 769 375 nou
793 345 880 377 irasci,
895 353 944 371 ne-

208 405 260 432 que
275 395 379 433 injuria:
393 402 506 434 accepta:
521 394 685 426 meminisse,
700 391 824 420 omnibus
840 394 944 427 peccata

209 441 341 469 remittere
354 453 359 468 :
375 442 470 469 Homo
482 442 603 474 honuni,
615 438 710 476 inquit,
719 442 844 464 reserva!
857 436 944 470 iram,

209 493 236 515 et
248 487 328 525 apud
338 487 495 515 Dominum
506 487 608 524 quierit
619 483 771 511 medelam.
786 481 944 516 Remittiee‚

210 532 305 570 inquit,
318 540 347 561 ut
363 535 528 561 remittatur
543 532 634 558 vohis.
651 528 683 555 Et
700 528 794 554 fratres
808 525 842 554 ab
857 535 946 554 errore

210 585 361 607 convertere
381 591 386 605 :
405 580 419 605 Ι
425 579 498 610 mie,
520 575 614 612 iuquit,
637 580 662 601 et
685 578 818 601 converte
829 573 947 612 fratres

211 631 285 660 ticos,
302 631 330 652 ut
354 624 520 652 remittantur
539 620 588 648 tibi
611 625 715 657 peccata
736 625 789 646 tua.
812 617 848 646 Et
870 628 897 646 se
921 618 947 645 in

211 670 358 699 sacerdotes
377 676 403 697 ut
427 678 493 696 com
497 666 549 695 cuit
563 675 671 703 gerere:
689 665 730 693 Et
744 666 768 693 si
776 665 896 704 feccrit,
906 664 947 692 in-

211 724 279 755 quit,
287 718 427 755 quispiam
441 724 492 752 p«
495 719 570 748 cata,
580 713 763 740 remittentur
776 714 823 740 ei:
839 721 882 740 eos
893 718 949 739 tue-

211 763 233 790 ii
254 773 284 790 ac
304 768 439 800 protegere
456 758 555 796 quibus
574 757 885 796 titinjuria,i1amnon
900 756 949 785 lia-

210 807 281 841 bere,
295 805 382 834 omnin
398 803 502 843 placide
517 810 543 832 et
559 802 694 831 moderate
707 802 786 831 ferie.

250 853 276 880 5.
287 853 378 879 Annon
394 850 549 888 priusquam
562 848 734 884 didicissetis,
748 846 821 886 quod
834 857 880 886 per
892 857 947 886 poe-

211 897 347 925 uitentiaui
361 896 433 924 ablui
452 901 562 934 possunt
580 901 698 934 peccata,
715 894 794 923 eratis
819 893 905 931 anxii,
921 900 949 921 ut

997 299 1103 335 ,ἐπιστρε
1107 308 1163 335 φειν
1174 297 1218 326 οἶδε
1220 296 1325 336 λφους
1311 297 1364 326 απὸ
1376 299 1423 332 τ’ἧς
1437 298 1555 333 πλάνης·
1572 299 1688 338 Πορεύου
1699 299 1762 339 γὰρ,

998 342 1071 381 ρησὶ,
1086 342 1131 371 καὶ
1145 342 1284 382 ἐπίστρεφε
1296 355 1354 376 τους
1371 343 1495 383 ἀδελφούς
1510 355 1574 380 σου,
1591 343 1634 372 ἵνα
1649 345 1763 384 ἀφεθῶσί

999 400 1038 417 σοι
1053 389 1107 416 αἱ”
1094 389 1223 428 αμαρτίαι
1239 400 1298 418 σου·
1317 388 1328 405 ¹’
1342 389 1370 418 τὸ
1394 389 1458 428 πρὸς
1478 402 1537 422 τους
1552 390 1658 429 ἱερεῖς’
1643 402 1712 429 εχειν
1727 392 1763 419 οἰ-

999 434 1087 467 κείως·
1105 434 1160 463 Κᾶν
1180 434 1230 474 γὰρ
1245 435 1374 474 ἁμαρτίας
1387 438 1402 474 ᾖ
1413 458 1420 471 ,
1437 437 1515 474 φησὶ,
1531 435 1681 471 πεποιηκώς
1703 447 1742 468 τις
1756 457 1763 471 ,

1000 481 1158 519 ἀφεθήσεται
1174 482 1261 509 αὐτω·
1277 493 1307 510 το
1323 480 1497 520 προΐστασθαι
1511 483 1562 510 τῶν
1575 481 1764 520 ἀδικουμένων,

1000 527 1029 554 τὸ
1049 526 1085 564 μὴ
1099 526 1169 565 ἔχειν
1184 526 1274 566 ὀργὴν,
1284 527 1314 556 τὸ
1324 527 1411 556 πάντα
1426 527 1516 565 πράως
1529 527 1625 567 φέρειν.

1041 842 1107 886 Ἆρα
1121 846 1172 885 πρὸ
1192 848 1238 885 μὲν
1264 848 1309 875 τοῦ
1326 849 1416 885 μαθεῖν
1435 846 1476 875 ὅτι
1492 847 1548 875 ἐστὶ
1565 846 1608 875 διὰ
1630 846 1769 884 μετανοίας

1002 893 1197 922 ἀπολούσασθαι
1219 892 1253 922 τα
1273 892 1471 950 ἁμαρτήματα,
1485 894 1532 921 οὐκ
1550 892 1685 931 ἐναγώνιοι
1705 888 1768 928 ἦτε,

210 943 256 980 qui
280 942 383 971 sciretis
409 952 461 970 non
486 952 541 970 esse
555 940 632 969 aliud
646 940 737 969 lavaci
740 951 795 976 um,
807 946 833 968 et
855 939 888 968 de
901 949 949 968 vo-
956 939 1104 986 10γνόντες
1117 939 1157 968 ὅτι
1175 940 1222 968 οὐκ
1241 939 1309 968 ἔστιν
1332 938 1418 978 ἕτερον
1443 938 1559 978 λουτρὸν,
1574 938 1619 967 καὶ
1640 938 1768 977 ἀπεγινώ-

209 990 250 1018 bis
262 999 336 1029 spem
352 988 524 1028 abjecciNJatis
518 988 531 1006 ²
546 989 624 1017 Nunc
640 994 729 1016 autem
745 997 806 1015 curn
824 997 854 1015 ea
872 986 947 1015 didi·
964 996 983 1018 Α
1002 997 1078 1014 σκετε
1093 987 1205 1020 ἑαυτῶνς
1220 985 1313 1014 Νυνι
1299 984 1326 1013 οὲ
1342 984 1466 1022 μαθόντες
1480 985 1513 1012 δι’
1529 984 1596 1013 ὅσων
1612 986 1629 1020 ἡ
1644 983 1769 1021 μετάνοια

209 1035 305 1071 ceritis,
321 1045 367 1074 per
381 1045 440 1073 quae
460 1040 528 1063 tecte
540 1033 630 1072 agitur
643 1033 798 1072 punitentia
813 1039 838 1061 et
852 1032 948 1061 remis-

209 1082 258 1118 sio,
270 1089 296 1110 ει
309 1081 381 1120 quod
397 1081 486 1110 omnia
499 1080 644 1119 poterimus
659 1080 790 1118 effugere,
805 1079 827 1107 si
841 1089 871 1107 ea
887 1085 947 1107 uta-

211 1136 272 1154 mur
288 1132 317 1153 ut
329 1131 442 1164 oportet,
456 1133 603 1162 quamnam,
617 1133 787 1161 assequemur
800 1122 916 1158 veniam,
925 1122 947 1150 si

207 1183 240 1200 ne
252 1172 279 1200 in
291 1177 407 1200 mentem
420 1169 530 1208 quidem
540 1169 617 1198 nobis
629 1169 737 1197 veniant
751 1175 839 1197 nostra
855 1178 948 1207 pecca-

208 1218 253 1246 ta?
266 1219 334 1247 Nam
345 1217 367 1245 si
383 1217 433 1244 hoc
443 1222 519 1252 esset,
533 1215 622 1244 omnia
635 1222 721 1244 essent
735 1215 863 1244 confecta.
872 1215 949 1244 Sicut

207 1265 277 1293 enim
292 1263 339 1302 qui
362 1264 460 1292 ostium
473 1269 512 1291 est
527 1263 676 1300 ingressus,
692 1269 728 1290 est
745 1262 817 1290 intus
830 1274 835 1290 :
849 1262 887 1290 sic
902 1262 948 1300 qui

208 1310 316 1349 propria
342 1309 411 1337 mala
428 1308 544 1347 cogitat,
559 1308 580 1336 si
597 1308 642 1336 illa
663 1315 787 1347 supputet
809 1307 948 1345 quotidie,

207 1358 316 1386 omnino
337 1357 423 1385 veniet
438 1356 472 1384 ad
491 1366 583 1384 eorum
599 1356 762 1384 curationem
783 1367 788 1382 :
805 1355 845 1383 sin
860 1362 948 1383 autem

207 1403 295 1437 (licat,
310 1403 377 1432 Sum
401 1408 535 1442 peccator,
549 1412 579 1430 ea
602 1408 691 1429 autem
715 1412 761 1440 per
782 1400 881 1439 species
897 1411 947 1429 non

208 1449 305 1487 cogitet
315 1459 346 1476 ac
357 1454 491 1487 supputet,
500 1455 525 1476 ct
541 1457 592 1475 non
605 1447 690 1483 dicat,
702 1447 759 1474 Hoc
769 1454 793 1475 et
805 1445 875 1474 illud
888 1457 948 1485 pec-

208 1501 297 1522 catum
308 1493 402 1521 admisi
413 1505 420 1528 ;
430 1503 575 1531 numquam
588 1492 711 1529 cessabit,
722 1502 825 1531 semper
839 1491 949 1530 quidem

209 1539 337 1568 confitens
349 1561 356 1574 ‚
371 1549 463 1567 curam
477 1545 566 1567 autem
580 1538 682 1567 nullam
697 1548 790 1576 gerens
805 1538 948 1567 correctio-

208 1585 258 1613 nis.
270 1586 340 1614 Nam
351 1585 372 1613 si
387 1584 506 1623 coeperit,
515 1584 623 1612 omnino
635 1584 715 1612 etiam
727 1591 873 1622 sequentur
885 1584 947 1619 alia,

209 1631 230 1659 si
246 1631 272 1659 in
295 1641 347 1659 uno
359 1630 503 1659 ostenderit
513 1629 616 1658 aditum
628 1641 634 1657 τ
644 1640 746 1669 semper
761 1630 832 1658 enim
846 1630 948 1669 princi-

1002 1043 1046 1060 και
1070 1033 1086 1066 ἡ
1111 1032 1203 1070 ἄφεσις
1223 1033 1412 1070 κατορθοῦται,
1427 1030 1473 1058 και
1494 1029 1534 1058 ὅτι
1559 1029 1723 1068 δυνησόμεθα
1739 1029 1770 1058 τὸ

1002 1082 1054 1105 πᾶν
1073 1079 1202 1116 ἐκφυγεῖν,
1219 1077 1248 1105 ἂν
1264 1078 1432 1115 βουληθῶμεν
1448 1076 1514 1114 αὐτῇ
1532 1075 1685 1115 χρήσασθαι
1699 1075 1770 1104 δεόν-

1002 1135 1069 1159 τως,
1090 1122 1166 1155 ποίας
1188 1122 1313 1162 τύχοιμεν
1335 1123 1365 1150 ἂν
1386 1121 1559 1160 συγγνώμης,
1574 1120 1632 1150 οὐδὲ
1652 1122 1688 1154 εἷς
1710 1122 1768 1150 νοῦν

1002 1169 1139 1208 ἐρχόμενοι
1151 1170 1201 1197 τῶν
1214 1168 1349 1207 ἡμετέρων
1362 1167 1576 1206 ἁμαρτημάτων,
1586 1167 1618 1195 Εἰ
1630 1165 1681 1206 γὰρ
1694 1170 1770 1196 τοῦτο

1002 1219 1043 1251 ἠν,
1054 1215 1140 1244 πάντα
1154 1216 1258 1250 ἤνυστο,
1269 1214 1305 1243 ἓὨ
1293 1227 1374 1254 ..ο-περ
1390 1214 1440 1254 γὰρ
1454 1216 1468 1243 ὁ
1482 1213 1528 1248 τὴν
1542 1212 1621 1252 θύραν
1636 1212 1769 1248 εἰσελθὼν,

1002 1262 1072 1290 ἔνδον
1089 1261 1173 1289 ἐστίν’
1187 1260 1266 1293 οὕτως
1281 1263 1294 1288 ὃ
1308 1260 1341 1288 τὰ
1356 1261 1439 1288 οικεῖα
1452 1259 1618 1297 λογιζόμενος
1632 1258 1710 1287 κακά.
1723 1257 1769 1287 Ἂν

1002 1306 1053 1346 γὰρ
1069 1306 1255 1345 ἀναλογίζηται
1273 1305 1338 1334 αὐτὰ
1362 1307 1419 1333 καθ’
1437 1305 1561 1339 ἑκάστην,
1585 1304 1630 1333 καὶ
1655 1303 1698 1333 ἐπὶ
1722 1303 1769 1339 τὴν

1003 1355 1029 1381 θε
1019 1353 1141 1392 εραπείαν
1158 1353 1244 1381 αὐτῶν
1255 1351 1359 1384 πάντως
1376 1351 1421 1385 ἥξε
1425 1363 1446 1379 ι·
1466 1351 1496 1379 ἂν
1513 1351 1539 1380 δὲ
1553 1350 1771 1390 λέγῃ,ἁμαρτω-

1002 1398 1045 1432 ὶός
1065 1400 1133 1436 εἰμι,
1150 1398 1186 1437 μὴ
1213 1397 1399 1437 ἀναλογίζηται
1417 1397 1443 1426 δὲ
1467 1397 1533 1426 αὐτὰ
1549 1398 1605 1425 κατ’
1623 1391 1704 1432 εἶδος,
1722 1395 1767 1425 καὶ

1002 1445 1082 1483 λέγῃ,
1095 1445 1135 1473 ὅτι
1145 1444 1203 1473 τόδε
1214 1444 1259 1472 καὶ
1269 1443 1328 1473 τόδε
1342 1443 1476 1483 ἥμαρτον·
1488 1442 1610 1472 οὐδέποτε
1624 1442 1767 1478 παύσεται,

1003 1491 1043 1519 ἀεὶ
1058 1490 1105 1528 μὲν
1120 1491 1265 1529 ὁμολογῶν,
1282 1489 1423 1529 φροντίζων
1444 1488 1470 1517 δὲ
1487 1488 1611 1518 οὐδέποτε
1633 1489 1681 1522 τῆς
1696 1488 1766 1526 διορ-

1004 1536 1188 1569 θιῖ)σεως.ἸΞὰν
1204 1535 1255 1575 γὰρ
1269 1535 1391 1574 ἄρξηται,
1402 1535 1506 1567 πάντως
1521 1534 1566 1563 καὶ
1578 1533 1611 1562 τὰ
1626 1534 1694 1562 ἄλλα
1709 1532 1769 1562 ἕπε-

1003 1594 1061 1616 ται,
1081 1582 1112 1610 ἂν
1136 1582 1234 1611 εἴσοδον
1249 1581 1422 1615 ἐπιδείξηται·
1438 1582 1574 1619 πανταχοῦ
1593 1579 1645 1618 γὰρ
1663 1582 1680 1615 ἠ
1698 1578 1767 1619 ἀρχὴ

1003 1630 1047 1658 καὶ
1072 1630 1105 1659 τὰ
1126 1630 1251 1669 προοίμια
1278 1629 1400 1658 δύσκολα.
1426 1630 1519 1658 Ταῦτα
1541 1624 1583 1657 οὖν
1607 1628 1768 1658 καταῧαλώ-

245 1730 256 1747 ¹·
273 1734 315 1754 Kal
328 1734 371 1754 ἀπὶ
386 1733 423 1754 τοῦ
444 1734 495 1761 πρὸς
509 1731 566 1756 τοὺς,
582 1729 622 1753 Sic
635 1728 708 1753 Coib.
729 1727 768 1761 [et
778 1734 854 1752 testes
866 1729 937 1752 citati
947 1730 963 1759 j,

211 1774 287 1791 recte.
319 1767 324 1800 [
337 1769 497 1791 nes-uiuimus
530 1767 682 1792 §avilianam
713 1769 863 1799 scripturum
895 1770 965 1791 unice

1017 1727 1123 1761 veram]

631 1873 812 1902 MUTIANO
833 1872 1085 1902 SCHOLASTICO
1107 1873 1356 1904 INTERPRETE.

214 1979 294 2006 syna
309 1971 468 2008 exstinguit
480 1976 601 2007 peccata
615 1980 732 2009 magna.
745 1969 848 1998 Deinde
866 1980 933 2010 opus
953 1977 991 1999 est
1009 1970 1078 1999 nulli
1094 1970 1184 2007 irasci,
1196 1981 1281 2009 neque
1301 1970 1402 1999 malum
1417 1978 1514 2007 tenere,
1530 1971 1654 2000 omnibus
1672 1970 1770 2000 dimit·-

215 2024 270 2046 tere
286 2022 411 2056 peccata:
427 2017 534 2052 Homo,
550 2016 648 2055 inquit,
663 2019 774 2046 homini
788 2019 914 2047 custodit
925 2020 1010 2054 iram,
1023 2025 1051 2047 et
1065 2029 1084 2047 a
1100 2018 1163 2046 Deo
1178 2020 1281 2057 quoerit
1295 2019 1419 2047 salutem
1435 2019 1615 2054 ?Dimittite‚
1629 2025 1659 2047 ut
1674 2019 1770 2047 dimit-

217 2070 297 2093 tatur·
314 2065 409 2092 vobis.
426 2063 462 2091 Et
483 2070 636 2092 convertere
655 2065 749 2093 fratres
762 2065 797 2093 ab
811 2076 899 2094 errore
916 2078 921 2093 :
941 2066 1022 2094 Vade
1039 2065 1128 2100 enim,
1146 2065 1249 2103 inquit,
1266 2072 1295 2093 et
1307 2072 1441 2094 converte
1453 2067 1570 2104 fratres
1587 2072 1661 2102 tuos,
1676 2072 1704 2094 ut
1725 2065 1771 2094 di-

216 2111 358 2139 mittantur
375 2117 482 2150 peecata
503 2117 557 2138 tua.
574 2110 609 2138 Et
630 2111 667 2140 sic
685 2112 756 2141 circa
771 2112 920 2142 sacerdotes
942 2123 1069 2152 germane
1089 2124 1116 2142 se
1134 2113 1194 2151 quis
1210 2112 1316 2141 habeat.
1335 2114 1372 2141 Ac
1395 2112 1417 2141 si
1434 2119 1583 2152 peccatum,
1600 2112 1696 2151 inquit,
1711 2112 1772 2151 quis

216 2157 289 2193 tecit,
305 2156 456 2185 dimittetur
472 2168 478 2183 :
492 2156 514 2184 si
529 2156 599 2184 adsit
616 2157 775 2195 injustitiam
789 2159 899 2198 patienti
916 2173 922 2188 ε
942 2170 994 2188 non
1006 2159 1104 2188 habere
1118 2159 1236 2188 furorem
1246 2181 1255 2196 ‚
1270 2158 1359 2188 omnia
1375 2166 1510 2188 mansuete
1521 2166 1636 2199 portare.

257 2201 328 2231 Vide
346 2201 492 2240 quomodo,
505 2208 647 2240 antequam
661 2203 796 2233 disceretis
811 2206 874 2243 quia
888 2212 974 2245 potest
990 2216 1037 2245 per
1050 2205 1234 2245 poenitentiam
1248 2205 1350 2234 dimitti
1365 2212 1517 2245 peccatum,
1534 2205 1617 2236 veluti
1637 2205 1665 2234 in
1687 2215 1773 2244 agone

215 2248 310 2284 cratis,
323 2248 450 2287 quoniam
464 2258 516 2277 non
525 2255 564 2277 est
577 2248 652 2276 aliud
665 2249 814 2288 lavacrum,
829 2259 853 2280 et
865 2252 1046 2292 desperabatis
1060 2252 1093 2281 de
1105 2251 1192 2282 vobis.
1208 2252 1286 2280 Nunc
1299 2258 1470 2291 agnoscentes
1484 2262 1531 2292 per
1544 2258 1672 2290 quantam
1685 2251 1773 2292 poeni-

216 2295 327 2325 tentiam
338 2302 363 2323 et
375 2295 496 2324 remissio
509 2295 646 2334 impletur,
658 2303 683 2324 et
697 2297 761 2334 quia
775 2299 920 2336 poterimus
933 2300 1022 2328 omnia
1037 2300 1162 2339 effugere,
1175 2299 1198 2328 si
1213 2299 1379 2329 voluerimus
1393 2310 1423 2329 ea
1439 2305 1620 2338 competenter
1631 2299 1671 2328 uti
1682 2310 1688 2326 :
1701 2308 1773 2336 qua-

215 2343 268 2371 lcm
280 2341 443 2372 merebimur
456 2342 562 2372 veniam
571 2365 579 2379 ,
593 2342 640 2380 qui
654 2353 740 2380 neque
754 2344 781 2371 in
795 2345 982 2384 cogitationem
999 2347 1121 2376 venimus
1134 2353 1305 2385 peccatorum
1315 2346 1488 2375 nostrorum?
1498 2345 1530 2375 si
1541 2346 1612 2375 enim
1624 2345 1676 2374 hoc
1689 2351 1772 2381 esset,

217 2391 305 2420 omnia
324 2391 521 2431 perficeremus.
537 2390 613 2420 Sicut
635 2391 706 2420 enim
728 2392 775 2430 qui
796 2393 907 2431 januam
922 2395 1056 2434 ingressus
1072 2395 1169 2431 tuerit,
1183 2396 1240 2435 jam
1254 2394 1326 2423 intus
1340 2401 1394 2423 est:
1408 2394 1446 2423 sic
1459 2393 1567 2433 quando
1587 2393 1695 2433 propria
1709 2393 1772 2431 quis

216 2438 314 2476 cogitat
327 2438 408 2476 mala,
420 2438 500 2467 etiam
516 2438 551 2467 ad
566 2438 728 2468 curationem
747 2449 839 2468 eorum
859 2441 950 2479 utique
963 2442 1058 2471 veniet.
1074 2442 1103 2471 Si
1118 2449 1206 2472 autem
1228 2442 1313 2480 dicat,
1335 2443 1461 2471 Peccator
1481 2452 1551 2476 sum,
1566 2451 1619 2470 non
1639 2447 1728 2469 autem
1740 2451 1770 2469 ea

216 2486 342 2524 recogitet
355 2485 537 2523 consideran59
552 2493 578 2515 ct
591 2486 663 2516 dicat
680 2487 743 2525 quia
757 2487 808 2516 hoc
824 2495 850 2516 ct
862 2488 913 2517 hoc
927 2490 1052 2528 peccavi;
1074 2501 1221 2529 numquam
1237 2490 1349 2520 cessabit
1363 2513 1371 2524 ‚
1387 2499 1490 2529 semper
1503 2487 1612 2527 quidem
1627 2488 1768 2524 confitens,

215 2532 384 2561 correctionis
399 2544 489 2562 curam
504 2543 651 2571 numquam
664 2534 769 2564 faciens.
781 2534 809 2563 Si
825 2534 894 2563 enim
910 2536 1071 2575 principium
1086 2537 1239 2576 posueritiS,
1255 2537 1347 2575 utiquc
1362 2537 1442 2565 ctiam
1456 2542 1549 2565 caetcra
1563 2542 1766 2574 consequentur.

215 2580 270 2609 sive
283 2579 504 2618 ingressuni‚sivc
517 2581 622 2610 initium
637 2581 697 2620 quis
712 2582 855 2612 ostenderit
877 2593 881 2608 z
902 2583 1000 2621 ubique
1019 2584 1090 2613 cuim
1107 2584 1238 2625 principia
1254 2591 1277 2614 et
1289 2584 1398 2614 exordia
1411 2582 1534 2612 difficilia
1547 2590 1616 2612 sunt.
1630 2583 1694 2613 Haec
1705 2593 1766 2623 ergo
