1906 2846
241 209 307 252 3³}
568 216 596 237 5.

625 214 764 237 ,ΙΟᾹΝΝΙΞ
792 212 973 236 ΕΗΙὶΥὲΟΞΤ.
1005 214 1161 235 ,mennith
1191 213 1460 236 ΕΟΝΞΤᾸᾸΤΙΝΟΙ).

237 281 325 310 onmia
342 287 402 309 suut
422 286 627 317 supervacanea.
644 275 720 304 Nihil
741 281 779 303 est
799 273 981 304 necessarium
1013 290 1018 294 ·
1035 274 1085 313 γάρ
1099 286 1155 312 μοι,
1168 276 1214 303 οὐκ
1225 274 1276 302 εἷο-ί
1290 287 1356 307 τινες
1370 275 1438 313 μετὰ
1452 275 1554 304 παίδων
1567 276 1612 305 καὶ
1627 279 1746 315 γυναικὸς
1758 279 1803 307 ἕνα

238 339 284 357 uec
299 328 358 356 usui
375 326 492 354 serviens
507 324 534 352 111
557 323 607 359 115,
624 323 680 350 51110
695 322 795 360 quihus
808 321 901 350 vivere
915 331 981 360 pos·
1035 316 1105 350 οἶκον
1125 320 1243 360 ἔχοντες
1254 320 1396 350 Ἔστωσαν
1418 321 1463 357 δὲ,
1488 323 1510 350 εἰ
1532 322 1631 361 βούλει,
1646 323 1692 351 καὶ
1715 326 1806 356 παῖδες

237 382 346 406 sumus3
362 381 391 398 ea
414 376 475 397 sunt
490 377 702 406 supervacanea,
719 372 744 394 et
759 371 835 394 extra
851 364 982 404 superad—
998 369 1017 390 D
1035 365 1089 395 δύο,
1103 366 1156 395 Καὶ
1170 369 1226 399 πῶς
1238 368 1286 395 Οὐχ
1301 366 1410 406 αἷσχρνη
1421 389 1428 403 ‚
1446 367 1538 406 φησὶν,
1557 367 1613 396 {va-⁸¹.
1633 368 1663 396 ’rb
1678 368 1745 406 μετὰ
1761 369 1806 397 δύο

236 415 302 443 (lita.
320 412 393 450 Quid
409 414 443 441 sit
462 422 526 450 ergo
547 411 574 439 id
588 434 596 445 ,
619 411 675 439 sine
696 420 748 448 quo
772 420 825 438 non
848 409 982 448 possimus

237 460 326 488 vivere
335 482 342 495 ‚
354 459 494 487 videamus
505 480 512 493 ,
526 457 547 486 si
564 457 661 496 placet.
675 455 704 484 Si
719 456 789 484 solos
803 457 871 483 duos
883 454 981 483 habea-

237 516 295 534 mus
317 505 448 540 famulos,
468 513 610 543 possumus
635 502 737 531 vivere.
758 503 829 530 Nam
851 501 899 529 ubi
919 507 982 529 sunt

235 552 319 590 aliqui
334 552 379 590 qui
396 552 490 580 vivunt
504 551 604 588 absque
618 548 740 585 famulis,
756 559 837 587 quam
850 548 982 577 habemus

237 609 283 626 nos
298 598 506 633 excusationem,
522 596 544 625 si
557 606 609 624 non
623 595 707 623 simus
722 594 838 623 contenti
852 594 982 622 duobus?

238 646 381 673 Possumus
396 644 476 672 etiam
492 654 526 671 ex
541 641 670 670 lateribus
682 641 781 670 habere
793 641 907 670 domum
919 651 982 669 con-

237 697 364 719 structam
388 690 470 718 trium
492 688 709 717 habitaculorum
728 700 733 715 :
753 694 777 716 et
803 687 855 716 hoc
882 687 984 716 sufficit

237 737 324 767 nobis.
342 737 391 765 Dic
405 736 476 764 enim
490 735 572 773 mihi,
587 745 675 763 annon
687 741 749 763 sunt
762 734 847 772 aliqui
861 735 983 772 quicum

236 785 328 812 liberis
349 790 374 812 et
389 793 472 811 uxore
494 793 574 810 unam
588 781 687 810 habent
710 781 842 810 domum?
857 775 917 810 Sint
932 791 983 809 au-

236 837 306 864 tem,
331 829 353 858 si
376 829 457 867 velis,
474 829 554 857 etiam
575 828 630 857 duo
655 828 758 857 famuli.
775 829 810 857 Et
830 826 983 865 quomodo,

238 875 358 913 inquies,
376 886 428 904 11011
451 882 489 903 est
511 874 600 914 pudor
621 874 767 913 ingenuam
783 873 905 902 incedere
922 883 984 902 cum

237 923 344 952 duobus
368 923 497 951 famulis?
514 925 622 962 Apage,
639 933 692 951 non
706 929 744 951 est
759 921 848 962 pudor
861 922 983 960 ingenuae

238 969 360 998 incedere
375 980 436 997 cum
450 969 557 997 duobus
574 968 682 996 famulis
691 991 698 1004 ,
714 968 760 996 5011
773 968 861 1007 pudor
871 975 909 996 est
922 979 985 1007 pro-

1035 413 1142 441 οἷκετῶν
1161 412 1209 448 τὴν
1232 412 1369 451 ἐλευθέραν
1396 412 1531 451 βαδίζειν,
1545 412 1662 452 Ἄπαγε,
1683 415 1730 442 οὐκ
1750 414 1807 442 ἔστι

1035 461 1111 487 τοῦτο
1131 458 1254 497 aivam,
1271 458 1338 496 μετὰ
1359 458 1402 487 δύο
1414 460 1523 487 οἰκετῶν
1546 459 1594 495 τὴν
1615 459 1750 499 ἐλευθέραν
1763 461 1808 498 βα-

1035 504 1130 540 δίζειν,
1146 505 1204 533 ἀλλ’
1221 503 1333 544 αἰσχύνη
1352 505 1407 534 ἐστὶ
1422 505 1452 534 τὸ
1468 505 1534 543 μετὰ
1555 507 1660 535 πολλῶν
1677 505 1806 545 προϊέναι.

1016 551 1117 593 ὃΤοὶχοι
1131 552 1226 589 γελᾶτε
1247 551 1344 579 τούτων
1360 551 1506 584 ἀκούοντες.
1529 552 1710 586 Πιστεύω-ατε,
1730 552 1807 580 τοῦτο’

998 605 1017 626 Α
1036 599 1106 627 ἔστιν
1122 598 1247 637 αἰσχύνη,
1262 598 1292 627 τὸ
1307 598 1375 636 μετὰ
1394 600 1498 627 πολλῶν
1519 598 1649 638 προϊέναι.
1663 598 1769 638 ’Ὠσπερ
1782 601 1805 628 οἱ

1036 644 1259 683 προῧατοττῶλαι,
1273 644 1290 679 ἢ
1306 644 1397 684 ὥσπερ
1413 646 1435 673 οἱ
1456 647 1508 673 τῶν
1524 645 1693 684 ἀνδραπόδων
1715 645 1806 680 κάπη-

1035 692 1094 726 λοι,
1107 690 1175 719 οὕτω
1189 691 1257 729 μέγα
1270 703 1295 719 τι
1310 693 1416 729 ἡγεῖσθε
1430 690 1460 719 τὸ
1475 690 1541 729 μετὰ
1555 690 1682 720 πλειόνων
1697 692 1805 720 οἰκετῶν

1034 737 1162 776 προϊέναι.
1178 738 1266 776 Τῧφος
1277 741 1354 767 τοῦτο
1368 737 1413 766 καὶ
1428 736 1561 770 κενοδοξία
1573 749 1579 755 ·
1596 738 1680 766 ἐκεῖνο
1699 739 1806 776 φιλοσο-

1036 783 1082 822 φία
1103 783 1147 812 καὶ
1170 783 1307 821 σεμνότης.
1321 782 1379 818 Τὴν
1399 783 1450 822 γὰρ
1467 783 1604 823 ἐλευθέραν
1619 784 1667 812 οὖν.
1687 782 1739 812 ἀπὸ
1761 786 1806 812 τοῦ

1036 829 1151 863 πλήθους
1174 831 1226 857 τῶν
1252 829 1400 858 ἀκολούθων
1423 829 1559 868 φαίνεσθαι
1587 830 1644 858 δεῖ·
1666 828 1731 858 ποία
1754 828 1806 868 γὰρ

1037 873 1118 913 ἀρετὴ
1136 875 1287 913 ἀνδράποδα
1308 874 1378 914 ἔχειν
1393 875 1494 911 πολλά,
1509 877 1595 904 Τοῦτο
1615 877 1661 904 οὐκ
1682 874 1737 903 ἔστι
1756 875 1808 913 ψυ-

1036 923 1086 959 χῆς
1098 933 1104 938 ·
1117 920 1182 959 ὅπερ
1197 920 1223 949 δὲ
1238 921 1285 948 οὔκ
1300 920 1354 949 ἔστι
1367 922 1463 960 ψυχῆς,
1478 922 1506 950 οὗ
1519 921 1648 950 δείκνυσιν
1661 919 1807 958 ἐλευθέραν.

1038 966 1123 996 ςὈτοιν
1145 967 1241 1005 ὀλίγοις
1261 968 1391 1005 ἀρκῆται,
1407 967 1465 995 τότε
1480 967 1550 995 §ra-tv
1566 966 1688 1006 ἐλευθέρα
1708 965 1789 998 ὄντως
1801 977 1807 983 ·

238 1015 330 1044 cedere
344 1027 405 1044 cum
420 1015 522 1044 multis.
547 1015 671 1043 Fortasse
692 1015 786 1043 ridetis
801 1014 859 1042 haec
872 1014 984 1042 audien·
1038 1012 1099 1041 ὅταν
1118 1012 1144 1041 δὲ
1159 1014 1264 1041 πολλῶν
1280 1013 1387 1048 δέηται,
1404 1012 1481 1049 δούλη
1501 1014 1555 1042 ἐστὶ
1571 1013 1615 1042 καὶ
1638 1010 1807 1052 ἀνδραπόδων

238 1069 285 1090 tes.
303 1061 428 1096 Credite,
442 1061 493 1089 1100
515 1067 554 1089 est
578 1059 674 1100 pudor⁷
692 1070 754 1088 cum
775 1059 868 1088 multis
890 1070 985 1098 proce-
1004 1061 1019 1084 B
1037 1058 1142 1097 χείρων.

237 1107 308 1136 dere.
323 1107 400 1137 Sicut
415 1107 461 1145 qui
476 1117 538 1135 oves
552 1106 675 1135 vendunt
685 1129 693 1141 ,
710 1112 756 1134 aut
770 1106 839 1134 sicut
852 1116 986 1144 caupona-

239 1161 311 1183 tores
326 1153 532 1193 mancipiorum,
545 1163 674 1191 magnum
689 1151 829 1191 quidpiam
845 1152 985 1180 existima-

239 1199 272 1228 tis
293 1199 438 1239 procedere
457 1209 518 1227 cum
535 1198 628 1227 multis
643 1197 761 1226 famulis.
779 1198 836 1226 Hoc
850 1204 888 1226 est
901 1198 985 1226 fastus

239 1252 264 1274 ct
278 1245 365 1273 inanis
377 1244 463 1283 gloria
477 1257 482 1272 :
496 1243 565 1272 illud
579 1251 617 1273 est
631 1243 803 1283 philosophia
816 1250 840 1272 et
852 1243 983 1272 honestas.

240 1291 311 1319 Nam
330 1291 474 1329 ingenuam
490 1301 542 1319 non
566 1301 600 1318 ex
623 1289 796 1318 multitudine
811 1289 985 1329 pedissequo—

240 1347 301 1365 rum
320 1347 449 1376 apparere
464 1343 567 1376 oportet
584 1349 589 1364 ε
605 1347 664 1374 quae
685 1336 755 1364 enim
771 1343 808 1364 est
829 1336 917 1365 virtus
938 1336 985 1364 illa

240 1382 325 1410 multa
349 1382 448 1411 habere
472 1381 630 1421 mancipia?
656 1382 713 1410 Hoc
735 1392 787 1409 non
814 1388 852 1410 est
871 1381 984 1409 animae:

240 1429 313 1468 quod
333 1437 423 1458 autem
443 1440 494 1458 non
510 1437 547 1458 051
564 1429 674 1467 animas,
696 1439 749 1457 non
772 1428 886 1457 ostendit
910 1429 985 1467 inge-

240 1486 334 1504 nuam.
349 1475 463 1511 Quando
478 1483 516 1504 est
529 1476 622 1515 paucis
637 1482 757 1504 contenta
768 1498 777 1513 ,
795 1482 857 1503 tune
870 1486 932 1504 vere
947 1483 985 1504 est

240 1523 354 1562 ingenua
371 1536 376 1551 :
392 1523 500 1562 quando
521 1530 609 1552 autem
626 1530 684 1562 eget
699 1523 810 1561 multis,
826 1531 864 1552 est
887 1523 983 1552 ancilla

240 1576 265 1598 et
277 1569 394 1598 deterior
408 1569 559 1609 mancipiis.

279 1616 306 1644 5.
324 1616 376 1644 Dic
397 1615 477 1653 mihi,
493 1615 579 1654 angeli
606 1625 694 1644 annon
718 1615 768 1644 soli
793 1615 886 1644 orbem
906 1622 983 1644 terrae

1077 1616 1146 1646 Εἰπέ
1160 1629 1218 1655 μοι,
1237 1619 1261 1646 οἱ
1278 1617 1384 1656 ἄγγελοι
1401 1617 1460 1657 οὐχὶ
1481 1617 1554 1655 μόνοι
1577 1619 1749 1656 περιπολοῧσι
1762 1616 1810 1653 τὴν

242 1661 351 1699 obeunt,
368 1668 394 1690 et
411 1672 463 1690 non
483 1668 559 1700 egent
575 1661 666 1700 aliquo
681 1662 725 1700 qui
743 1661 776 1690 sit
795 1672 839 1690 cos
853 1669 981 1700 sequutu-

1035 1663 1210 1701 οἰκουμένην,
1236 1663 1280 1691 καὶ
1302 1665 1331 1692 οὗ
1355 1664 1457 1693 δέονται
1476 1664 1578 1697 οὐδενὸς
1597 1667 1642 1692 τοῦ
1663 1663 1808 1703 ἑψομένους

656 1766 835 1795 MUTIANO
858 1766 1116 1796 SCHOLASTICO
1138 1767 1392 1796 INTERPRETE.

240 1859 396 1888 vestimenta
420 1858 522 1895 serica,
541 1864 636 1886 cuncta
656 1858 712 1886 hoec
729 1868 857 1896 cognosce
873 1858 1009 1898 superflua
1023 1871 1028 1886 ι
1045 1859 1225 1888 necessarium
1249 1858 1345 1887 horum
1369 1858 1438 1887 nihil
1452 1866 1504 1895 est,
1525 1859 1567 1888 vel
1589 1870 1655 1898 quos
1667 1861 1678 1900 [
1692 1861 1712 1889 l.
1733 1863 1809 1900 quo]

242 1918 304 1935 usus
318 1906 452 1945 indigeat,
468 1906 510 1935 vel
524 1906 581 1934 51110
593 1905 692 1944 quibus
706 1906 799 1935 vivere
814 1916 865 1935 non
884 1906 982 1935 valeas.
1000 1907 1063 1936 Haec
1081 1917 1144 1946 ergo
1166 1907 1302 1946 superflua
1316 1917 1372 1935 esse
1385 1917 1527 1945 cognosce,
1542 1913 1568 1935 et
1581 1907 1669 1936 omnia
1689 1918 1749 1946 quae
1763 1919 1811 1937 ex-

241 1954 322 1982 terius
337 1954 460 1994 adjacent
476 1953 571 1991 nobis,
588 1960 613 1982 et
626 1953 682 1982 sine
694 1953 793 1991 quibus
808 1953 901 1982 vivere
915 1965 1075 1994 possumu53
1092 1955 1228 1994 superflua
1242 1965 1297 1983 esse
1313 1961 1416 1983 certum
1431 1961 1480 1983 est.
1498 1953 1650 1984 Videamus
1671 1955 1773 1994 itaque,
1788 1956 1810 1984 si

240 2002 342 2041 placet,
365 2002 387 2030 si
405 2001 474 2030 50105
497 2001 565 2030 111105
587 2011 678 2030 servos
693 2001 857 2038 habeamus,
879 2009 972 2030 utrum
993 2002 1086 2031 vivere
1103 2002 1246 2042 possimus.
1264 2003 1358 2031 Nonne
1374 2008 1436 2030 sunt
1458 2001 1586 2041 plurimi,
1609 2001 1657 2040 qui
1677 2002 1734 2031 sine
1756 2013 1810 2032 ser-

241 2049 312 2078 vulis
329 2049 448 2078 vivunt?
463 2049 578 2084 Qualem
601 2059 664 2087 ergo
690 2059 739 2077 nos
761 2049 960 2078 excusationem
985 2049 1083 2078 habere
1097 2060 1260 2090 possumus,
1286 2049 1386 2088 quibus
1410 2059 1463 2077 non
1486 2049 1624 2078 sufficiunt
1644 2049 1700 2078 duo
1714 2050 1810 2079 servi?

242 2098 386 2126 Possumus
400 2097 479 2125 etiam
494 2096 605 2124 domum
627 2107 659 2124 ex
681 2096 811 2125 lateribus
823 2097 923 2126 habere
936 2104 1133 2134 constructam,
1150 2097 1204 2126 duo
1219 2098 1262 2126 vel
1277 2097 1328 2125 tria
1342 2096 1496 2125 habitacula
1519 2095 1720 2125 concludentem
1730 2120 1739 2133 ,
1752 2108 1811 2136 quae

243 2145 303 2173 usui
337 2151 427 2173 nostro
455 2144 602 2172 sufficiant.
628 2145 722 2172 Nonne
750 2151 811 2172 sunt
841 2144 922 2172 etiam
951 2144 1086 2183 plerique,
1105 2145 1152 2183 qui
1175 2155 1237 2173 cum
1268 2144 1332 2172 filiis
1353 2151 1378 2172 et
1398 2154 1482 2172 uxore
1513 2154 1598 2172 unum
1624 2144 1811 2173 habitaculum

243 2191 402 2231 possident?
427 2191 488 2220 Sint
522 2191 574 2219 tibi
602 2191 700 2227 etiam,
722 2191 743 2219 si
765 2191 901 2227 volucris,
925 2191 1002 2231 pueri
1033 2191 1097 2220 duo.
1120 2191 1171 2221 Sed
1206 2191 1341 2225 confusio,
1368 2191 1470 2229 inquit,
1492 2197 1544 2227 est,
1567 2191 1589 2219 si
1614 2201 1675 2219 cum
1705 2191 1812 2220 duobus

243 2238 358 2267 servulis
382 2245 503 2266 matrona
528 2237 665 2276 procedat.
682 2238 741 2266 Non
766 2245 804 2266 est
821 2238 957 2274 confusio,
973 2238 1020 2267 sed
1044 2238 1129 2277 magis
1153 2238 1274 2267 confusio
1297 2244 1334 2266 est
1350 2248 1411 2266 eum
1434 2237 1560 2277 plurimis
1581 2238 1730 2268 ambulare.
1745 2238 1814 2268 For-

244 2284 320 2312 tassis
343 2284 413 2312 enim
434 2284 513 2312 etiam
536 2283 654 2312 irridetis
673 2283 731 2311 haec
746 2283 894 2312 audientes.
921 2283 1028 2313 Credite
1048 2285 1116 2313 mihi
1140 2285 1203 2323 quia
1223 2285 1279 2313 haec
1299 2291 1337 2312 est
1361 2283 1493 2312 confusio.
1511 2283 1598 2312 Sicuti
1622 2283 1813 2313 nundinatores

245 2340 386 2369 pecorum,
399 2330 443 2359 vel
464 2330 533 2359 sicut
548 2340 679 2369 caupones
700 2330 836 2359 venalium
854 2330 1040 2368 servulorum,
1055 2331 1092 2360 ita
1107 2341 1235 2370 magnum
1250 2331 1301 2359 hoc
1321 2331 1423 2370 putatis
1437 2341 1499 2359 cum
1514 2330 1598 2359 servis
1613 2330 1738 2370 plurimis
1750 2341 1813 2359 am-

246 2377 347 2406 bulare.
366 2377 482 2417 Typhus
498 2385 537 2406 est
553 2377 643 2414 istud,
665 2384 690 2405 et
712 2387 780 2406 vana
800 2377 885 2415 gloria
903 2390 908 2405 ε
927 2378 997 2406 1111111
1018 2385 1107 2407 autem
1119 2378 1293 2418 philosophia
1313 2385 1339 2407 et
1358 2378 1468 2407 honesta
1488 2377 1645 2407 moderatio.
1659 2379 1812 2406 Matronam

247 2425 346 2464 quippe
366 2436 418 2454 non
437 2436 471 2453 ex
486 2425 676 2454 numerositate
690 2434 830 2453 servorum
847 2424 972 2454 condecet
987 2436 1115 2465 apparere
1132 2437 1138 2453 :
1155 2437 1215 2464 quae
1230 2436 1344 2464 namque
1363 2425 1407 2454 vel
1421 2425 1521 2462 virtus,
1535 2425 1579 2455 vel
1599 2425 1659 2453 laus
1671 2431 1710 2453 est
1722 2435 1812 2454 servos

248 2472 379 2510 plurimos
402 2473 562 2511 possidere?
586 2474 643 2501 Hoc
666 2472 766 2511 quippe
789 2471 823 2499 ad
846 2472 963 2500 animam
985 2484 1037 2502 non
1059 2474 1171 2513 pertinet
1188 2486 1194 2501 τ
1209 2473 1283 2512 quod
1309 2479 1398 2501 autem
1417 2472 1452 2500 ad
1473 2472 1591 2501 animam
1611 2482 1663 2500 11011
1685 2471 1811 2511 pertinet,

249 2518 353 2546 nullum
376 2519 492 2547 ostendit
508 2519 640 2548 libertatis
663 2518 706 2548 vel
729 2518 875 2547 honestatis
897 2518 1038 2548 indicium.
1054 2519 1169 2555 Quando
1191 2520 1261 2549 enirn
1283 2519 1374 2559 parvis
1393 2525 1512 2547 contenta
1535 2525 1586 2554 est,
1603 2524 1668 2546 tunc
1679 2527 1706 2546 se
1719 2528 1812 2547 veram

250 2572 398 2594 matronam
412 2577 467 2595 esse
481 2567 599 2596 declarat
615 2579 621 2595 :
637 2567 744 2606 quando
756 2577 821 2597 vero
833 2567 926 2595 multis
938 2567 1056 2606 indiget,
1072 2575 1135 2596 tunc
1149 2578 1212 2598 vere
1225 2567 1321 2596 ancilla
1336 2574 1389 2602 est,
1405 2566 1562 2604 ancillisque
1573 2564 1697 2594 deterior.

289 2611 340 2640 Dic
355 2611 424 2640 cuim
441 2613 519 2651 mihi,
536 2624 621 2643 nonne
636 2613 722 2653 angeli
736 2613 785 2643 soli
801 2621 886 2643 totum
901 2614 1035 2644 mundum
1048 2614 1225 2653 circumeunt,
1242 2621 1267 2643 et
1283 2613 1447 2653 pedissequis
1462 2612 1544 2641 nullis
1554 2618 1631 2651 egent
1643 2611 1656 2639 ἔ)
1670 2621 1735 2640 1111111
1747 2621 1809 2650 pro-
