1886 2846
233 201 275 235 28

230 275 310 303 sionis
321 288 326 303 :
337 275 359 303 si
371 274 442 303 enim
453 274 579 303 voluisset
590 275 740 314 significare
750 274 965 311 diminutionem,

229 331 281 348 non
292 320 416 355 dixisset,
429 320 459 347 :l
471 321 592 354 dextris,
603 320 665 356 sed,
678 322 699 349 A
711 321 833 349 sinistris.
847 321 874 349 4.
891 321 966 348 Tan-

230 373 268 402 to,
283 366 377 404 inquit,
390 367 492 394 melior
503 366 615 405 angelis
629 367 765 405 effectus,
787 373 897 405 quanto
908 366 961 403 dif-

549 213 576 236 S.
605 212 743 237 JOANNJS
769 213 948 236 Ctttu'sosT.

219 413 368 451 ser-entius
383 422 443 450 proe
460 412 520 440 illis
542 422 647 440 nomen
668 413 851 440 hereditavit.
875 409 963 446 Illud,
981 430 991 446 ἶ

228 459 381 496 Effectus,
396 457 440 486 hic
451 464 489 486 est
502 468 550 496 pro
569 457 717 486 declaratus
738 458 781 486 vel
799 457 965 484 demonstra-

231 510 287 539 tus,
305 511 333 532 ut
349 503 386 532 ita
400 502 497 531 dicam.
516 502 619 531 Deinde
636 502 664 531 id
678 502 825 531 confirmat.
845 502 965 536 Quomo-

229 548 345 578 do?Ex
365 549 480 578 nomine.
502 549 586 578 Vides
604 548 674 586 quod
693 557 786 575 nomen
804 546 899 581 Filius,
919 556 965 574 so-

77 599 145 619 rums
175 594 266 623 Deilet:
289 595 440 634 significare
465 593 687 633 germanitatem?
712 592 746 620 Et
768 598 852 628 certe,
873 591 895 619 si
913 601 966 620 non

74 630 144 651 fmus
156 635 188 652 est

77 666 162 685 natura¹
175 669 218 682 nou

230 648 296 669 esset
324 651 465 680 germanus
486 640 578 674 Filius,
608 649 660 666 non
681 638 716 666 ita
740 637 866 675 loquutus
891 644 965 666 esset.

74 697 142 717 aza-na
170 697 219 714 tan—
231 687 345 722 Quare?
362 687 431 722 Quia
454 695 595 725 germanus
606 684 640 712 ob
655 683 723 712 nihil
737 683 814 712 aliud
829 690 868 712 est
886 695 967 722 quam

74 727 129 743 tum.

229 740 360 771 quatenus
371 739 408 761 est
420 742 451 760 ex
464 732 520 769 ipso
534 741 540 756 :
555 729 638 768 igitur
649 739 683 757 ex
693 739 723 757 eo
733 729 882 758 confirmat.
896 730 965 758 Nam

228 780 249 808 si
262 787 300 808 est
313 779 397 817 gratia
406 777 505 812 Filius,
515 786 567 804 non
577 775 664 804 solum
675 785 726 804 non
739 782 776 804 est
787 775 886 814 angelis
898 786 965 814 pra:-

227 825 352 860 stantior,
374 821 419 850 sed
434 821 513 850 etiam
539 821 635 849 minor.
653 820 817 856 Quomodo?
831 821 965 857 Quoniam

227 869 346 898 homines
360 878 466 906 quoque
477 866 544 906 justi
562 866 650 895 vocati
664 872 725 894 sunt
738 865 804 903 filii;
826 873 852 894 et
869 876 965 895 nomen

228 915 292 951 filii,
310 914 358 942 nisi
374 913 408 942 sit
422 913 493 941 filius
508 911 633 952 proprius
646 919 671 941 et
683 922 823 950 germanus
835 935 841 948 ⁷
854 922 906 940 non
917 922 966 951 po-

228 967 277 989 test
293 959 430 989 ostendere
442 958 636 988 excellentiam.
654 958 690 986 Et
703 965 732 986 ut
748 958 879 997 significet
894 958 966 996 quod

227 1006 261 1034 sit
271 1005 393 1044 quaedam
401 1004 552 1034 differentia
565 1011 747 1033 creaturarum
758 1011 783 1032 et
797 1004 911 1043 opificis,
921 1004 963 1033 vi-

227 1051 260 1080 de
272 1051 336 1090 quid
346 1051 417 1080 dicat
430 1063 435 1078 :
448 1051 476 1079 5.
490 1051 545 1079 Cui
557 1052 632 1078 enim
646 1051 720 1078 dixit
737 1050 899 1088 aliquando
912 1060 965 1078 an-

224 1099 365 1136 gelorum,
371 1097 467 1125 Filius
477 1106 557 1125 meus
568 1106 597 1125 es
607 1103 649 1130 tu,
663 1106 713 1134 ego
723 1096 809 1123 hodie
818 1097 907 1134 genui
918 1101 944 1123 te
953 1098 966 1122 Ρ

226 1150 251 1172 et
269 1154 377 1179 rursus,
392 1144 455 1181 Ego
469 1152 518 1170 ero
532 1142 578 1169 illi
590 1143 622 1169 in
635 1142 756 1169 Patrem
766 1162 773 1176 ‚
795 1146 821 1168 et
838 1143 898 1179 ipse
911 1142 965 1169 erit

226 1190 299 1217 mihi
311 1191 342 1217 ι’·η,
357 1189 476 1217 Filium.
497 1187 560 1215 Haec
579 1186 612 1214 de
626 1196 703 1214 carne
718 1185 790 1214 dicta
804 1192 865 1214 sunt
877 1186 963 1214 :illud

227 1234 314 1270 enim,
327 1235 391 1272 Ego
401 1243 449 1261 ero
461 1233 508 1260 illi
519 1234 551 1260 in
562 1233 696 1267 Patrem,
712 1237 740 1259 et
754 1233 814 1269 ipse
827 1233 879 1259 erit
892 1232 964 1259 milti

225 1282 258 1307 in
274 1280 396 1315 Filium,
419 1277 628 1306 incarnationem
645 1276 781 1305 declarat:
794 1276 844 1304 hoc
860 1283 962 1312 autem,

224 1325 320 1354 Filius
334 1334 414 1352 meus
433 1334 463 1352 es
479 1330 523 1359 tu,
544 1322 614 1351 nihil
636 1321 711 1350 aliud
725 1321 859 1360 significat
881 1332 963 1360 quam

223 1371 296 1409 quod
310 1381 344 1399 ex
358 1370 416 1409 ipso
436 1369 478 1397 sit.
501 1369 576 1397 Sicut
589 1368 662 1396 enim
681 1367 782 1395 dicitur
802 1367 847 1403 ὤν,
864 1367 892 1395 id
908 1374 962 1402 est,

222 1416 270 1455 qui
285 1423 333 1453 est,
350 1426 365 1444 a
378 1414 501 1454 pra-senti
517 1421 650 1453 tempore;
666 1413 717 1441 hoc
729 1413 799 1441 enim
810 1413 861 1452 ipsi
876 1413 962 1451 magis

222 1462 344 1491 convenit
357 1473 363 1490 :
379 1461 414 1489 ita
429 1460 508 1488 etiam
522 1459 605 1495 illud,
621 1459 731 1495 Hodie,
746 1459 791 1488 hic
804 1458 872 1486 mihi
887 1458 961 1487 vide-

222 1516 264 1538 tur
273 1509 375 1537 dictum
384 1518 438 1537 esse
447 1507 480 1536 de
493 1517 579 1536 carne.
590 1507 658 1535 Nam
670 1506 777 1544 quando
791 1517 849 1535 eam
863 1517 961 1546 appre-

220 1555 358 1590 henderit,
383 1554 418 1584 de
433 1560 526 1583 caetero
548 1553 636 1582 omnia
652 1553 748 1581 effatur
767 1563 867 1582 secure.
891 1553 959 1582 Caro

221 1603 291 1632 enim
310 1609 348 1631 est
361 1602 493 1642 particeps
507 1601 630 1638 altorum,
647 1601 716 1630 sicut
730 1607 754 1630 et
766 1600 896 1631 divinitas
910 1601 959 1629 hu-

253 1700 263 1711 0
281 1692 377 1727 [Iidem
389 1698 474 1724 γνήσιος
485 1695 531 1721 M
545 1696 588 1720 υἱέ,-
597 1698 602 1704 “
616 1695 703 1723 γνησίου
714 1693 737 1716 δὲ
747 1693 807 1716 οὐδὲν
819 1693 895 1723 ἕτερόν
904 1695 970 1721 ἐστιν,

220 1735 272 1758 ἀλλ’
286 1736 299 1761 ἦ
312 1736 336 1761 ἐξ
347 1734 426 1757 αὐτοῦ·
441 1738 500 1762 πῶςῆ
511 1735 556 1757 ἀπὸ
571 1733 650 1756 τούτου
663 1734 735 1763 (epp.
750 1733 768 1754 sl
778 1734 821 1764 γὰρ
831 1734 916 1763 χάριτι.
929 1729 969 1753 51-

979 213 997 235 Λ
1003 214 1120 236 Retulit>
1126 228 1133 235 .
1163 213 1416 238 CONSTANTINOP
1422 230 1429 237 .

984 1039 1000 1061 B

1022 274 1075 310 Τὸ,
1085 274 1238 312 Γενόμενος,
1250 276 1359 304 ἐνταῦθα
1371 277 1428 305 ἀντὶ
1439 279 1499 311 τοῦ,
1515 277 1692 316 ἀποδειχθεὶς,
1707 279 1741 311 ὡς
1752 278 1784 307 ἂν

1021 331 1088 359 εἴποι
1100 343 1153 367 τις,
1168 331 1246 360 ἐστίν.
1258 327 1326 361 Εἶτα
1340 333 1384 362 καὶ
1394 334 1591 374 ὃιισχυρίζεται.
1605 335 1706 371 Πόθεν;
1720 336 1784 365 'Ano

1020 390 1064 416 τοῦ
1079 388 1213 426 ὀνόματος.
1229 388 1310 429 (Ορξίς
1323 390 1364 419 ὅτι
1385 387 1437 420 οἶδε
1460 393 1504 429 τὸ,
1525 394 1603 429 Υἱὸς,
1626 393 1708 431 ὄνομα
1734 393 1786 431 τὴν

1019 444 1178 482 γνησιότητα
1190 446 1297 482 δηλοῧν;
1312 447 1363 476 Καὶ
1379 447 1441 486 μὴν,
1453 451 1476 477 εἷ
1491 449 1527 487 μὴ
1539 453 1549 465 ³
1564 450 1669 488 γνήσιος
1682 446 1724 486 ἦν,
1737 451 1784 479 οὐκ

1019 501 1048 530 ἂν
1069 505 1145 531 τοῦτο
1158 498 1224 532 εἷπε.
1239 504 1397 540 Πῶς;”Ὀτι
1419 507 1451 534 δι’
1475 507 1547 535 οὐδὲν
1569 507 1655 546 ἕτερον
1678 508 1784 546 γνήσιός

1020 561 1100 596 ἔστιν,
1115 563 1173 590 ἀλλ’
1189 562 1247 596 ἢτὸ
1261 563 1286 596 ἐξ
1306 565 1384 593 αὐτοῦ
1403 560 1478 593 εἶναι.
1502 565 1566 594 Ἀπὸ
1585 566 1676 595 τούτου
1697 567 1783 595 τοίνυν

1021 618 1190 657 ἰσχυρίζεται.
1208 621 1240 648 Εἰ
1261 620 1288 649 δὲ
1311 621 1403 660 χάριτί
1418 624 1487 651 ἔστιν
1504 622 1582 658 Υἱὸς,
1604 625 1633 652 οὗ
1653 624 1730 661 μόνον
1753 625 1782 652 οὗ

1022 677 1227 717 διαφορώτερος,
1252 680 1320 709 ἀλλὰ
1344 681 1388 710 καὶ
1412 682 1527 710 ἐλάττων
1552 682 1621 711 ἐστὶν
1645 682 1763 722 ἀγγέλων
1775 694 1780 699 ·

1021 736 1089 771 πῶςς
1102 735 1167 764 ‘'O-tt
1181 736 1226 764 καὶ
1240 736 1371 776 ἅνθρωποι
1382 739 1478 768 δίκαιοι
1490 740 1640 775 ἐκλήθησαν
1655 739 1705 769 υἱοὶ
1714 762 1722 776 ,
1737 739 1783 768 καὶ

1020 794 1050 823 τὸ
1065 794 1117 827 υἱὸς
1129 795 1225 833 ὄνομα,
1243 796 1273 824 ἂν
1291 797 1327 834 μὴ
1339 798 1443 836 γνήσιος
1457 795 1490 838 ᾗ,
1503 800 1550 828 οὐκ
1561 798 1644 838 ἷσχῦει
1659 798 1740 832 δεῖξαι
1751 799 1782 827 τὸ

1020 852 1150 892 διάφορον.
1165 854 1217 882 Καὶ
1232 855 1316 889 δηλῶν
1329 855 1368 884 ὅτι
1381 856 1491 896 διαφορά
1504 857 1543 890 τίς
1557 858 1612 886 ἐστι
1630 856 1782 894 κτισμάτων

1020 910 1065 938 καὶ
1079 911 1236 951 δημιουρ-(οῦ
1245 934 1253 948 ,
1265 911 1375 941 ἄκουσον
1389 914 1413 942 τί
1423 926 1487 953 φησι
1496 926 1502 932 ·
1514 915 1575 943 Τίνι
1586 915 1637 954 γὰρ
1648 910 1706 943 εἶπέ
1718 925 1782 942 ποτε

1019 971 1071 997 τῶν
1083 969 1208 1007 ἀγγέλων,
1225 970 1286 1003 Υἱός
1296 982 1346 1009 μου
1359 967 1383 999 εἶ
1396 971 1440 1007 σὺ,
1452 971 1504 1010 ἐγὼ
1514 972 1628 1012 σήμερον
1638 971 1781 1010 γεγέννηκά

1019 1041 1063 1064 σε;
1077 1028 1121 1057 καὶ
1135 1029 1224 1065 πάλιν,
1244 1028 1316 1068 Ἐγὼ
1337 1030 1431 1067 ἔσομαι
1450 1032 1521 1069 αὐτῷ
1543 1032 1577 1063 εἰς
1591 1030 1719 1069 Πατέρα,
1735 1030 1782 1059 καὶ

1019 1086 1095 1118 αὐτὸς
1105 1085 1179 1115 ἔσται
1199 1098 1243 1125 μοι
1256 1089 1291 1120 εἷς
1304 1088 1382 1125 Υἱόν;
1393 1090 1487 1118 Ταῦτα
1507 1089 1609 1128 εἴρηται
1619 1088 1666 1127 μὲν
1687 1089 1733 1117 καὶ
1747 1090 1782 1122 εἰς

1017 1143 1064 1178 τὴν
1079 1143 1176 1182 σάρκα·
1198 1144 1228 1173 τὸ
1246 1144 1312 1184 γὰρ,
1328 1145 1399 1184 Ἐγὼ
1413 1146 1507 1183 ἔσομαι
1522 1147 1592 1185 αὐτῷ
1604 1147 1640 1178 εἷς
1654 1145 1762 1184 Πατέρα
1774 1168 1782 1181 ,

1018 1202 1061 1230 καὶ
1081 1201 1157 1233 αὐτὸς
1181 1202 1252 1230 ἔσται
1269 1214 1314 1240 μοι
1339 1205 1374 1236 εἷς
1391 1204 1464 1240 Υἱὸν,
1488 1205 1534 1238 τῆς
1560 1203 1781 1243 ἕνανθρωπὴσεώς

1017 1260 1073 1288 ἐστι
1088 1261 1297 1298 παραστατικόν·
1310 1262 1340 1290 τὸ
1354 1261 1396 1294 δὲ,
1413 1261 1475 1294 Υἱός
1487 1274 1536 1300 μου
1550 1256 1574 1289 εἷ
1584 1261 1625 1296 σὺ,
1642 1261 1714 1290 οὐδὲν
1729 1261 1783 1289 ἕτε-

1019 1327 1060 1354 ρον
1075 1317 1166 1353 δηλοῖ,
1180 1317 1196 1352 ἦ
1209 1317 1248 1346 ὅτι
1269 1317 1295 1351 ἐξ
1310 1320 1387 1348 αὐτοῦ
1400 1320 1479 1347 ἐστιν.
1490 1318 1595 1358 “Ωσπερ
1611 1318 1638 1347 δὲ
1654 1318 1690 1346 ὢν
1705 1318 1783 1357 λέγε-

1016 1384 1059 1401 ται
1078 1373 1130 1402 ἀπὸ
1146 1375 1191 1402 τοῦ
1205 1375 1344 1406 ἐνεστῶτος
1366 1376 1474 1412 καιροῦ·
1497 1369 1570 1406 οὗτος
1591 1373 1642 1413 γὰρ
1664 1374 1779 1412 μάλιστα

1016 1430 1124 1470 ἁρμόζει
1134 1432 1202 1470 αὐτῷ
1210 1442 1215 1448 ·
1225 1430 1293 1458 οὕτω
1301 1430 1346 1458 καὶ
1358 1430 1387 1458 τὸ
1396 1451 1403 1464 ,
1415 1429 1546 1469 Σήμερον,
1557 1429 1667 1459 ἐνταῦθά
1679 1441 1724 1468 μοι
1739 1431 1780 1459 δσ-

1015 1492 1054 1515 κεῖ
1069 1488 1103 1520 εἰς
1113 1486 1160 1522 τὴν
1173 1486 1259 1526 σάρκα
1270 1487 1396 1525 εἰρῆσθαι.
1407 1485 1493 1516 “O-rav
1504 1486 1554 1525 γὰρ
1564 1487 1644 1520 αὐτῆς
1653 1487 1780 1523 ε’πιλοίέη-

1013 1555 1070 1579 ται,
1083 1543 1169 1572 πάντα
1183 1543 1274 1572 λοιπὸν
1289 1544 1371 1576 ἀδεῶς
1387 1544 1536 1582 φθέγγεται.
1553 1542 1606 1572 Καὶ
1620 1543 1671 1583 γὰρ
1682 1546 1699 1579 ἡ
1712 1543 1777 1583 σὰρξ

1013 1605 1130 1630 κοινωνεῖ
1145 1602 1196 1628 τῶν
1220 1601 1339 1639 ὑψηλῶν,
1357 1601 1490 1639 ὡσπεροῧν
1512 1599 1557 1628 καὶ
1571 1601 1588 1634 ἡ
1611 1599 1700 1635 &erit-42
1720 1602 1772 1628 τῶν

1021 1689 1089 1714 milia
1100 1689 1192 1722 legerat
1205 1689 1350 1720 ttlutianus]

635 1827 810 1856 MUTIANO
831 1827 1085 1857 SCHOLASTICO
1107 1824 1357 1857 INTERPRETE.

216 1923 248 1953 Si
262 1922 333 1951 enim
348 1921 550 1950 minorationem
564 1921 630 1950 velit
644 1919 795 1953 ostendere,
810 1929 957 1958 numquam
970 1919 1079 1956 diceret,
1095 1920 1118 1947 A
1132 1918 1244 1954 dextris,
1258 1919 1304 1948 sed
1319 1918 1418 1958 potius,
1431 1920 1452 1946 A
1462 1918 1588 1948 sinistris.
1608 1919 1713 1955 Tanto,
1731 1918 1772 1949 in-

217 1969 287 2007 quit,
301 1969 404 1997 melior
415 1968 514 2007 factus
532 1967 653 2005 angelis,
669 1973 780 2005 quanto
801 1967 989 2006 differentius
1009 1977 1070 2004 proe
1086 1966 1147 1994 illis
1168 1976 1273 1994 nomen
1289 1966 1472 1994 hereditavit.
1488 1966 1517 1993 In
1530 1965 1581 1994 hoc
1596 1966 1670 2004 quod
1683 1966 1754 1994 dixit
1765 1989 1772 2002 ‚

217 2016 343 2050 Factus,
368 2024 417 2053 pro
439 2020 577 2052 susceptus
599 2012 735 2051 intellige:
747 2019 881 2050 tamquam
897 2012 919 2040 si
934 2012 1032 2041 diceret
1045 2024 1051 2039 ε
1064 2012 1162 2040 Melius
1183 2019 1222 2040 est
1239 2019 1377 2050 susceptus
1400 2011 1434 2039 ab
1449 2012 1560 2050 angelis.
1578 2011 1613 2040 Et
1629 2012 1700 2041 unde
1720 2013 1772 2041 hoc

217 2066 359 2096 asseverat,
372 2070 406 2088 ex
417 2059 475 2098 ipso
491 2059 597 2088 nomine
610 2059 811 2095 animadvertis,
832 2059 895 2097 quia
909 2059 974 2087 solet
994 2058 1058 2086 Filii
1077 2068 1173 2086 nomen
1195 2058 1385 2097 proprietatem
1400 2057 1558 2095 cognitionis
1576 2058 1719 2086 ostendere.
1735 2058 1770 2087 Et

216 2117 292 2142 sane,
306 2106 357 2135 nisi
366 2112 436 2134 ⁴esset
450 2106 573 2145 proprius
588 2106 689 2143 Filius3
705 2106 831 2145 proprius
844 2112 934 2134 autem
949 2105 1048 2141 Filius,
1063 2104 1132 2132 nihil
1145 2111 1184 2132 est
1198 2103 1273 2132 aliud
1287 2114 1367 2142 quam
1381 2103 1414 2131 de
1428 2104 1485 2142 ipso
1499 2103 1604 2142 genitus
1617 2115 1624 2130 :
1636 2105 1770 2141 quomodo

218 2160 305 2192 posset
317 2164 351 2182 ex
364 2153 416 2181 hoc
428 2152 631 2191 amplitudinem
647 2153 754 2181 honoris
768 2153 900 2181 asserere?
916 2153 945 2182 Si
958 2153 1029 2181 enim
1044 2152 1130 2190 gratia
1143 2159 1210 2180 esset
1224 2151 1325 2185 Filius,
1339 2161 1392 2179 non
1407 2151 1493 2179 solum
1507 2150 1626 2179 differret
1646 2162 1661 2179 a
1676 2152 1769 2187 Patre,

217 2200 265 2229 sed
279 2201 359 2228 etiam
373 2199 459 2228 minor
473 2199 585 2228 essetab
599 2200 708 2237 angelis.
727 2200 870 2235 Quomodo
884 2200 935 2228 hoc
949 2200 1058 2239 inquis?
1073 2199 1143 2234 Quia
1158 2206 1183 2227 et
1198 2198 1318 2227 homines
1329 2198 1395 2237 justi
1409 2198 1536 2237 appellati
1549 2204 1610 2226 sunt
1625 2197 1686 2226 filii.
1699 2198 1770 2227 Pro-

218 2247 281 2275 inde
295 2257 388 2275 nomen
403 2246 469 2283 filii,
484 2246 534 2274 nisi
546 2246 734 2285 proprietatem
749 2247 878 2283 ostendat,
899 2258 950 2276 non
967 2248 1037 2276 valet
1052 2246 1199 2282 ostendere,
1223 2246 1286 2284 quia
1299 2245 1447 2273 differentia
1462 2251 1499 2273 est
1515 2244 1584 2273 inter
1598 2252 1730 2274 creaturas
1745 2252 1768 2275 et

214 2294 391 2323 conditorem.
407 2293 525 2322 Advorte
535 2293 625 2331 itaque
644 2292 710 2331 quid
723 2293 812 2321 dixit:
827 2295 882 2322 Cui
898 2297 975 2323 enim
995 2294 1157 2333 aliquando
1179 2293 1348 2332 angelorum
1364 2293 1439 2320 <lixit
1450 2303 1460 2319 .·
1476 2292 1572 2320 Filius
1589 2302 1668 2320 meus
1682 2303 1711 2321 es
1725 2299 1768 2328 tu,

217 2352 270 2380 ego
284 2341 370 2369 hodie
383 2343 469 2379 genui
482 2344 529 2369 te?
547 2347 572 2369 et
585 2341 691 2376 iterum,
710 2341 774 2378 Ego
787 2351 835 2368 ero
854 2343 880 2369 ei
899 2343 930 2369 in
948 2343 1078 2380 Patrem,
1099 2347 1125 2369 et
1145 2343 1205 2379 ipse
1221 2343 1276 2368 erit
1293 2340 1365 2367 milti
1385 2341 1416 2367 in
1436 2339 1556 2367 Filium.
1575 2338 1639 2367 Haec
1659 2339 1768 2377 quidem

219 2388 289 2416 dicta
303 2394 364 2416 sunt
376 2387 446 2416 etde
459 2397 536 2416 carne
551 2399 558 2416 ε
571 2387 622 2416 hoc
634 2393 682 2424 est,
702 2387 756 2415 Ero
769 2387 793 2415 ei
806 2386 833 2415 in
848 2388 952 2416 Patrem
968 2395 993 2416 et
1012 2388 1070 2427 ipse
1081 2388 1131 2416 erit
1146 2387 1212 2416 mihi
1225 2387 1252 2415 in
1267 2386 1376 2415 Filium.
1401 2385 1481 2421 Quod
1493 2395 1556 2415 vero
1568 2385 1639 2414 <lixit
1652 2397 1658 2412 :
1671 2386 1768 2415 Filius

220 2445 299 2462 meus
311 2444 339 2462 es
352 2441 393 2471 tu,
409 2445 460 2473 ego
475 2435 560 2463 hodie
570 2436 658 2474 genui
677 2440 706 2462 te
718 2446 726 2461 .-
738 2434 807 2462 1111111
821 2434 897 2463 aliud
918 2435 1078 2470 manifestat,
1100 2434 1152 2463 nisi
1171 2434 1233 2472 quia
1254 2444 1288 2462 ex
1302 2434 1359 2473 ipsa
1374 2433 1483 2462 essentia
1500 2432 1586 2462 Patris
1603 2439 1641 2460 est
1654 2432 1768 2471 genitus.

219 2481 293 2509 Sicut
314 2480 384 2508 enim
404 2491 459 2509 esse
483 2481 583 2509 dicitur
598 2491 632 2509 ex
649 2481 771 2520 praesenti
792 2488 926 2521 tempore5
948 2482 985 2510 sic
1002 2482 1102 2521 quippe
1125 2482 1210 2521 magis
1225 2481 1259 2510 de
1282 2482 1337 2509 Deo
1359 2480 1412 2509 dici
1434 2479 1674 2517 convenitxitaquc
1694 2480 1767 2517 quod

217 2527 319 2555 dictum
333 2533 384 2562 est,
403 2528 509 2561 Hodie,
524 2528 659 2566 praesentis
675 2535 713 2557 est
734 2529 868 2568 temporis.
892 2529 981 2557 Potest
995 2536 1081 2557 tamen
1100 2536 1125 2557 et
1136 2528 1281 2557 secundum
1297 2538 1402 2557 carnem
1413 2527 1463 2556 hoc
1474 2526 1557 2566 accipi
1570 2525 1683 2554 dictum.
1698 2527 1767 2555 Cum

218 2573 287 2601 enim
302 2572 482 2601 nominaverit
496 2583 617 2610 carnem,
628 2574 685 2613 jam
704 2574 759 2603 sine
770 2575 825 2604 ullo
839 2575 933 2604 timot-e
948 2585 1039 2614 prava}
1051 2575 1210 2613 suspicionis
1223 2574 1363 2613 eloquitur.
1381 2573 1487 2602 Etenim
1508 2582 1568 2600 caro
1589 2572 1767 2601 communicat
