1886 2846
247 191 309 211 1¹10
559 188 586 209 S.
615 188 753 210 sommis
780 186 959 209 CHRYSOST.

991 185 1007 205 A
1015 183 1131 205 uelut-21¹
1138 197 1144 203 .
1174 182 1236 204 CON
1243 182 1301 204 STA
1308 183 1428 205 ΝἸΊΝΟΡ
1435 198 1441 204 .

239 258 309 279 sunu
322 257 358 278 est
370 251 454 288 iungis
463 260 519 278 esse
534 259 601 288 opus
613 259 794 286 suuiu,qu:un
814 247 863 275 Dei
876 246 975 285 grati->12
994 246 1010 269 C
1029 243 1119 272 τούτου
1133 243 1261 271 αἰδεῖσθαι
1276 242 1353 271 αὐτὸν
1365 243 1408 271 τὸν
1423 243 1499 272 Θεόν.
1512 243 1630 281 Ἔμοιθεν
1644 242 1794 276 ὑπακούειν,

240 297 338 328 Tanta.
349 297 444 335 iuquit.
454 296 504 324 suit
515 296 571 334 ejus
583 295 727 324 reverentia
736 305 766 322 nc
779 291 977 332 pic1a5‚1ititlco

239 354 299 372 cum
316 349 480 371 revereretur
495 343 578 370 Deus.
593 341 693 369 Didicit
706 363 712 370 .
728 340 827 377 iuquit,
842 339 896 365 Deo
911 335 976 363 obe-

239 390 306 419 dire.
332 389 383 417 llic
403 399 495 417 rursus
523 387 637 416 ostendit
662 393 791 424 quantum
814 384 846 411 sit
873 383 977 410 lucrum

240 435 448 474 perpessionum.
462 435 501 462 Et
515 438 743 461 consurnrnalns,
759 428 845 465 iuquit
855 449 864 464 ,
877 428 979 465 sactus

240 487 281 509 est
294 482 428 508 omnibus
440 478 704 516 oblcmpcruntibus
719 477 745 502 ci
757 483 848 502 cansa
863 472 978 502 salutis.

240 527 269 555 Si
284 533 372 554 autem
388 525 446 556 illc,
469 535 528 552 cum
543 529 607 550 essct
630 521 712 548 l-‘ilius
727 542 732 554 ,
749 529 782 547 ex
799 518 976 558 perpessioni-

240 572 291 601 bus
315 572 432 600 lucratus·
449 577 486 598 cst
512 575 539 596 ut
558 566 694 599 obediret,
711 565 796 593 multo
812 564 896 604 magis
920 575 976 593 nos.

242 617 326 646 Vides
343 627 423 655 quain
443 615 526 643 multa
546 613 617 640 dicat
633 611 667 639 de
687 611 854 645 obedientia,
871 617 901 638 ut
925 610 977 649 ipsi

241 661 448 700 persinulcantur
468 659 480 685 3‘
497 656 630 685 Videntur
652 655 722 683 euim
744 655 811 683 mihi
829 655 978 693 frequenter

241 707 357 735 habenas
379 712 500 734 excutere
527 712 574 730 nec
601 701 680 730 dictis
706 702 890 742 obtemperare
907 701 978 730 :hoe

241 753 312 781 enim
337 750 533 784 subindicavit,
559 748 668 783 dicens,
685 748 790 788 Segnes
803 749 886 788 sacti
909 751 977 778 estis

241 799 281 826 ad
297 797 482 826 audiendum.
505 793 549 822 Ex
563 794 597 822 iis
615 804 674 832 qua:
690 804 783 834 passus
796 801 852 831 est,
867 794 955 832 inquit
967 816 976 832 ,

240 841 403 868 continenter
421 838 516 868 didicit
528 839 585 867 Deo
599 837 718 867 obedire.
736 839 776 867 Et
795 848 978 868 consumma-

240 892 285 914 tus
297 898 305 913 .·
320 895 367 924 per
380 884 526 924 passiones,
539 884 638 922 inquit.
656 884 713 913 Hoc
727 890 767 913 est
780 894 843 923 ergo
855 894 978 913 consum-

239 931 334 967 matio,
349 938 373 960 et
387 941 434 970 per
448 931 500 959 hoc
511 930 600 959 venire
610 937 715 970 oportet
728 930 762 959 ad
776 930 976 969 perfectionem.

238 979 298 1006 Non
308 977 394 1006 solum
410 976 468 1016 ipse
488 976 579 1005 salvus
592 976 697 1014 evasit,
713 975 759 1005 sed
771 976 822 1005 hoc
836 976 916 1004 etiam
929 977 980 1005 suit

238 1023 298 1051 aliis
322 1023 398 1062 copia
421 1022 515 1051 salutis
537 1033 544 1050 ε
570 1023 797 1051 Consummatus
825 1022 897 1050 enim
919 1023 979 1060 suit

240 1070 504 1108 obtemperantibus
527 1069 583 1107 ipsi
597 1078 689 1097 causa
718 1068 824 1108 salutis
853 1074 977 1097 oeternoe.

240 1115 420 1154 Appellatus
428 1136 436 1151 ,
449 1113 537 1152 iuquit
548 1136 556 1149 ,
567 1123 586 1141 a
601 1114 663 1141 Deo
672 1113 810 1153 pontifex
822 1114 979 1142 secundum

240 1161 371 1190 ordinem
381 1159 607 1188 Melchisedech.
619 1160 665 1188 11.
678 1159 724 1187 De
732 1168 790 1197 qno
800 1160 882 1187 nobis
889 1169 980 1198 gran-

240 1209 286 1238 dis
293 1218 387 1237 sermo
395 1213 422 1235 et
433 1206 691 1245 ininterpretabilis
700 1207 740 1234 acl
748 1207 911 1235 dicendum.
926 1208 979 1236 De-

241 1253 373 1283 ducturus
393 1251 541 1281 orationem
563 1250 599 1280 ad
619 1250 800 1280 differentiam
813 1252 976 1288 sacerdotii,

241 1300 317 1339 prius
328 1309 372 1328 eos
386 1299 524 1338 increpat,
537 1297 677 1327 ostendens
692 1297 764 1336 quod
780 1298 836 1327 haec
848 1305 903 1327 tam
917 1309 978 1327 ma·
991 1328 994 1330 ,

243 1357 294 1386 gna
317 1346 358 1375 sui
380 1345 505 1375 demissio
529 1345 564 1373 sit
577 1344 618 1373 lac
627 1356 635 1381 ;
650 1351 675 1373 et
699 1344 761 1382 quia
785 1344 826 1372 itti
849 1345 978 1381 infantes,

243 1393 328 1432 magis
339 1399 377 1421 est
395 1392 551 1420 immoratus
565 1391 591 1419 in
606 1390 704 1419 humili
719 1391 767 1428 qui
779 1398 818 1420 est
830 1391 979 1420 secundum

243 1449 348 1468 carnem
367 1447 486 1466 sermone
500 1459 508 1470 ,
526 1443 552 1465 et
571 1436 691 1474 loquitur
711 1442 848 1475 tamquam
861 1436 896 1466 de
910 1447 980 1476 quo-

242 1485 305 1514 dam
324 1485 406 1523 justo.
425 1483 497 1513 Vide
520 1489 630 1511 autem:
648 1493 696 1511 nce
721 1483 830 1512 omniuo
850 1484 979 1523 praeteriit

244 1541 300 1559 reru
311 1530 417 1559 silentio
430 1552 439 1565 ,
452 1539 536 1568 neque
550 1528 622 1557 dixit
638 1541 643 1556 :
661 1539 723 1557 uam
735 1529 804 1558 illud
818 1529 928 1568 quidem
939 1530 979 1559 se-

244 1576 279 1605 cit
294 1583 322 1605 ut
341 1583 456 1605 mentem
470 1585 562 1604 eorum
576 1576 708 1613 erigeret,
724 1583 749 1604 et
763 1575 936 1615 persuaderet
951 1583 980 1605 ut

1029 288 1092 327 φησι
1102 310 1110 324 ,
1124 289 1162 327 τῷ
1173 288 1236 326 Θεῷ
1246 299 1251 305 ·
1260 288 1371 316 ἐνταῦθα
1381 288 1461 316 πάλιν
1473 287 1600 317 δείκνυσιν
1609 288 1668 318 ὅσον
1677 290 1729 317 τῶν
1739 299 1794 317 πα-

1029 333 1154 372 θημάτων
1168 333 1198 362 τὸ
1219 333 1317 372 κέρδος.
1343 335 1395 362 Καὶ
1417 334 1563 366 τελειωθεὶς
1573 355 1579 367 ,
1592 334 1679 373 φησὶν,
1694 334 1795 373 ἐγένετο

1029 383 1095 408 πᾶσι
1107 383 1160 412 τοῖς
1173 378 1348 408 ὓπακούουσιν
1362 381 1433 419 αὐτῷ
1453 379 1535 413 αἴτιος
1562 379 1706 419 σωτηρίας·
1723 382 1747 409 εἷ
1768 378 1796 408 δὲ

1030 425 1127 457 ἐκεῖνος
1141 425 1202 458 Υἱὸς
1215 424 1251 452 ὧν
1264 424 1401 463 ἐκέρδανεν
1415 426 1466 455 ἀπὸ
1490 428 1541 454 τῶν
1563 424 1727 463 παθημάτων
1747 424 1796 460 τὴν

1030 469 1158 505 ὑπακοὴν,
1172 471 1262 508 πολλῷ
1280 471 1379 508 μᾶλλον
1395 473 1480 508 ἡμεῖς.
1496 470 1577 510 Ὁρᾷς
1590 470 1640 500 ὅσα
1655 469 1715 510 περὶ
1729 471 1797 499 ὑποι-

1030 517 1092 550 κοῆς
1104 515 1266 554 διαλέγεται,
1278 515 1345 545 ὥστε
1358 516 1492 545 πείθεσθαι
1502 516 1609 553 αὐτούς
1622 518 1734 545 Δοκοῧσι
1745 515 1796 554 γάρ

1031 573 1075 600 μοι
1088 564 1202 601 συνὲχῶς
1215 563 1375 601 ἁφηνιάζειν,
1390 562 1434 591 καὶ
1453 567 1505 596 τοῖς
1525 562 1675 600 λεγομένοις
1689 563 1726 600 μὴ
1740 573 1796 590 πα-

1031 609 1196 647 ρακολουθεῖν
1206 619 1211 624 ’
1221 610 1298 636 τοῦτο
1311 607 1363 648 γὰρ
1373 608 1480 647 ᾐνίξατο
1491 610 1528 648 τῷ
1539 610 1630 644 εἰπεῖν,
1639 607 1743 646 Νωθροὶ
1751 618 1798 646 γε·

1029 654 1122 694 γόνατε
1144 665 1200 694 ui<
1223 662 1321 691 ἀκοαῖς.
1346 653 1400 693 Ἀφ’
1417 649 1453 682 ὧν
1467 654 1563 690 ἔπαθε,
1579 654 1661 693 φησὶ,
1682 655 1798 692 συνεχῶς

1030 705 1125 744 ἔμαθεν
1139 707 1278 737 ὑπακούειν
1293 707 1329 744 τῷ
1344 705 1414 742 Θεῷ.
1440 702 1492 732 Καὶ
1509 699 1666 733 τελειωθείς·
1681 699 1726 728 διὰ
1745 701 1797 728 τῶν

1030 753 1203 791 παθημάτων,
1216 752 1291 792 φησί.
1305 750 1390 781 Τοῦτό
1414 751 1484 778 ἐστιν
1505 748 1556 787 ἄρα
1581 745 1732 782 τελείωσις,
1752 744 1797 774 καὶ

1031 798 1073 827 διὰ
1088 798 1178 827 τούτου
1197 799 1279 828 ἐλθεῖν
1294 799 1328 830 εἷς
1351 795 1487 824 τελείωσιν
1507 792 1570 833 χρή.
1593 793 1633 821 Οὔ
1652 791 1729 830 μόνον
1746 789 1798 830 γὰρ

1032 844 1108 878 αὐτὸς
1122 843 1208 879 ἐσώθη
1216 865 1223 878 ,
1239 843 1307 873 ἀλλὰ
1322 842 1367 871 καὶ
1378 841 1475 880 ἑτέροις
1488 843 1564 868 τοῦτο
1576 841 1587 854 ²
1595 837 1684 877 γε’γονε
1693 848 1798 876 περιου-

1031 890 1076 921 σία
1091 889 1230 930 σωτηρίας.
1249 887 1404 920 Τελειωθεὶς
1413 886 1465 926 γὰρ
1479 885 1581 924 ἐγένετο
1590 888 1644 916 τοῖς
1655 882 1800 912 ὑπακούου-

1031 949 1072 966 σιν
1096 937 1166 975 αὖτῷ
1199 935 1280 968 αἴτιος
1308 933 1411 962 αἰωνίου
1440 931 1580 971 σωτηρίας.
1610 931 1798 970 Προσαγορευ-

1031 983 1095 1018 θεὶς,
1115 982 1210 1021 φησὶν,
1230 981 1280 1011 ὑπὸ
1304 982 1349 1010 τοῦ
1370 980 1440 1009 Θεοῦ
1459 977 1597 1017 ἀρχιερεὺς
1605 975 1675 1006 κατὰ
1688 974 1736 1011 τὴν
1748 974 1798 1003 τά·

1031 1029 1068 1063 ξιν
1088 1026 1266 1067 Μελχισεδέχ.
1295 1026 1364 1066 Περὶ
1382 1021 1410 1055 οἷ
1423 1024 1503 1058 πολὺς
1522 1026 1586 1061 ἡμῖν
1602 1025 1616 1052 ὁ
1628 1021 1720 1060 λόγος,
1735 1018 1800 1049 1’καὶ

1032 1074 1244 1113 δυσερμήνευτος.
1268 1073 1381 1102 Μέλλων
1395 1070 1514 1100 καθιέναι
1534 1069 1578 1098 τὸν
1600 1067 1676 1106 λόγον
1696 1068 1732 1099 εἷς
1750 1065 1799 1100 τὴν

1031 1119 1157 1159 διαφορὰν
1182 1120 1230 1153 τῆς
1249 1118 1405 1157 ἱερωσύνης,
1419 1116 1546 1156 πρότερον
1568 1115 1655 1146 αὐτοῖς
1674 1115 1800 1151 ἐπιτιμᾷ,

1032 1165 1146 1201 δεικνὺς,
1162 1165 1201 1194 ὅτι
1216 1164 1260 1193 καὶ
1274 1166 1290 1199 ἡ
1306 1163 1420 1199 τοσαύτη
1447 1160 1643 1200 summit-offlam<
1655 1159 1725 1198 γάλα
1746 1153 1779 1193 ἦν
1791 1179 1798 1191 ,

1031 1212 1076 1241 καὶ
1091 1210 1135 1240 διὰ
1148 1211 1178 1240 τὸ
1191 1210 1300 1246 νηπίους
1324 1205 1403 1246 εἶναι,
1429 1208 1507 1237 πλέον
1522 1205 1665 1245 ἐνδιέτριὸε
1684 1205 1723 1243 τῷ
1750 1215 1799 1232 τα-

1032 1259 1114 1297 πεινῷ
1127 1256 1197 1296 λόγῳ
1207 1259 1246 1295 τῷ
1258 1255 1327 1284 κατὰ
1349 1254 1451 1293 σάρκα,
1468 1253 1514 1282 καὶ
1537 1254 1573 1284 ὡς
1589 1250 1652 1290 περί
1672 1261 1743 1283 τινος
1761 1250 1800 1278 δι-

1032 1303 1106 1332 καίου
1128 1301 1288 1340 διαλέγεται.
1317 1300 1370 1329 Καὶ
1391 1298 1438 1328 θέα
1447 1321 1454 1335 ,
1480 1298 1538 1328 οὔτε
1562 1295 1734 1332 ἀπεσιώπησε
1756 1295 1799 1324 τὸν

1030 1347 1107 1385 λόγον
1121 1347 1224 1385 πάντῃ,
1241 1345 1299 1373 οὔτε
1321 1339 1390 1373 εἷπε·
1412 1343 1442 1372 τὸ
1467 1342 1512 1381 μὲν
1533 1342 1596 1382 γὰρ,
1615 1341 1658 1390 ἕνα
1678 1340 1799 1380 ἀναγᾶγῃ

1018 1390 1116 1422 ἀὐτῶν
1128 1391 1176 1426 τὴν
1191 1391 1316 1427 διάνοιαν,
1326 1401 1372 1419 και
1385 1389 1464 1428 πείσῃ
1477 1387 1592 1426 τελείους
1602 1390 1674 1423 ,εἶναι
1681 1409 1690 1423 ,
1706 1387 1751 1416 καὶ
1761 1387 1799 1427 μὴ

278 1688 288 1700 ι
305 1679 378 1705 Colh.
392 1679 430 1713 [A.
448 1681 475 1704 B.
493 1679 614 1704 Commel.
630 1686 655 1704 et
670 1689 748 1713 marg.
758 1679 834 1705 Savil.
847 1680 856 1712 ]
871 1685 945 1713 γέγονε
958 1691 998 1706 πε-

245 1724 332 1754 ριουσία
344 1723 463 1753 σωτηρίας.
477 1722 608 1747 τελε-[συθείς.
623 1719 690 1743 Editi
704 1727 762 1744 vero
774 1722 862 1751 γέγονεν
874 1723 898 1745 ἐκ
908 1731 996 1754 περιου-

247 1764 294 1787 σίας
316 1761 448 1786 τελειωθείς.
468 1758 530 1782 cum
548 1756 694 1783 Colbertino
717 1759 844 1783 consentit.
856 1759 984 1790 Interpres

990 1780 996 1790 7

1033 1439 1233 1477 ἀποστερεῖσθαι
1255 1439 1307 1466 τῶν
1319 1436 1441 1475 μεγάλων
1456 1434 1605 1473 δογμάτων,
1616 1434 1758 1469 πεποίηκε·
1770 1433 1800 1463 τὸ

1033 1485 1060 1513 δὲ
1071 1508 1078 1521 ,
1096 1484 1140 1513 ἵνα
1151 1483 1188 1522 μὴ
1201 1482 1346 1522 καταχώσῃ
1362 1484 1446 1511 αὐτῶν
1460 1482 1505 1511 τὸν
1521 1484 1589 1511 νοῦν.
1600 1476 1707 1521 Περὶοῖ
1719 1479 1800 1513 πολὺς

1032 1533 1096 1569 ἡμῖν
1111 1532 1125 1559 ὁ
1135 1529 1211 1569 λόγος
1222 1551 1230 1565 ,
1246 1529 1310 1569 φησὶ
1321 1552 1328 1565 ,
1346 1529 1391 1558 καὶ
1406 1527 1612 1567 δυσερμήνευτος
1623 1527 1721 1566 λέγειν,
1743 1526 1800 1555 ἐπεὶ

1033 1576 1126 1617 νωθροὶ
1143 1575 1267 1614 γεγόνατε
1292 1579 1350 1608 ταῖς
1370 1577 1469 1607 ἀκοαῖς.
1501 1572 1612 1608 Ἐπειδὴ
1638 1574 1732 1602 ἐκεῖνοι
1753 1573 1800 1601 οὔκ

1046 1681 1157 1713 itemque
1166 1679 1302 1704 Mutianus.
1316 1678 1440 1712 {Dunaeus
1453 1682 1476 1704 ἐι
1486 1682 1614 1713 περιουσίας
1625 1678 1747 1713 sumpla-J

1079 1721 1092 1739 b
1110 1720 1184 1745 Coll).
1197 1724 1235 1745 καὶ
1247 1722 1420 1752 δυσερμήνευτος
1431 1721 1539 1752 βούλεται
1555 1725 1605 1747 ταῖς
1615 1724 1711 1753 γραφαῖς
1719 1720 1801 1751 προσέ-

1047 1771 1103 1792 χειν.
1113 1759 1170 1784 Post
1187 1758 1239 1783 haec
1252 1758 1358 1784 habetur
1369 1759 1393 1783 in
1406 1758 1494 1783 eodem
1505 1757 1600 1783 Codice
1609 1757 1693 1783 hiatus
1705 1757 1798 1790 ingens.

666 1870 842 1899 MUTIANO
863 1870 1114 1900 SCHOLASTICO
1136 1869 1386 1900 INTERPRETE.

247 1975 294 1998 est.
310 1968 379 1998 Vult
399 1966 535 1996 ostendere
552 1967 608 2005 ejus
624 1977 679 1995 esse
697 1967 782 2007 magis
797 1968 921 1997 effectum
932 1991 940 2004 ,
963 1979 1043 2007 quam
1059 1968 1150 2007 gratiae
1165 1967 1225 1997 Dei.
1241 1967 1344 2003 Tanta,
1363 1967 1450 2007 inquit
1463 1990 1471 2004 ,
1493 1974 1550 1997 erat
1563 1969 1621 2008 ejtss
1642 1969 1801 2006 reverentia,

247 2022 277 2044 ut
287 2015 366 2044 etiam
377 2021 515 2054 propterea
528 2024 589 2042 eum
602 2021 764 2043 revereretur
782 2016 862 2044 Deus.
877 2014 981 2044 Didicit
994 2037 1002 2051 ‚
1021 2015 1109 2054 inquit
1126 2037 1135 2050 ,
1154 2014 1264 2044 obedire
1275 2015 1343 2043 Deo.
1359 2014 1410 2042 Hic
1427 2014 1524 2042 iterum
1539 2014 1654 2046 ostendit
1669 2022 1802 2054 quantum

247 2063 353 2091 lucrum
365 2062 521 2101 passionum
539 2060 582 2088 sit.
597 2061 636 2088 Et
653 2061 799 2100 perfectus
809 2083 816 2096 ‚
830 2061 920 2099 inquit
930 2062 1051 2101 ‚sactus
1067 2067 1109 2090 est
1123 2061 1322 2089 obedientibus
1344 2061 1401 2088 sibi
1419 2063 1531 2088 cunctis
1542 2070 1632 2089 causa
1643 2061 1757 2090 salutis.
1771 2061 1802 2091 Si

248 2117 337 2139 autem
349 2109 396 2137 ille
406 2108 494 2137 Filius
508 2114 627 2143 exstans,
643 2108 785 2146 acquisivit
799 2119 832 2137 ex
847 2108 1017 2148 passionibus
1036 2107 1232 2143 obedientiam,
1247 2107 1331 2136 multo
1345 2106 1431 2146 magis
1444 2116 1501 2135 nos.
1522 2107 1637 2136 Intueris
1657 2115 1756 2147 quanta
1769 2108 1803 2139 de

249 2155 399 2186 obedientia
408 2154 543 2195 disputat,
559 2154 594 2182 ita
608 2160 639 2182 ut
653 2154 686 2182 ad
700 2155 877 2184 obedientiam
887 2166 930 2184 eos
941 2155 1106 2185 adduceret?
1127 2154 1263 2184 Videntur
1277 2154 1349 2183 enim
1363 2153 1430 2182 mihi
1443 2153 1577 2182 occultare
1588 2154 1697 2194 seipsos.
1711 2154 1756 2184 Ex
1770 2155 1804 2185 iis

250 2214 309 2243 quae
319 2213 414 2243 passus
427 2209 466 2231 est
477 2225 486 2240 ,
501 2201 588 2240 inquit
597 2224 604 2238 ‚
620 2202 768 2240 frequenter
783 2203 878 2232 didicit
887 2203 996 2233 obedire
1008 2204 1078 2238 Deo,
1096 2209 1121 2232 et
1135 2203 1266 2242 perfectus
1281 2212 1327 2241 per
1341 2201 1483 2241 passiones.
1498 2201 1561 2230 Haec
1572 2208 1611 2230 est
1625 2202 1727 2241 integra
1740 2214 1805 2244 per-

249 2250 337 2285 fectio,
353 2256 378 2278 et
391 2260 438 2288 per
450 2249 507 2278 haee
522 2248 607 2278 veniri
627 2248 693 2277 solet
715 2248 748 2277 ad
765 2250 958 2288 perfectionem.
975 2251 1035 2279 Non
1056 2250 1143 2279 solum
1158 2250 1216 2289 ipse
1228 2249 1346 2278 salvatus
1360 2255 1399 2276 est
1420 2270 1427 2284 ,
1442 2247 1491 2276 sed
1506 2247 1587 2276 etiam
1601 2247 1662 2277 aliis
1680 2249 1751 2278 faeta
1765 2257 1805 2279 est

249 2297 414 2326 abundantia
428 2297 539 2325 salutis:
553 2296 690 2325 Salvatus
701 2296 771 2324 enim
779 2319 787 2333 ,
803 2297 905 2335 inquit,
918 2299 1019 2337 factus
1035 2304 1078 2327 est
1100 2298 1299 2326 obedientibus
1319 2297 1375 2325 sibi
1385 2305 1477 2324 cansa
1486 2295 1590 2324 salutis
1605 2307 1614 2323 .·
1626 2295 1805 2335 Appellatus

250 2355 269 2373 a
286 2345 348 2372 Deo
355 2344 490 2383 pontifex
500 2344 656 2372 secundum
668 2344 798 2372 ordinem
808 2345 1010 2373 M‘elchisedee.
1024 2346 1070 2374 De
1080 2355 1137 2384 quo
1149 2345 1292 2384 plurimus
1305 2344 1386 2371 nobis
1397 2345 1451 2372 erit
1461 2353 1555 2372 sermo
1564 2365 1572 2378 ,
1584 2349 1613 2372 et
1620 2343 1756 2382 difficilis
1765 2344 1807 2372 ad

252 2391 509 2430 interpretandum.
523 2392 662 2420 venturus
675 2390 710 2419 ad
728 2390 906 2419 differentiam
925 2392 1113 2430 pontificatus,
1130 2392 1216 2432 primo
1236 2401 1280 2420 eos
1298 2391 1432 2430 increpat,
1452 2389 1593 2419 ostendens
1607 2389 1669 2428 quia
1685 2396 1710 2418 et
1730 2396 1805 2419 tanta

253 2437 303 2465 ista
316 2437 477 2466 humilitatis
491 2437 626 2466 descensio
640 2438 682 2467 lae
697 2444 770 2474 erat,
782 2444 807 2466 et
827 2438 890 2476 quia
905 2438 993 2467 adhuc
1008 2439 1116 2478 parvuli
1130 2445 1220 2476 erant,
1232 2438 1350 2478 amplius
1370 2438 1530 2466 immoratur
1542 2436 1606 2465 huic
1621 2436 1738 2465 sermoni
1757 2437 1804 2476 qui

255 2490 293 2512 est
307 2484 453 2514 secundum
465 2496 570 2514 carnem
583 2508 590 2521 ‚
605 2492 629 2514 et
641 2485 728 2515 veluti
742 2485 775 2514 de
788 2485 878 2524 aliquo
886 2485 959 2525 justo
974 2486 1104 2525 disputat.
1115 2486 1151 2515 Et
1162 2485 1269 2515 attende
1283 2485 1347 2524 quia
1357 2495 1440 2524 neque
1451 2484 1534 2514 tacuit
1545 2483 1653 2513 omnino
1665 2483 1700 2512 de
1709 2483 1802 2521 verbo,

255 2539 338 2568 neque
354 2530 479 2567 loquutus
493 2537 548 2559 est:
563 2530 632 2560 illud
645 2530 768 2569 quidem,
784 2538 812 2559 ut
827 2541 918 2560 eorum
935 2531 1138 2569 intelligentiam
1150 2532 1319 2569 sublevaret,
1333 2538 1357 2560 et
1369 2530 1524 2571 persuadeat
1540 2530 1619 2559 etiam
1630 2530 1701 2569 ipsos
1712 2531 1803 2570 perse·-
