1906 2846
448 195 480 217 lx
509 194 614 217 EPtST.

97 255 143 288 τὰς
159 254 286 291 σπονδᾶς;
299 255 386 284 Τοῦτο
402 256 448 284 οὐκ
465 257 531 294 ἐρῶ·
549 257 625 295 ἀρκεῖ
644 255 695 295 γάρ
711 267 756 293 μοι
776 254 806 283 τὸ
822 254 870 288 ζή-

96 313 170 340 τημα
178 301 257 339 μόνον
272 303 354 330 εἰπεῖν
363 314 369 320 ·
384 302 414 330 τὸ
425 301 452 330 δὲ
462 302 554 331 λοιπὸν
565 305 626 340 ὑμῖν
640 302 752 341 ἀφίημι,
762 302 806 330 ἵνα
819 301 868 330 κᾶν

95 346 164 375 οὕτω
175 347 345 382 διαναστήσω
361 349 435 385 ὑμῶν
449 347 496 383 τὴν
513 348 640 377 διάνοιαν.
657 347 762 376 Ἐκεῖνο
778 347 868 386 μέντοι

645 194 690 216 ΑΙ.)
718 193 800 216 HEBR
807 192 871 215 ‚EOS
879 208 885 214 .

1602 181 1667 199 ρ),-

916 193 993 214 (ῗΛΡ.
1024 192 1071 214 Xl.
1100 192 1218 214 11031111.
1249 191 1346 214 xxvi.
1602 195 1665 225 ψη

925 253 981 282 lloc
997 263 1048 281 non
1063 253 1171 289 dicnm;
1188 252 1289 281 suflicit
1303 251 1374 280 enim
1393 250 1461 279 mihi
1478 251 1565 280 solum
1580 251 1668 280 dicere

923 300 1096 338 quaestionem
1116 312 1122 328 :
1142 300 1216 338 quod
1233 299 1367 338 reliquum
1387 305 1426 328 est
1449 298 1525 328 vobis
1539 298 1667 333 dimitto,

924 354 953 375 ut
969 346 1012 375 vel
1034 347 1073 375 sic
1092 353 1207 375 mentem
1225 352 1343 375 vestram
1366 345 1489 374 excitem.
1511 344 1584 376 Illud
1605 355 1668 373 vero

95 394 249 432 παρεγγυῶ,
261 394 348 422 πάντα
362 394 405 422 διὰ
425 394 469 422 τὸν
484 396 528 423 τοῦ
541 396 611 424 Θεοῦ
625 394 704 433 φόέον
721 395 867 432 αἱρεῖσθαι,
884 397 902 419 C
923 403 1018 422 moneo
1037 400 1065 421 ut
1087 393 1176 421 omnia
1197 399 1308 432 propter
1320 391 1370 420 Dei
1391 391 1514 420 timorem
1537 391 1643 430 eligatis
1658 414 1667 426 ,

94 438 275 477 ὑποδείγματα
291 442 401 468 τοιαῦτα
416 440 539 478 ἔχοντας·
555 440 600 468 καὶ
616 440 657 469 ὅτι
670 440 750 472 ὄντως
761 440 867 468 καὶτῶν

95 485 207 513 ἐνταῦθα
218 485 423 523 ἐπιτευξόμεθα,
437 486 483 515 ἐὰν
505 487 556 514 τῶν
580 486 730 523 μελλόντων
753 485 867 524 γνησίως

95 529 309 568 ἀντιλαὸώμεθα.
321 531 386 559 ”οτι
397 531 448 570 γὰρ
469 533 514 560 οὐκ
529 531 640 570 ἀπονοίᾳ
651 533 728 560 τοῦτο
742 531 850 565 ἐποίησε
859 554 868 567 ,

94 575 172 610 δῆλον
188 576 297 606 ἀπὸτοῦ
315 579 409 613 εἰπεῖν,
423 577 466 606 Τὰ
479 577 582 615 ὃόματοί
603 577 649 606 σού
663 589 704 606 σοι
725 577 802 606 ἔστω.
816 577 867 606 Καὶ

93 620 145 660 γὰρ
160 622 205 650 καὶ
229 625 305 652 τοῦτο
318 623 399 652 πάλιν
414 623 501 662 ἕτερον
517 623 638 661 ζήτημα,
661 625 718 656 πῶς
738 625 776 663 τῷ
797 624 867 662 λόγῳ

94 667 310 706 διακρουόμενος,
322 668 364 697 διὰ
379 672 432 698 τῶν
446 669 529 708 ἔργων
542 669 648 702 ἐδέξατο
659 669 707 704 τὴν
718 668 808 707 τιμὴν,
821 669 868 698 καὶ

93 712 200 752 ἐφόρεε-ε
213 714 257 742 τὸν
273 715 414 752 μανιάκην.
428 715 480 743 Καὶ
499 718 513 744 δ
535 714 582 753 μὲν
593 714 716 754 Ἡρώδης
732 714 846 747 ἀκούσας
855 737 864 749 ,

93 758 177 795 Φωνὴ
194 762 252 789 Θεοῦ
262 782 269 795 ,
292 760 336 788 καὶ
358 761 406 788 οὐκ
432 760 569 799 ἀνθρώπου
579 782 587 795 ‚
611 760 701 795 ἐπειδὴ
724 759 760 798 μὴ
784 760 867 788 ἔδωκε

923 450 983 468 cum
996 440 1059 468 talia
1075 440 1194 469 habentis
1207 440 1340 479 exempla,
1354 446 1379 467 et
1389 439 1461 477 quod
1477 445 1547 467 certo
1561 449 1591 468 ea
1603 449 1667 477 quo-

922 497 974 524 que
995 497 1055 524 quae
1074 487 1118 515 hic
1136 493 1197 515 sunt
1217 496 1402 524 assequemur,
1417 485 1439 514 si
1455 485 1542 513 sutura
1567 485 1669 514 sincere

921 532 1163 572 apprehendamus.
1179 534 1248 562 Nam
1273 531 1346 571 quod
1366 531 1416 560 hoc
1441 542 1493 560 non
1518 532 1609 560 fecerit
1634 542 1668 560 ex

920 580 1090 618 arrogantia,
1109 579 1281 618 perspicuum
1302 584 1341 607 cst
1362 588 1396 606 ex
1415 589 1444 606 eo
1463 577 1534 616 quod
1555 577 1665 612 dixerit,

924 626 1011 654 Dona
1027 632 1077 654 tua
1099 628 1157 655 sint
1177 627 1241 654 tihi.
1256 625 1363 655 Etenim
1381 631 1419 653 est
1439 624 1495 653 liaec
1512 624 1564 652 alia
1587 625 1666 653 etiam
1680 626 1741 647 ‘⁷⁰11-
1754 627 1820 658 5-17-

921 670 1033 708 quaestio
1045 693 1052 707 ,
1066 670 1201 709 quomodo
1221 671 1311 699 verbis
1331 670 1481 710 repellens,
1507 669 1583 698 sactis
1603 670 1668 709 ipsis

920 715 1049 745 honorem
1062 716 1221 756 suscepit,et
1236 723 1356 755 torquem
1367 716 1490 755 gestavit.
1502 716 1538 745 Et
1549 716 1668 746 Herodes

920 761 1030 799 quidem
1053 773 1115 791 cum
1129 761 1258 799 audisset,
1272 764 1327 791 Est
1341 773 1402 791 vox
1421 763 1478 797 dei,
1493 767 1519 791 et
1537 773 1596 790 non
1613 763 1664 791 Ιιο-
1677 771 1763 792 Λιιη
1779 779 1816 793 22.

93 803 168 838 δόξαν
188 807 225 844 τῷ
243 806 305 844 Θεῷ
316 827 322 841 ,
335 806 474 845 &eppei-(q,
487 806 530 834 καὶ
547 805 655 845 ἐξεχύθη
674 806 707 834 τὰ
723 805 865 844 onheim-vot
883 812 901 833 l)
919 810 1015 844 minis,
1028 808 1157 846 quoniam
1172 819 1224 837 non
1238 807 1313 837 dedit
1329 808 1443 847 gloriam
1455 809 1529 845 Deo,
1545 809 1666 848 crepuit,

94 851 186 879 αὐτοῦ·
202 846 275 884 οὗτος
290 852 317 881 δὲ
332 852 378 880 καὶ
389 855 459 881 Θεοῦ
469 851 551 890 τιμὴν
562 852 716 890 προσήκατο
725 875 732 887 ,
747 851 805 890 οὐχὶ
819 852 865 890 ῥῆ-

93 908 165 935 ματα
180 897 266 935 μόνον.
283 897 417 927 Ἐνταῦθα
440 900 582 937 ἀναγκαῖον
597 899 680 926 εἰπεῖν
694 897 720 926 τί
736 897 766 932 δὴ
788 898 864 925 τοῦτό

92 944 173 972 ἐστιν.
185 942 251 972 ζὈτι
263 946 360 973 ἐκεῖθεν
375 944 423 983 μὲν
438 946 474 977 εἷς
491 944 707 983 εἷδωλολατρείαν
726 943 864 976 ἐξέπιπτον

93 990 116 1017 οἵ
132 989 266 1028 ἄνθρωποι
291 990 412 1028 μείζονα,
428 992 545 1019 ἐντεῦθεν
567 989 594 1018 δὲ
615 989 711 1018 οὐκέτι.
734 990 812 1022 Πῶς;
824 989 864 1018 Τὸ

92 1034 144 1075 γὰρ
159 1038 316 1073 νομισθῆναι
331 1039 421 1065 τοῦτον
442 1040 567 1071 τοιοῦτον,
589 1035 654 1073 τιμὴ
674 1037 711 1068 εἷς
728 1035 772 1063 τὸν
793 1035 861 1063 Θεὸν

91 1076 122 1116 ἦν
135 1092 141 1098 ·
158 1081 201 1110 διὰ
216 1081 267 1120 γὰρ
288 1085 365 1110 τοῦτο
376 1081 518 1118 προλαδὼν
534 1076 605 1115 εἷπε,
621 1081 675 1109 Καὶ
694 1081 753 1118 ἐμοὶ
769 1080 796 1109 δὲ
817 1082 863 1109 οὐκ

91 1127 118 1154 ἐν
137 1127 214 1166 σοφίᾳ
230 1130 262 1166 τῇ
286 1127 349 1166 οὔσῃ
373 1128 399 1155 ἐν
421 1127 479 1165 ἐμοὶ
495 1126 680 1165 ἀπεκαλύφθη.
695 1125 796 1158 Ἄλλως
820 1126 861 1162 δὲ,

91 1172 148 1202 οὐδὲ
158 1173 279 1213 φαίνεται
289 1173 460 1213 προσιέμενος
470 1173 517 1206 τὰς
530 1173 657 1205 σπονδάς·
670 1168 727 1201 εἷπε
742 1171 790 1210 μὲν
801 1172 862 1212 γὰρ,

91 1219 180 1258 φησὶν,
195 1221 235 1248 ὅτι
249 1219 302 1260 χρὴ
318 1224 442 1255 σπεῖσαι,
461 1218 534 1248 οὔπω
551 1218 576 1248 δὲ
595 1219 674 1253 δῆλον
690 1218 808 1257 ἐγένετο,
821 1218 894 1262 ὅτιῃ

917 860 942 881 et
961 854 1044 882 effusa
1060 861 1122 882 sunt
1140 854 1242 883 viscera
1262 855 1319 893 ejus
1335 866 1341 881 t
1358 854 1401 883 hic
1417 861 1507 883 autem
1525 854 1606 883 etiam
1616 855 1666 883 Dei

916 899 1027 928 admisit
1046 900 1186 934 honorem,
1203 911 1254 928 non
1270 900 1351 929 verba
1367 907 1480 929 tantum.
1496 900 1549 929 Sed
1573 911 1664 930 neces—

916 955 943 972 se
954 951 993 973 est
1007 945 1096 973 dicere
1111 945 1241 983 quidnam
1257 946 1306 974 hoc
1318 946 1361 974 sit.
1377 946 1438 974 lllic
1449 946 1559 985 quidem
1574 947 1664 975 homi-

915 1001 959 1019 nes
971 990 998 1019 in
1013 991 1142 1030 majorem
1155 991 1285 1020 cadebant
1299 992 1481 1021 idololatriam
1491 1015 1497 1027 ,
1512 993 1556 1021 hic
1571 1000 1662 1022 autem

916 1046 968 1064 non
988 1036 1093 1065 itidem.
1105 1037 1248 1071 Quomodo
1260 1038 1273 1065 ἱ)
1289 1038 1357 1066 Nam
1371 1039 1442 1076 quod
1458 1039 1502 1068 hic
1521 1039 1665 1068 existima-

915 1088 959 1109 tus
978 1088 1045 1110 esset
1060 1082 1131 1117 talis,
1150 1083 1176 1111 in
1192 1083 1242 1111 Dei
1260 1083 1387 1112 honorem
1400 1085 1500 1113 sactum
1518 1093 1556 1114 cst
1575 1098 1581 1113 :
1597 1097 1663 1126 pro-

914 1133 1004 1165 pterea
1027 1127 1099 1155 enim
1120 1128 1196 1166 prius
1215 1128 1286 1156 dixit
1307 1130 1407 1157 :Mihi
1428 1137 1526 1159 autem
1551 1142 1609 1160 non
1633 1134 1663 1160 in
1678 1137 1736 1158 Dmr.
1752 1138 1806 1158 2-30

914 1175 1073 1211 sapientia,
1088 1183 1154 1212 quae
1169 1180 1211 1201 est
1232 1174 1264 1201 in
1277 1171 1507 1210 me‚'revelatmn
1521 1184 1573 1205 est.
1588 1178 1664 1207 Alio-

897 1218 982 1264 4quin
995 1228 1043 1247 nec
1053 1218 1170 1247 cernitur
1183 1218 1326 1247 admittere
1339 1218 1470 1248 libamina
1483 1233 1488 1247 :
1499 1221 1571 1250 dixit
1582 1223 1664 1257 enim,

90 1264 134 1292 καὶ
148 1265 178 1294 τὸ
189 1264 263 1305 ἔργον
279 1264 522 1304 παρηκολούθησεν.
536 1264 610 1294 Ἐκεῖ
625 1264 652 1293 δὲ
665 1264 778 1304 ἤνεγκαν
793 1264 863 1294 ²560-
881 1272 899 1294 Α
915 1263 1012 1303 inquit,
1025 1264 1098 1303 quod
1109 1271 1212 1304 oportet
1221 1265 1315 1302 libare,
1327 1265 1437 1294 minime
1450 1273 1539 1295 autem
1556 1275 1595 1296 est
1609 1279 1665 1298 ma-

89 1321 118 1338 τε
131 1309 191 1343 τοὺς
204 1311 313 1350 ταύρους
325 1314 472 1340 καταθῦσαι
481 1323 487 1328 ·
504 1311 550 1340 καὶ
565 1311 675 1340 ἐκάλουν
685 1311 728 1339 τὸν
742 1310 789 1349 μὲν
802 1311 863 1347 Δία,

88 1356 132 1385 τὸν
149 1356 175 1385 δὲ
190 1356 305 1396 Ἑρμῆν.
325 1358 379 1386 Τὸν
405 1357 452 1396 μὲν
475 1353 518 1386 οὖν
537 1357 670 1395 μανιάκην
695 1357 863 1397 προσήκατο,

88 1401 132 1430 ἵνα
146 1403 224 1437 δῆλον
239 1403 332 1432 ἑαυτὸν
347 1403 445 1442 ποιήσῃ
457 1415 463 1421 ·
478 1403 526 1439 τὴν
542 1403 633 1442 μέντοι
648 1403 763 1438 σπονδὴν
778 1404 821 1432 διὰ
837 1404 863 1432 τί

90 1447 127 1486 μὴ
140 1448 260 1487 φαίνεται
274 1449 491 1488 διακρουόμενος
503 1450 549 1478 καὶ
571 1449 623 1489 γὰρ
637 1450 691 1478 ἐκεῖ
706 1451 752 1478 οὐκ
770 1450 860 1485 ἐποίη-

89 1505 148 1530 σαν,
161 1495 219 1523 ἀλλ’
234 1495 421 1534 ἐπεχείρησαν,
436 1495 481 1524 καὶ
502 1495 637 1524 ἐκώλυσαν
657 1497 681 1523 οἱ
705 1495 861 1524 ἀπόστολοι·

89 1540 158 1569 ὥστε
179 1540 224 1570 καὶ
247 1541 358 1570 ἐνταῦθα
382 1541 435 1569 ἔδει
456 1541 549 1574 εὐθέως
574 1541 796 1581 διακρούσασθαι’
818 1542 863 1570 καὶ

916 1311 1043 1340 nifestum
1063 1311 1136 1349 quod
1154 1322 1197 1340 res
1210 1311 1328 1340 deducta
1342 1311 1378 1340 sit
1398 1311 1433 1340 ad
1450 1312 1584 1341 effectum.
1605 1315 1665 1343 Illic

916 1368 979 1386 vero
987 1357 1161 1387 adduxerunt
1168 1363 1260 1386 tauros
1268 1364 1298 1386 ut
1307 1357 1477 1387 immolarent
1486 1370 1492 1386 :
1501 1365 1526 1387 et
1532 1360 1665 1389 vocabant

914 1403 1030 1433 alterum
1045 1403 1155 1442 quidem
1163 1404 1270 1441 Jovem,
1283 1404 1399 1432 alterum
1412 1415 1476 1433 vero
1487 1406 1665 1435 Mercurium.

916 1450 1052 1488 Torquem
1073 1456 1164 1478 autem
1184 1449 1309 1486 admisit,
1323 1456 1354 1478 ut
1376 1461 1403 1479 se
1425 1450 1550 1480 redderet
1573 1453 1665 1481 mani-

913 1496 1011 1524 festum
1028 1507 1037 1534 5
1054 1496 1173 1524 libamen
1188 1503 1278 1524 autem
1301 1507 1349 1525 cur
1367 1507 1419 1526 non
1434 1496 1536 1526 dicitur
1548 1499 1664 1538 repelle-

914 1542 964 1571 re?
977 1541 1087 1570 Etenim
1098 1541 1155 1571 illic
1167 1552 1220 1570 non
1233 1542 1352 1570 fecerunt
1363 1565 1371 1579 ‚
1388 1542 1434 1571 sed
1449 1544 1567 1582 aggressi
1584 1551 1645 1573 sunt
1657 1567 1664 1580 ,

91 1586 144 1614 ἐκεῖ
160 1585 207 1623 μὲν
233 1587 315 1624 δ’ἧμος
329 1586 471 1626 ὁλόκληρος
493 1583 535 1624 ἦν,
551 1588 662 1616 ἐνταῦθα
677 1587 704 1616 δὲ
728 1586 861 1626 τύραννος.
914 1594 939 1617 et
952 1588 1150 1628 prohibuerunt
1162 1588 1276 1628 apostoli
1291 1601 1296 1616 :
1311 1588 1347 1617 ita
1363 1596 1392 1617 ut
1408 1589 1452 1618 hic
1468 1600 1573 1628 quoque
1585 1601 1664 1630 opor-

124 1696 134 1708 ·
146 1689 155 1722 [
165 1690 236 1715 Fort.
253 1695 290 1717 xxi
300 1692 351 1720 τοὺς
364 1703 384 1716 r.
400 1694 457 1717 ὧστς
470 1703 521 1718 κατ.
533 1692 541 1723 ]

510 1802 685 1831 MUTIANO
707 1802 962 1832 SCHOLASTICO
984 1802 1238 1831 INTERPRETE.

92 1907 158 1936 nes?
172 1907 230 1936 Hoc
249 1917 303 1936 non
323 1907 408 1944 dico;
426 1906 527 1935 sufficit
547 1907 618 1935 enim
635 1906 702 1935 mihi
719 1906 893 1945 quaestionem
916 1907 1099 1946 proposuisse,
1115 1913 1210 1935 caetera
1229 1917 1290 1935 vero
1310 1908 1495 1946 praetermitto,
1510 1916 1539 1938 ut
1561 1911 1603 1939 vel
1625 1912 1662 1941 sic

92 1954 206 1982 excitem
224 1960 339 1982 mentem
354 1959 480 1982 vestram.
492 1952 566 1981 Illud
581 1959 670 1981 autem
685 1963 791 1988 moneo,
808 1960 838 1981 ut
853 1953 943 1981 omnia
958 1964 1008 1992 pro
1023 1953 1119 1982 timore
1133 1952 1244 1981 Domini
1259 1953 1420 1993 suscipiatis.
1432 1955 1562 1995 ermpla
1577 1957 1661 1997 quip-

93 2011 126 2040 pe
137 2000 266 2029 habemus
281 2000 342 2029 talia
353 2023 360 2037 ‚
374 2000 438 2039 quia
452 2011 544 2029 revera
561 2000 640 2029 etiam
657 2000 684 2028 in
699 2000 750 2029 hac
763 2000 819 2028 vita
832 1999 1009 2039 adipiscimur
1027 2000 1109 2037 bona,
1122 1999 1145 2028 si
1160 1999 1193 2028 de
1204 2000 1302 2029 futuris
1317 2011 1441 2039 germane
1455 2009 1479 2031 et
1494 2002 1595 2042 integre
1609 2015 1660 2033 cu-

93 2058 151 2076 ram
165 2047 334 2086 gesserimus.
347 2047 417 2082 Quia
439 2058 502 2077 vero
520 2057 571 2076 non
594 2046 646 2076 hoc
663 2047 806 2086 superbia,
818 2047 861 2076 vel
879 2047 1030 2087 arrogantia
1049 2047 1123 2085 fecit,
1136 2046 1308 2075 manifestum
1326 2054 1365 2076 est
1380 2058 1414 2076 ex
1431 2059 1461 2077 eo
1477 2049 1549 2087 quod
1568 2050 1639 2080 dixit
1653 2064 1658 2079 ε

93 2094 182 2122 Dona
197 2100 248 2122 tua
259 2095 311 2122 tibi
324 2096 394 2122 sint.
406 2094 515 2123 Etenim
527 2094 608 2123 etiam
618 2093 662 2122 hic
675 2094 726 2122 alia
737 2094 848 2133 quaestio
861 2102 910 2131 est,
922 2094 1057 2133 quomodo
1069 2104 1189 2123 sermone
1200 2093 1442 2133 pellens‚0peribus
1455 2096 1571 2135 suscepit
1582 2097 1660 2127 illum

94 2140 263 2178 honorem‚et
277 2140 389 2169 indutus
403 2147 504 2179 torque.
514 2141 550 2170 Et
565 2140 684 2170 Herodes
698 2140 807 2180 quidem
822 2141 943 2177 audiens,
956 2142 1018 2169 Vox
1032 2142 1099 2178 Dei,
1107 2147 1133 2169 et
1150 2151 1209 2168 non
1223 2139 1359 2177 hominis,
1366 2141 1429 2180 quia
1444 2152 1496 2171 non
1510 2142 1585 2172 dedit
1600 2144 1660 2183 glo—

93 2188 160 2217 riam
167 2189 234 2225 Deo,
242 2188 355 2227 crepuit,
363 2195 388 2217 et
403 2188 486 2217 effusa
497 2195 558 2217 sunt
571 2188 672 2217 viscera
685 2189 741 2228 ejus
754 2200 759 2216 :
773 2188 822 2217 iste
834 2196 922 2218 autem
938 2195 962 2218 ct
978 2189 1106 2218 honorem
1115 2189 1172 2217 Deo
1183 2187 1317 2224 exhibuit,
1327 2198 1377 2217 non
1393 2188 1475 2217 verba
1486 2191 1660 2221 tantum.Se‹l

92 2235 271 2265 necessarium
287 2242 323 2264 est
335 2235 435 2273 dicere,
451 2246 498 2264 cur
513 2235 549 2264 ita
563 2242 640 2264 esset.
656 2235 717 2264 Illic
731 2235 840 2274 quidem
853 2236 886 2265 ad
900 2236 1080 2265 idololatriam
1095 2235 1280 2265 immaniorem
1294 2235 1416 2264 homines
1429 2235 1599 2277 decidebant,
1615 2238 1660 2268 hic

92 2289 181 2311 autem
202 2292 377 2321 nequaquam.
392 2282 534 2317 Quomodo
559 2282 610 2311 hoc
625 2282 638 2310 Ξ)
652 2282 690 2311 Ut
710 2282 782 2311 enim
804 2282 854 2311 iste
869 2289 1008 2322 putaretur
1030 2282 1110 2318 talis,
1134 2288 1180 2310 aut
1195 2291 1247 2310 non
1269 2287 1418 2321 putaretur,
1435 2281 1470 2310 ad
1485 2283 1571 2311 Deum
1585 2284 1657 2313 redi-

91 2330 204 2369 gebatur
218 2343 224 2358 :
241 2337 379 2370 propterea
396 2330 468 2359 enim
484 2330 640 2359 antecedens
655 2330 705 2359 hoc
721 2330 793 2359 dixit
807 2342 812 2358 :
825 2332 902 2359 Mihi
919 2338 1014 2360 autem
1032 2341 1091 2359 non
1107 2334 1136 2359 in
1147 2331 1293 2368 sapientia
1307 2330 1468 2358 revelatum
1484 2336 1534 2358 est.
1554 2331 1658 2361 Deinde

91 2387 175 2416 neque
195 2384 307 2416 apparet
326 2377 439 2415 alicubi,
456 2377 518 2415 quia
536 2377 652 2416 suscepit
673 2377 733 2405 illas
752 2377 966 2406 immolationes:
983 2377 1055 2406 dixit
1077 2376 1164 2412 enim,
1182 2375 1286 2414 iuquit,
1301 2375 1364 2413 quia
1385 2382 1487 2414 oportet
1505 2376 1654 2417 immolare,

90 2425 137 2454 sed
154 2435 206 2454 non
223 2431 262 2453 est
281 2424 452 2452 manifestum
475 2431 566 2453 utrum
581 2424 660 2453 etiam
677 2434 746 2463 opus
761 2431 954 2463 consequutum
968 2425 1012 2453 sit.
1029 2424 1088 2453 Illic
1103 2430 1191 2452 autem
1209 2422 1381 2451 adduxerunt
1395 2429 1495 2459 tauros,
1511 2431 1540 2452 ut
1554 2424 1655 2455 immo-

91 2471 189 2509 larent,
202 2478 228 2500 et
247 2471 377 2501 vocabant
396 2471 474 2500 illum
488 2471 598 2510 quidem
616 2472 724 2507 Jorem,
738 2471 816 2500 illum
835 2479 924 2502 autem
938 2472 1114 2502 Mercurium.
1131 2471 1267 2509 Torquem
1285 2470 1375 2508 itaque
1395 2470 1529 2510 suscepit,
1545 2478 1574 2500 ut
1592 2483 1652 2501 ma-

91 2518 216 2547 nifestum
236 2528 263 2547 se
284 2518 379 2547 faceret
397 2530 403 2546 :
421 2518 632 2547 immolationem
652 2525 742 2547 autem
761 2529 810 2548 cur
831 2529 883 2547 non
905 2518 1057 2558 repulerit?
1071 2517 1180 2547 Etenim
1203 2516 1259 2545 illic
1280 2526 1332 2545 non
1353 2516 1485 2553 fecerunt,
1499 2516 1544 2545 sed
1567 2520 1653 2547 conati

93 2571 153 2593 sunt
162 2586 171 2602 ‚
184 2571 208 2594 et
224 2564 421 2604 prohibuerunt
435 2565 549 2604 apostoli
565 2577 570 2593 :
586 2565 698 2605 proinde
712 2565 756 2596 hic
770 2566 849 2595 etiam
865 2566 1004 2606 oportebat
1019 2565 1140 2595 celeriter
1154 2571 1178 2594 et
1193 2563 1332 2594 confestim
1348 2563 1500 2603 prohibere.
1515 2564 1582 2594 Item
1597 2565 1653 2595 illic

1482 2616 1529 2645 ⁶25.
