1906 2846
279 173 343 208 280

271 246 341 282 quit,
359 244 479 272 amittere
494 241 681 270 confidentiam
698 247 820 268 vestram.
838 241 926 268 Multa
947 250 1009 277 crgo

271 297 325 318 crat
341 299 430 317 corum
446 288 470 315 in
486 288 572 314 Deum
587 285 697 312 fiducia.
718 286 787 322 Qua?
802 295 952 323 magnam,
969 285 1008 312 in-

271 335 336 372 quit,
352 336 438 361 hahet
453 332 727 360 remunerationem.
741 329 815 364 Quid
834 330 883 357 hoc
905 337 954 365 cst,
969 331 1009 358 in-

269 380 348 417 quit?
367 380 445 406 Tunc
465 377 510 404 ilia
535 375 703 413 recipiemus,
720 375 815 413 inquit.
837 374 920 413 Ergo,
945 376 965 404 si
983 376 1008 403 in

268 424 356 451 futuro
369 421 482 461 reposita
497 427 566 457 sunt,
578 430 630 448 non
644 427 746 458 oportet
760 420 805 448 hic
816 430 942 458 quaerere.
956 421 1007 448 Dc-

268 468 329 495 indc
350 478 381 496 ne
402 467 461 504 quis
476 466 586 501 diecret,
606 465 674 494 Eccc
688 465 777 494 omnia
792 465 869 494 nobis
891 466 1008 505 praestita

266 520 328 541 sunt
341 525 346 540 :
363 519 499 552 propterea
512 522 555 540 eos
569 511 767 550 praeoccupavit
780 511 806 539 in
820 521 850 539 ea
862 522 942 549 quam
954 512 1007 551 ipsi

267 559 399 587 habebant
421 558 555 597 opinione,
572 556 766 596 propemodum
779 556 872 585 dicens
895 569 901 584 :
926 557 956 586 Si
979 558 1006 586 in

266 606 330 633 caelo
351 603 508 642 cognoscitis
532 614 579 632 vos
602 603 700 631 habere
723 602 860 631 meliorem
878 603 1005 631 substan—

266 650 341 687 tiam,
368 649 435 678 nihil
457 649 501 677 hic
526 649 636 687 quaerite
659 660 665 675 ε
692 648 818 688 patientia
833 648 904 677 enim
928 648 1006 677 vobis

264 707 331 735 opus
346 702 392 731 est,
414 705 466 723 non
481 694 664 723 additamento
679 694 843 731 certaminis,
858 701 888 723 ut
908 695 935 723 in
958 695 1005 723 iis-

264 742 323 770 dem
340 741 475 775 maneatis,
490 751 523 769 ne
545 740 618 779 quod
642 747 680 769 est
697 740 774 769 vobis
789 740 917 768 traditum
932 740 1003 779 abji-

264 787 347 815 ciatis.
365 786 446 815 Nullo
468 786 521 815 alio
544 786 621 814 vobis
642 792 680 814 est
705 796 787 824 opuS,
811 796 893 823 quam
917 793 946 814 ut
967 786 1003 814 ita

267 835 348 870 stetis,
370 840 399 862 ut
413 834 531 869 stetistis,
552 840 582 861 ut
596 844 657 862 cum
671 833 706 862 ad
721 833 800 861 finem
815 833 1002 872 perveneritis,

262 881 400 920 accipiatis
409 881 621 920 promissionem.
633 881 680 909 56.
698 882 852 909 Patientia
863 882 951 916 enim,
963 880 1005 908 in—

262 927 331 965 quit,
348 928 433 955 vobis
448 928 612 955 necessaria
634 932 687 963 est,
702 932 733 954 ut
751 926 935 954 voluntatem
946 927 1004 954 Dei

253 974 416 1012 facientes,
444 974 594 1011 reportetis
607 974 838 1011 promissionem.
862 973 924 1001 Uno
947 972 1003 1000 solo

225 1055 230 1057 ‚
260 1028 323 1057 crgo
346 1018 423 1047 vobis
437 1028 505 1057 opus
527 1025 576 1054 est,
599 1024 628 1046 ut
653 1017 810 1056 exspectetis
831 1016 1001 1055 dilationem,

261 1074 312 1093 non
336 1071 365 1092 ut
389 1074 480 1092 rursus
504 1063 619 1092 certetis.
639 1063 681 1091 Ad
704 1063 801 1102 ipsam,
829 1063 924 1101 inquit,
945 1064 1002 1102 jam

259 1110 369 1139 venistis
385 1120 509 1138 coronam
522 1120 529 1147 ;
544 1109 633 1137 omnia
654 1108 753 1137 tulistis
775 1109 928 1143 certamina,
942 1108 1003 1136 vin-

260 1156 332 1192 cula,
350 1155 518 1190 afflictiones,
543 1161 625 1193 raptae
649 1160 710 1182 sunt
723 1161 786 1182 sunt
805 1160 899 1183 vestrae
913 1154 1000 1182 facul-

261 1209 327 1230 tates
339 1213 345 1229 :
361 1200 427 1240 quid
441 1200 528 1239 ergo?
542 1201 583 1228 De
597 1207 691 1228 caetero
705 1199 739 1228 ad
754 1200 805 1228 hoc
819 1200 903 1236 statis,
915 1207 945 1228 ut
959 1210 1002 1228 co-

260 1247 410 1275 ronemini:
427 1246 477 1274 hoc
493 1246 579 1274 solum
604 1246 677 1282 ferte,
694 1256 795 1274 coronae
816 1246 913 1274 suturae
934 1245 1002 1274 dila-

262 1292 371 1321 tionem.
388 1292 411 1320 Ο
430 1291 587 1329 magnitudo
612 1290 816 1320 consolationis}
834 1292 871 1320 [t
896 1292 918 1319 si
943 1292 1002 1329 quis

259 1337 331 1366 dicat
345 1338 449 1366 athletae
463 1338 508 1375 qni
524 1347 614 1365 omnes
628 1336 773 1375 prostravit
785 1343 808 1364 et
823 1337 1000 1375 expugnavit,

260 1395 346 1421 neque
366 1384 450 1411 ullum
468 1383 544 1411 habet
567 1382 752 1410 adversarium
767 1393 828 1410 cum
842 1392 894 1419 quo
909 1381 1001 1409 decer-

260 1436 305 1461 tet,
321 1436 344 1457 et
361 1427 458 1456 deinde
478 1428 513 1455 sit
530 1427 708 1463 coronandus,
726 1433 750 1454 et
774 1437 826 1454 non
846 1427 913 1454 ferat
933 1426 1001 1454 illud

260 1481 364 1512 tempus
379 1484 430 1511 quo
445 1473 516 1500 venit
540 1472 708 1510 agonotheta,
734 1478 759 1499 et
787 1471 901 1510 imponit
922 1481 1000 1499 coro-

260 1530 320 1547 nam
336 1531 342 1546 x
358 1519 403 1546 illc
418 1525 505 1546 autem
520 1528 571 1545 non
587 1518 701 1545 tolerans
716 1517 775 1545 vult
790 1517 862 1545 exire
884 1524 907 1545 ct
921 1517 999 1555 fuge-

260 1575 296 1598 re⁷
312 1571 339 1591 ut
354 1564 399 1601 qui
415 1574 466 1592 non
482 1564 547 1591 ferat
562 1564 634 1591 sitim
647 1570 671 1591 et
686 1569 789 1591 aestum.
804 1564 862 1602 lpse
876 1573 938 1602 ergo
951 1562 1001 1591 hoc

260 1609 430 1637 subindicans
445 1609 512 1646 quid
526 1608 615 1636 dicit?
630 1609 677 1636 57*
693 1608 803 1636 Adhuc
817 1610 894 1636 enim
909 1609 1000 1636 modi—

261 1666 325 1685 cum
344 1656 630 1695 aliquantulumque,
656 1656 706 1693 qui
720 1661 863 1683 venturus
883 1661 924 1683 est
943 1665 997 1682 ve—

593 183 619 203 S.
648 181 787 204 JotNms
813 180 993 202 ctttts'SOST.
1023 179 1179 203 ARcfflEP.
1208 181 1475 205 CONSTANTINOP-

1065 241 1269 277 μισθαποδοσίαν
1290 242 1416 279 μεγάλην.
1431 242 1467 270 Τί
1491 244 1546 271 ἐστι
1570 244 1740 279 τοῦτο;Το’τε
1763 243 1829 271 αὐτὶ

1064 286 1210 324 ληψόμεθα,
1225 287 1313 324 φησίν.
1328 288 1431 315 Οὐκοῦν
1447 288 1469 316 εἷ
1482 288 1550 316 κατὰ
1564 288 1594 316 τὸ
1610 290 1702 326 μέλλον
1718 289 1829 318 ἀπόκει-

1064 343 1123 365 ται,
1140 333 1169 360 οὗ
1187 332 1224 360 δεῖ
1245 333 1354 360 ἐνταῦθα
1378 334 1473 367 ζητεῖν.
1489 328 1573 369 Εἶτα,
1587 333 1630 362 ἵνα
1648 335 1683 372 μή
1699 347 1738 367 τις
1752 335 1812 373 εἴπῃ
1823 358 1830 370 ‚

1060 375 1117 404 ἰδοὺ
1131 376 1164 404 τὰ
1178 378 1241 416 παρ’
1253 379 1328 414 ἡμῶν
1344 378 1430 406 πάντα
1448 380 1593 417 ὑπῆρκται,
1604 379 1647 407 διὰ
1659 383 1734 409 τοῦτο
1747 383 1824 419 προέ-

1062 422 1141 450 λα’ὅεν
1167 422 1257 455 αὐτοὺς
1282 423 1326 450 καὶ
1353 426 1385 461 τῇ
1415 424 1498 452 αὐτῶν
1524 425 1667 464 ὑπολήψει,
1693 428 1828 465 μονονουχὶ

1061 471 1137 496 τοῦτο
1151 468 1247 507 λέγων·
1267 471 1288 497 εἷ
1304 470 1329 497 ἐν
1346 470 1461 508 οὐρανοῖς
1474 469 1616 508 γινώσκετε
1635 470 1704 509 ἔχειν
1719 470 1828 510 ῧπαρξιν

1062 514 1217 552 κρείσσονα,
1243 513 1324 551 μηδὲν
1346 515 1457 542 ἐνταῦθα
1482 516 1600 549 ζητεῖτε·
1622 517 1757 554 ὑπομονῆς
1776 517 1828 556 γὰρ

1062 559 1135 597 ἔχετε
1159 559 1260 598 χρείαν,
1275 559 1334 598 οὐχὶ
1354 559 1507 598 προσθήκης
1530 562 1644 599 ἀγῶνος,
1658 561 1700 589 ἵνα
1721 563 1748 590 ἓν
1773 567 1827 595 τοῖς

1062 606 1148 636 αὐτοῖς
1173 604 1294 642 μείνητε,
1309 603 1351 632 ἵνα
1375 605 1412 642 μὴ
1433 605 1524 643 ῥίψητε
1542 606 1572 634 τὸ
1589 606 1758 645 ε’γχειρισθέν.
1773 608 1827 636 Οὐ-

1061 649 1131 683 δενὸς
1147 652 1208 688 ὑμῖν
1223 650 1310 689 ἑτέρου
1325 651 1377 686 δεῖ,
1391 651 1450 679 &DJ
1463 651 1479 685 ἢ
1495 650 1563 680 ὥστε
1578 653 1686 687 στῆναι,
1700 654 1735 685 ὥς
1749 653 1826 688 ἐστ-ν’,-

1061 707 1138 732 κατε,
1160 696 1202 724 ἴνα
1225 696 1289 734 πρὸς
1310 696 1341 724 τὸ
1361 695 1435 728 τέλος
1458 696 1590 733 ἐλθόντες,
1611 696 1756 734 κομίσησθε
1777 698 1825 733 τὴν

1061 741 1229 780 ἐπαγγελίαν.
1243 741 1394 779 Ἴ’πομονῆς
1407 741 1459 781 γὰρ
1474 741 1546 780 ἔχετε
1555 763 1562 776 ,
1574 742 1638 781 φησὶ
1647 764 1654 778 ,
1669 742 1772 782 χρείαν,
1782 743 1825 771 ἵνα

1059 786 1089 815 τὸ
1101 788 1202 824 θέλημα
1214 790 1259 815 τοῦ
1270 788 1339 816 Θεοῦ
1352 786 1674 825 ποιήσαντες,κομίσησθε
1686 787 1733 823 τὴν
1745 789 1825 827 ἐπαγ-

1059 832 1157 872 γελίαν.
1169 832 1234 871 Ἄρα
1250 833 1304 865 ἑνὸς
1318 835 1379 870 ὑμῖν
1394 834 1432 861 δεῖ
1447 833 1534 870 μόνου,
1548 832 1592 861 ἵνα
1604 833 1764 871 ἀναμείνητε
1776 834 1824 868 τὴν

1059 879 1195 915 μέλλησιν,
1210 879 1258 917 οὐχ
1273 878 1315 906 ἵνα
1330 878 1462 913 ἀθλήσητε
1477 878 1566 906 πάλιν.
1580 879 1652 918 Πρὸς
1665 878 1710 907 τὸν
1724 879 1824 918 στέφα-

1058 937 1100 953 νον
1114 924 1190 953 αὐτόν
1206 925 1263 953 ἐστε
1273 947 1280 960 ,
1290 924 1366 963 φησὶ,
1375 923 1434 956 τοὺς
1449 925 1552 962 ἀγῶνας
1566 923 1667 956 πάντας
1681 924 1808 963 ἠνέγκατε
1817 948 1825 961 ,

1058 969 1117 1003 τοὺς
1131 969 1256 1008 δεσμοὺς,
1270 969 1317 1003 τὰς
1339 969 1452 1008 θλίψεις,
1467 969 1501 998 τὰ
1521 969 1673 1009 ὑπάρχοντα
1687 972 1761 1008 ὑμῶν
1774 973 1822 1009 ἦρ-

1058 1016 1143 1054 ποίγη·
1161 1016 1187 1045 τί
1202 1011 1260 1052 οῧν;
1273 1015 1345 1055 Πρὸς
1359 1016 1388 1044 τὸ
1407 1018 1606 1055 στεφανωθῆναι
1626 1017 1755 1052 ἑστήκατε
1767 1018 1824 1046 λοι-

1058 1062 1120 1090 πόν·
1133 1064 1208 1090 τοῦτο
1221 1061 1296 1099 μόνον
1311 1061 1416 1100 φέρετε,
1427 1061 1474 1096 τὴν
1487 1061 1614 1099 μέλλησιν
1626 1066 1671 1091 τοῦ
1685 1063 1822 1102 στεφάνου.

1057 1103 1096 1136 ³ss
1112 1107 1218 1145 μέγεθος
1236 1107 1442 1146 παρακλήσεως·
1459 1106 1540 1138 οὕτως
1555 1107 1646 1140 αὐτοὺς
1659 1109 1823 1147 παρακαλεῖ,

1057 1155 1092 1185 ὡς
1112 1153 1142 1181 ἄν
1165 1165 1203 1185 τις
1218 1152 1286 1181 εἴποι
1302 1153 1364 1191 πρὸς
1380 1152 1494 1187 ἀθλητὴν
1508 1152 1608 1185 πάντας
1623 1153 1823 1189 καταὸαλόντα,

1056 1198 1101 1226 καὶ
1126 1198 1225 1236 μηδένα
1249 1197 1342 1236 ἔχοντα
1368 1198 1563 1235 ἀνταγωνιστὴν
1574 1219 1581 1232 ,
1607 1193 1664 1226 εἶτα
1692 1199 1822 1234 μέλλοντα

1057 1247 1260 1282 στεφανοῧσθειι,
1281 1243 1326 1271 καὶ
1347 1245 1376 1271 οὔ
1399 1242 1509 1281 φέροντα
1531 1242 1576 1270 τὸν
1596 1243 1690 1281 χρόνον
1712 1245 1821 1279 ἐκεῖνον,

1056 1292 1113 1318 καθ’
1127 1290 1153 1317 ὃν
1169 1291 1182 1317 ὁ
1198 1287 1359 1326 ἀγωνοθέτης
1373 1287 1547 1325 ἔρχεται,κα“ι
1559 1287 1646 1323 τίθησι
1660 1288 1704 1316 τὸν
1719 1288 1820 1328 στέφα-

1055 1347 1097 1364 νον
1107 1347 1112 1352 ·
1127 1336 1222 1366 ἐκεῖνος
1235 1334 1262 1361 δὲ
1278 1332 1461 1371 ἀκαρτερῆτως
1475 1332 1552 1371 ἔχων,
1565 1333 1635 1362 θέλοι
1649 1333 1759 1366 ἐξελθεῖν
1774 1335 1821 1363 καὶ

1054 1384 1152 1418 φυγεῖν,
1165 1381 1199 1411 ὡς
1212 1379 1248 1416 μὴ
1266 1379 1349 1417 φέρων
1362 1378 1392 1407 τὸ
1406 1377 1478 1416 δίψος
1488 1378 1533 1406 καὶ
1546 1378 1589 1406 τὸν
1601 1379 1726 1417 φλογμόν.
1735 1381 1822 1409 Τοῦτο

1054 1425 1138 1453 τοίνυν
1149 1425 1224 1456 αὐτὸς
1235 1424 1424 1462 αἰνιττόμενος,
1435 1423 1460 1451 τί
1475 1435 1568 1462 φησιν;
1579 1423 1643 1452 Ἔτι
1656 1425 1748 1463 μικρὸν
1760 1425 1820 1454 ὅσον

1055 1470 1130 1505 ὅσον,
1145 1472 1158 1498 ὁ
1173 1469 1312 1508 ἐρχόμενος
1327 1469 1397 1505 ἥξει,
1411 1469 1456 1497 καὶ
1474 1470 1503 1497 οὐ
1516 1473 1625 1508 χρονιεῖ.
1642 1468 1700 1498 Ἵνα
1715 1469 1767 1508 γὰρ
1781 1470 1820 1508 μὴ

1053 1517 1162 1555 λέγωσι,
1188 1516 1233 1544 καὶ
1258 1516 1322 1544 πότε
1345 1515 1413 1550 ’,ἷξες
1437 1515 1489 1543 ἀπὸ
1513 1516 1564 1543 τῶν
1586 1516 1699 1554 Γραφῶν
1727 1516 1820 1549 αὐτοὺς

1055 1563 1216 1601 παρακαλεῖ·
1241 1561 1286 1589 καὶ
1311 1560 1362 1599 γὰρ
1385 1560 1431 1596 τὸ,
1457 1562 1510 1589 Νῦν
1535 1559 1671 1600 ἐγγύτερον
1697 1563 1772 1598 ἡμῶν
1801 1564 1819 1596 ἡ

1055 1607 1184 1646 σωτηρία,
1197 1607 1258 1635 ὅταν
1279 1605 1342 1644 λέγῃ
1363 1607 1493 1644 ἀλλαχοῦ,
1504 1608 1699 1644 παραμυθεῖται
1715 1604 1821 1641 αὐτοὺς,

1054 1655 1088 1685 ὡς
1107 1652 1194 1690 ὀλίγου
1214 1652 1285 1683 ὄντος
1306 1655 1351 1680 τοῦ
1374 1650 1528 1689 λειπομένου
1550 1650 1655 1689 χρόνου.
1670 1650 1721 1680 Καὶ
1745 1653 1823 1678 τοῦτο

682 1786 855 1814 ΜΟΤΙΑΝΟ
877 1786 1133 1815 SCHOLASTICO
1154 1785 1408 1815 INTERPRETE.

261 1905 448 1935 confidentiam
472 1914 596 1935 vestram.
612 1907 728 1945 Apparet
751 1916 829 1944 crgo,
843 1906 906 1944 quia
920 1906 947 1934 in
972 1905 1133 1934 confidentia
1157 1906 1241 1934 multa
1264 1913 1338 1935 erant
1360 1906 1396 1934 ad
1410 1907 1506 1935 Deum.
1525 1907 1595 1945 Quoe
1608 1916 1761 1946 magnam,
1777 1906 1819 1936 in-

260 1952 334 1990 quit,
348 1953 435 1980 habet
451 1954 722 1980 remunerationem.
738 1951 774 1980 Et
786 1951 894 1990 quando
907 1962 966 1980 eam
979 1962 1126 1989 sumemus,
1140 1952 1248 1990 inquit?
1264 1952 1335 1981 Ecce
1349 1962 1408 1990 quae
1420 1963 1454 1981 ex
1467 1952 1546 1981 nobis
1557 1959 1633 1981 erant
1645 1953 1736 1981 omnia
1750 1953 1819 1981 faeta

261 2005 333 2028 sunt.
349 2000 492 2038 Propterea
509 2006 570 2028 ante
584 2001 627 2038 [f.
643 1999 797 2038 antecapit]
812 2010 904 2028 eorum
920 1999 1110 2038 cogitationem
1123 2010 1191 2039 pene
1203 1999 1294 2028 dicens
1307 2011 1313 2026 :
1328 1999 1357 2028 Si
1371 1999 1399 2028 in
1413 1999 1484 2028 caelis
1497 1999 1647 2038 intelligitis
1662 2009 1710 2029 vos
1723 1999 1821 2028 habere

262 2045 438 2074 substantiam
453 2047 600 2082 meliorem,
621 2046 690 2075 nihil
704 2046 857 2085 requiratis,
883 2046 930 2075 sed
943 2053 1047 2074 tantum
1067 2047 1113 2074 hic
1125 2046 1253 2085 patientia
1267 2056 1335 2085 opus
1346 2053 1401 2082 est3
1415 2053 1440 2074 et
1454 2057 1506 2074 non
1518 2053 1547 2074 ut
1560 2046 1675 2082 addatis,
1692 2046 1739 2074 sed
1752 2053 1781 2074 ut
1793 2046 1820 2074 in

262 2090 363 2119 eisdem
378 2090 444 2130 ipsis
468 2092 655 2130 permaneatiS,
678 2099 707 2120 ut
729 2102 781 2120 non
799 2092 937 2131 abjiciatis
959 2091 1033 2129 quod
1048 2092 1123 2120 vobis
1148 2092 1315 2130 impertitum
1336 2098 1383 2120 est.
1404 2092 1486 2120 Nullo
1506 2092 1587 2120 vobis
1610 2091 1665 2120 alio
1685 2102 1753 2131 opus
1773 2099 1821 2128 est,

263 2137 314 2166 nisi
329 2144 358 2165 ut
372 2138 446 2166 stetis
461 2138 530 2166 sicut
544 2138 666 2171 stabatis,
683 2145 712 2166 ut
723 2138 758 2166 ad
772 2138 852 2167 finem
867 2138 1012 2173 venientes,
1029 2138 1194 2177 participetis
1209 2138 1452 2177 repromissionem.
1470 2139 1630 2174 Patientia,
1647 2138 1745 2177 inquit,
1768 2149 1822 2167 vo—

265 2186 308 2212 bis
323 2186 487 2213 necessaria
506 2191 559 2219 est,
585 2191 616 2212 ut
631 2185 814 2213 voluntatem
831 2185 888 2213 Dei
900 2186 1053 2223 facientes,
1070 2188 1220 2224 reportetis
1234 2187 1494 2224 repromissionem.
1509 2185 1602 2213 Unum
1623 2195 1691 2224 opus
1715 2185 1822 2214 habetis

265 2236 379 2268 tantum,
399 2237 429 2258 ut
442 2229 626 2269 perseveretis,
647 2236 673 2257 et
689 2229 847 2268 exspectetis
861 2230 963 2267 futura,
978 2240 1030 2258 non
1051 2237 1081 2258 ut
1095 2230 1192 2258 iterum
1209 2230 1313 2258 certetis
1327 2242 1333 2257 :
1349 2229 1383 2258 ad
1398 2230 1484 2269 ipsam
1493 2230 1550 2268 jam
1564 2239 1689 2258 coronam
1703 2229 1822 2268 proximi

264 2277 327 2305 sacti
342 2277 404 2306 estis
419 2289 424 2304 :
441 2276 585 2305 certamina
600 2283 693 2304 cuncta
707 2277 882 2312 sustinuistis,
897 2277 1016 2312 vincula,
1035 2277 1230 2314 tribulationes,
1246 2277 1400 2306 substantiae
1416 2284 1511 2306 vestrae
1523 2276 1635 2316 direptae
1650 2282 1712 2304 sunt
1733 2289 1739 2304 :
1756 2276 1823 2314 quid

264 2330 302 2351 cst
317 2333 390 2362 ergo,
415 2323 465 2351 nisi
488 2322 551 2360 quia
565 2322 598 2350 de
612 2329 706 2350 caetero
729 2322 763 2350 ad
777 2322 827 2351 hoc
842 2323 926 2359 statis,
949 2330 979 2351 ut
993 2323 1155 2352 coronemini
1169 2324 1182 2351 Ξ)
1198 2324 1250 2352 hoe
1265 2324 1354 2352 solum
1370 2324 1490 2358 tolerate,
1510 2322 1656 2351 adventum
1670 2332 1782 2351 coronae.
1797 2322 1821 2350 Ο

265 2377 362 2408 quanta
378 2369 536 2409 magnitudo
551 2369 744 2398 exhortationis
756 2377 781 2398 et
794 2369 999 2399 consolationis!
1012 2372 1095 2400 veluti
1110 2372 1131 2400 si
1144 2371 1206 2409 quis
1217 2371 1252 2400 ad
1267 2371 1394 2400 athletam
1409 2371 1459 2399 hoc
1472 2370 1583 2405 diceret,
1597 2369 1643 2408 qui
1656 2375 1764 2397 cunctos
1778 2379 1822 2397 su-

264 2423 380 2453 perasset
393 2426 425 2444 ac
440 2415 574 2454 dejiceret,
597 2422 622 2443 ct
638 2415 745 2444 nullum
759 2416 892 2454 reliquum
906 2416 1016 2446 haberet
1038 2418 1084 2455 qui
1098 2417 1150 2447 sibi
1166 2424 1348 2455 concertaret;
1372 2424 1398 2446 et
1415 2416 1511 2445 deinde
1524 2417 1646 2444 futurum
1659 2425 1711 2443 non
1726 2413 1777 2442 nisi
1792 2422 1821 2445 ut

265 2468 448 2493 coronaretur,
471 2468 497 2490 et
513 2461 670 2490 dilationem
684 2461 739 2500 pati
760 2472 812 2490 non
827 2462 965 2499 ferentem,
980 2463 1046 2491 dum
1061 2463 1162 2492 arbiter
1175 2463 1327 2492 certaminis
1343 2462 1481 2492 adveniret
1501 2462 1549 2500 qui
1569 2471 1693 2490 coronam
1718 2460 1794 2489 daret
1811 2470 1818 2486 e

265 2506 311 2533 ille
327 2514 414 2535 autem
430 2507 600 2546 impatienter
613 2507 710 2541 serens,
732 2507 811 2536 vellet
826 2508 900 2536 exire
918 2515 943 2536 et
964 2510 1064 2548 fugere,
1088 2519 1140 2537 non
1157 2509 1271 2538 tolerans
1285 2509 1358 2537 sitim
1380 2515 1404 2537 et
1418 2509 1554 2537 flammam
1569 2506 1739 2535 aestuationis.
1763 2505 1821 2533 Hoc

265 2552 348 2589 igitur
357 2560 382 2580 et
395 2554 449 2592 ipse
460 2554 631 2591 significavit,
644 2554 733 2583 dicens
748 2567 753 2582 ι
765 2556 874 2584 Adhuc
885 2558 960 2584 enim
975 2557 1114 2586 modicum
1131 2557 1415 2596 aliquantulumque,
1428 2557 1478 2594 qui
1492 2560 1632 2584 venturus
1645 2560 1687 2582 est
1703 2553 1817 2589 veniet,
