1886 2846
444 190 474 211 ΙΝ
507 190 614 213 Ι-ΣΡΙΒΤ.

92 253 139 287 τῆς
162 252 246 291 ἀρχῆς
261 252 312 280 τῶν
328 251 421 290 λογίων
435 255 480 280 τοῦ
501 254 580 281 Θεοῦ.
597 251 728 280 Ἐνταῦθα
743 255 861 290 στοιχεῖα

93 300 177 338 ἀρχῆς
191 298 238 334 τὴν
258 298 449 338 ἀνθρωπόττ,τά
464 310 551 337 φησιν.
563 298 671 337 Ἴὶσπερ
686 298 737 336 γὰρ
750 297 794 326 ἐπὶ
808 299 860 326 τῶν

92 344 185 378 ἔξωθεν
206 344 372 384 γραμμάτων
390 346 493 383 πρῶτον
509 344 542 373 τὰ
563 349 681 384 στοιχεῖα
697 345 735 373 δεῖ
759 347 861 382 μαθεῖν,

92 390 160 420 οὕτω
174 391 219 420 καὶ
235 391 278 419 ἐπὶ
292 393 344 420 τῶν
360 390 436 419 Οείων
449 391 544 429 λογίων
559 393 662 429 πρῶτον
677 390 736 430 περὶ
756 392 802 425 τῆς
816 391 861 418 ἀν-

93 437 260 476 Ορωπότητος
280 437 332 466 ἔδει
356 438 534 467 διδάσκεσθαι.
549 436 632 475 Ὁρᾷς
646 436 684 469 τίς
698 439 714 472 ἡ
730 437 802 465 αἰτία
816 440 861 466 τοῦ

91 484 203 513 ταπεινὰ
220 484 391 523 002'Y's2002‘3
413 484 491 513 Onu)
517 496 560 513 και
576 482 720 518 Ἀθηναιοις
740 482 861 518 ἐποίησεν

93 532 106 559 ὁ
107 531 230 576 ...Παῦλος
254 531 278 559 δι
272 531 326 558 Ιεαλ
329 530 436 569 γόιιενος
456 533 542 563 αὐτοῖς
557 542 601 558 και
615 529 645 558 λε’
635 541 715 568 ςγων-
730 528 799 562 Ἰους
814 529 860 567 μὲν

93 577 136 604 οὖν
152 575 260 615 χρόνους
272 588 319 611 τῖς
331 576 435 615 ἀγνοίας
450 588 499 605 υπε
489 588 541 615 ριο
530 575 663 605 δὼιὸΘε
644 588 682 608 «ος
694 597 701 611 ,
718 578 797 604 τανῦν
809 588 860 604 πα-

94 633 173 660 ραγγε
163 621 231 650 έλλει
249 626 303 654 τοῖς
318 621 464 660 ἀνΟρι’)ποις
482 626 547 650 πᾶσι
561 624 698 660 πανταγοῦ
715 626 860 659 μετανοεῖν,

91 668 212 697 καθότι
198 679 290 703 εστησε
294 680 307 695 ν
330 671 383 706 ἡμε
373 668 443 724 ζραν,
463 669 489 696 ἐν
502 671 518 706 ᾑ
535 681 566 706 με
563 668 614 696 ’λλε
604 667 735 722 εικρίνειν
750 679 798 702 την
821 669 860 697 οἷ-

91 725 174 751 κουαε
169 713 222 749 ’νην
238 716 264 743 ἐν
279 714 445 752 δικαιοσύνη,
462 716 488 742 ἐν
513 714 586 752 ἀνδρι
609 717 630 753 ᾧ
655 713 733 752 ι’)ρισε
742 736 749 749 ‚
772 713 860 742 πίστιν

92 771 238 798 παρασγων
261 765 350 795 πᾶσιν,
367 760 519 794 ἀναστήσας
541 760 587 787 αὖ.
576 759 618 788 -ὸν
633 761 663 787 ἐκ
681 771 707 788 νε
710 771 797 797 κρων·
818 760 860 788 διὰ

91 808 168 834 τοῦτο
181 807 203 833 εἷ
220 804 267 843 μέν
280 817 307 833 τι
321 806 419 844 ὑψηλὸν
436 805 523 844 λέγει,
542 807 567 833 ἐν
585 807 679 844 βραχεῖ
694 805 770 833 τοῦτο’
782 817 860 844 φησι,

91 850 124 879 τὰ
145 850 171 879 δὲ
187 850 299 879 ταπεινὰ
314 852 450 890 πολλαχοῦ
471 850 628 889 διέσπαρται
649 853 696 885 τῆς
710 852 859 885 ἐπιστολῆς.

91 896 144 925 Καὶ
160 896 228 925 οὕτω
239 896 266 926 δὲ
280 896 310 925 τὸ
324 897 421 936 ὑψηλὸν
435 896 566 926 δείκνυται
576 908 582 914 ·
597 897 627 925 τὸ
641 896 691 936 γὰρ
704 896 803 936 σφόδρα
813 909 859 925 τα-

90 943 178 972 πεινὸν
195 944 241 971 οὐκ
253 943 345 982 ἀφίησι
359 943 420 982 περὶ
430 944 476 978 τ’ἧς
488 942 608 977 θεότητος
619 945 701 970 ταῦτα
716 942 860 970 ὑποπτεύε-

91 991 160 1018 σθαι.
180 989 260 1018 Οὕτω
284 989 328 1018 καὶ
352 990 464 1017 ἐνταῦθα
486 989 516 1017 τὸ
536 988 650 1027 ἀσφαλὲς
665 987 814 1026 φυλάττων,
826 987 859 1015 τὰ

89 1034 200 1064 ταπεινὰ
211 1034 358 1074 προσάπτει
370 1037 402 1073 τῇ
413 1033 607 1072 ἀνθρωπότητι·
625 1034 670 1062 καὶ
684 1033 714 1062 τὸ
728 1034 820 1068 αἴτιον,
831 1033 860 1061 τὸ

91 1080 128 1118 μὴ
145 1080 269 1109 δύνασθαι
284 1080 374 1112 αὐτοὺς
386 1082 437 1108 τῶν
450 1079 556 1108 τελείων
572 1078 686 1106 ἀκούειν.
702 1078 789 1106 'roffi-0
803 1078 859 1115 μοί-

88 1128 166 1154 λιάτα
187 1128 213 1154 ἐν
238 1128 271 1162 τῇ
294 1126 358 1163 πρὸς
382 1124 533 1163 Κορινθίους
557 1124 688 1162 ἐσήμανεν
713 1124 839 1162 ἐπιστολῇ
851 1145 858 1158 ‚

87 1171 168 1201 εἰπών
181 1184 186 1190 ·
202 1172 289 1201 ”Οπου
303 1172 354 1211 γὰρ
369 1172 394 1199 ἓν
409 1173 470 1208 ὑμῖν
493 1172 570 1206 ζῆλος
585 1171 629 1199 καὶ
644 1171 695 1210 ἔρις
715 1170 761 1199 καὶ
781 1171 856 1208 διχο-

87 1218 209 1254 στασίαι,
223 1218 281 1257 οὐχὶ
295 1217 416 1256 σαρκικοί
428 1219 504 1252 ἐστε;
520 1216 578 1246 Θέα
590 1217 618 1245 δέ
633 1228 678 1254 μοι
693 1215 740 1251 τὴν
756 1216 857 1245 σύνεσιν

88 1265 167 1294 αὐτοῦ
180 1264 228 1300 τὴν
245 1264 356 1299 πολλὴν,
370 1266 425 1296 πῶς
440 1263 614 1298 καταλλῆλως
628 1262 669 1291 ἀεὶ
683 1266 736 1295 τοῖς
750 1264 857 1291 ὑποκει-

88 1310 174 1348 μένοις
186 1310 281 1339 πάθεσι
294 1309 488 1349 προσφέρεται..
496 1309 570 1338 Ἐκεῖ
583 1308 630 1346 μὲν
641 1307 693 1348 γὰρ
707 1311 723 1343 ἡ
737 1308 858 1337 ἀσθένεια

87 1356 140 1386 ἀπὸ
156 1355 270 1394 ἀμαθίας
285 1356 314 1384 τὸ
328 1355 406 1384 πλέον
423 1354 532 1392 ἐγένετο,
547 1356 647 1392 μᾶλλον
658 1355 685 1383 δὲ
701 1354 753 1383 ἀπὸ
767 1355 857 1394 ἆμαρ-

85 1403 213 1441 τημάτων
225 1414 230 1419 ·
245 1403 356 1430 ἐνταῦθα
371 1401 397 1429 δὲ
414 1402 461 1429 οὐκ
476 1401 529 1430 ἀπὸ
546 1400 746 1439 ἁμαρτημάτων
769 1401 856 1439 μόνον,

86 1449 154 1478 ἀλλὰ
169 1449 213 1478 καὶ
230 1448 281 1477 ἀπὸ
293 1451 344 1477 τῶν
363 1448 476 1487 θλίψεων
491 1449 541 1476 τῶν
555 1450 671 1486 συνεχῶν
681 1459 687 1465 ·
701 1447 740 1476 διὸ
754 1448 800 1476 καὶ
815 1447 856 1476 λε’-

43 1509 48 1512 ·
86 1495 140 1529 ξεσι
156 1494 303 1528 *δέξασθαι
325 1494 480 1532 δυναμέναις
501 1493 549 1528 τὴν
567 1493 693 1534 διαφορὰν
706 1493 856 1532 κέχρηται,

84 1543 138 1570 ἐκεῖ
152 1553 184 1578 μτ
177 1553 200 1570 ν
210 1541 305 1579 λέγων,
320 1539 472 1580 Σαρκικοί’
461 1551 537 1575 εστε,
554 1540 690 1568 ενταῦθα
677 1539 719 1574 οὲ,
731 1539 787 1569 ἐπεὶ
802 1540 858 1577 μεί-

85 1588 136 1620 ζων
151 1589 167 1621 ἠ
188 1586 280 1621 ὀδύνη,
294 1586 389 1624 νωθροὶ
404 1597 528 1625 γεγονοιτΕ
517 1607 538 1614 ..
562 1585 640 1614 Kat‘
629 1590 723 1614 εκεῐνοι
747 1585 793 1624 μὲν
810 1597 856 1614 ουκ

643 189 688 211 ΑΒ
716 189 881 212 llEBREOS.
910 190 987 212 CAP.
1017 189 1051 212 V.

1641 186 1658 195 κ

1082 191 1198 214 nonu..
1578 184 1579 187 ’
1597 200 1603 219 ι
1618 198 1634 219 2
1650 201 1660 218 ι

1230 192 1301 215 vlit.

915 251 1018 290 digeeis
1033 258 1065 280 ut
1081 262 1134 280 ‘uos
1153 253 1320 281 doceamini
1341 265 1405 293 (μαι)
1427 261 1493 284 sunt
1514 256 1659 286 elementa

914 298 1028 326 exordii
1038 308 1202 327 sermonum
1213 301 1278 328 Dei.
1291 300 1343 329 Hic
1355 301 1483 331 elementa
1499 303 1604 331 exordii
1614 304 1659 332 ‹li-

915 344 951 372 cit
962 344 1164 373 humanitatem.
1184 347 1220 374 Ut
1234 346 1305 374 enim
1325 346 1350 375 iu
1366 348 1484 376 externis
1499 349 1582 377 literis
1602 350 1657 389 pri-

915 401 989 419 mum
1001 398 1103 430 oportet
1112 391 1215 421 discere
1223 392 1350 421 elementa
1359 416 1366 429 ‚
1379 395 1414 422 ita
1430 394 1474 423 hie.
1488 406 1593 434 quoque
1605 397 1659 436 pri-

916 447 990 465 mum
998 436 1087 466 doceri
1101 438 1241 477 oportebat
1251 438 1285 467 de
1297 439 1471 468 humanitate.
1485 441 1570 470 Vides
1586 453 1657 480 quse-

915 494 976 513 nam
990 484 1025 514 sit
1038 495 1116 514 causa
1128 496 1177 514 cur
1191 486 1316 524 loquatur
1326 487 1439 516 humilia
1450 488 1462 516 Ξ)
1475 489 1513 517 Ita
1526 489 1605 517 ctiam
1618 490 1658 518 se-

915 530 950 559 cit
959 530 1058 560 Paulus
1066 530 1197 560 disserens
1208 542 1267 560 cum
1281 533 1498 569 Atheniensibus,
1512 541 1535 563 et
1544 534 1636 563 dicens
1649 547 1654 562 :

915 578 954 606 Et
975 584 1104 616 tempora
1125 579 1240 617 quidem
1262 579 1348 618 hujus
1367 581 1542 618 ignorantia²
1559 581 1655 619 despi—

914 625 993 652 ciens
1016 624 1106 658 Deus,
1141 634 1218 652 nunc
1245 627 1404 654 annuntiat
1430 627 1596 655 hominibus
1626 634 1657 655 ut

916 679 1014 698 omues
1026 671 1131 708 ubique
1141 671 1340 709 poenitentiam
1352 678 1454 710 agant,
1466 682 1499 700 eo
1508 673 1588 711 quod
1597 679 1657 701 sm-

915 717 970 744 tuie
995 717 1083 753 diem,
1105 718 1137 744 in
1157 726 1213 756 quo
1233 717 1421 756 judicaturus
1443 725 1486 746 est
1510 720 1606 747 orbem
1628 721 1659 747 in

915 763 1053 801 (equitate
1065 764 1095 790 in
1112 763 1174 791 viro
1187 764 1218 790 in
1229 772 1287 801 quo
1297 764 1514 803 stattu't,fidem
1525 767 1659 804 proehens

915 809 1059 845 omnibus,
1076 809 1222 837 suscitans
1240 818 1305 836 eum
1318 811 1345 836 'a
1365 811 1496 838 mortuis.
1516 810 1658 850 Propterea

913 854 935 881 si
950 853 1090 892 quidpiam
1106 853 1216 892 quidem
1234 853 1301 882 dicit
1324 855 1460 883 excelsum
1484 862 1509 883 et
1523 856 1657 891 sublime,

913 899 964 928 hoc
977 899 1045 928 dicit
1059 900 1178 928 breviter
1199 912 1206 927 t
1223 900 1338 928 humilia
1358 907 1447 929 autem
1462 900 1583 941 dispersa
1598 909 1660 931 sunt

913 945 939 974 in
952 946 1045 974 multis
1058 946 1124 974 locis
1139 946 1266 986 epistol-r.
1282 947 1318 975 Et
1333 947 1373 976 sic
1384 947 1535 976 ostenditur
1547 948 1574 976 id
1588 949 1660 987 quod

913 997 951 1019 est
963 991 1098 1019 excelsum
1107 998 1131 1020 et
1146 992 1263 1020 sublime
1279 1005 1286 1020 :
1302 1003 1363 1021 nam
1378 993 1450 1031 quod
1465 1000 1504 1022 cst
1518 994 1596 1023 valde
1608 995 1659 1023 hu-

913 1037 994 1071 mile,
1012 1047 1064 1065 non
1081 1036 1143 1065 sinit
1164 1044 1193 1064 ut
1208 1037 1240 1065 de
1261 1037 1404 1068 divinitate
1418 1040 1595 1078 suspicemur.
1618 1041 1659 1069 Ita

912 1082 957 1110 hic
970 1092 1075 1120 quoque
1089 1082 1162 1120 quod
1180 1089 1266 1111 tutum
1280 1090 1318 1112 est
1334 1094 1456 1120 servans,
1472 1085 1587 1114 humilia
1602 1086 1658 1114 hu·-

911 1128 1035 1157 manitati
1049 1128 1174 1168 adjungit
1189 1140 1195 1155 ε
1210 1129 1236 1156 in
1252 1139 1331 1157 causa
1346 1137 1434 1158 autem
1450 1138 1518 1168 erat,
1531 1132 1605 1170 quod
1617 1132 1657 1161 illi

911 1185 964 1204 non
986 1182 1091 1214 possent
1111 1174 1267 1213 perfectiora
1283 1175 1386 1204 audire.
1406 1176 1464 1204 Hoc
1483 1179 1602 1207 maxime
1616 1178 1656 1207 si—

911 1221 1058 1260 gnificabat
1067 1221 1093 1249 in
1105 1221 1227 1260 Epistola
1237 1220 1271 1249 ad
1282 1221 1446 1259 Corinthios,
1455 1222 1547 1252 dicens
1561 1237 1567 1252 :
1582 1226 1655 1254 Cum

912 1269 1089 1307 enimficerit
1102 1269 1178 1296 inter
1192 1278 1246 1295 vos
1262 1267 1341 1296 zelus
1351 1274 1379 1296 et
1388 1271 1546 1304 contentio,
1561 1281 1658 1300 noune

910 1313 1050 1341 carnales
1061 1314 1129 1341 extis
1137 1315 1149 1339 Ρ
1166 1312 1236 1342 Vide
1247 1319 1336 1341 autem
1347 1313 1461 1342 multam
1475 1315 1532 1354 ejus
1543 1316 1659 1355 pruden-

912 1358 978 1387 tiam
998 1370 1004 1386 :
1020 1369 1115 1398 nempe
1131 1369 1212 1396 quam
1232 1366 1410 1398 congruenter
1429 1367 1454 1388 et
1471 1362 1660 1390 convenienter

912 1416 940 1434 se
953 1412 1027 1445 gerat
1041 1405 1068 1433 iu
1088 1405 1222 1444 subjectas
1241 1404 1425 1444 aegritudines.
1440 1407 1509 1435 Nam
1524 1407 1581 1436 illic
1593 1409 1657 1447 qui—

912 1451 974 1480 dem
996 1451 1169 1480 imbecillitas
1192 1462 1288 1490 magna
1309 1462 1343 1480 ex
1364 1459 1438 1491 parte
1457 1453 1600 1482 exsistebat
1624 1466 1658 1483 ex

911 1497 1062 1536 ignorantia
1075 1520 1082 1534 ,
1098 1497 1142 1527 vel
1156 1498 1245 1537 potius
1256 1508 1290 1526 ex
1304 1498 1417 1537 peccatis
1428 1510 1435 1533 ;
1450 1498 1495 1527 hic
1505 1506 1593 1528 autem
1606 1511 1656 1529 non

911 1554 946 1572 ex
955 1544 1069 1583 peccatis
1081 1543 1126 1572 scd
1141 1554 1174 1572 ex
1189 1543 1388 1572 continentibus
1401 1545 1604 1574 afflictionibus.
1621 1547 1658 1575 Et

911 1589 972 1618 ideo
984 1600 1048 1618 usus
1059 1596 1096 1618 est
1110 1590 1189 1618 etiam
1199 1590 1366 1619 dictionibus
1378 1601 1437 1628 quae
1449 1592 1551 1630 possint
1567 1599 1658 1621 osten—

87 1632 254 1667 ἠδυνηθησαν
275 1634 398 1669 ἐνεγκεῖν,
421 1632 453 1660 ἅτ
444 1644 467 1660 ε
487 1643 608 1670 σαρκικοι
627 1632 714 1664 ὄντες·
738 1643 809 1660 ουτοι
829 1632 855 1661 δὲ
876 1639 892 1660 Β
909 1633 1569 1675 deredisseientiam‚illicdicens‚Carnalesfacti
1577 1639 1661 1670 θεῆς,-

87 1678 262 1713 ἦδυνηθησαν.
283 1679 324 1707 'lb
347 1690 398 1716 γαρ
422 1679 512 1714 εἰπεῖν,
533 1677 855 1717 Ἰμπεινωθροιγεγόνατε

122 1770 134 1781 '¹
154 1783 160 1801 γ
174 1769 241 1793 For-1.
258 1769 306 1802 leg.
321 1771 441 1799 8÷i51262.t·
456 1769 499 1795 sax
506 1769 533 1794 il.
543 1769 583 1794 Sic
597 1768 744 1802 Marianus]

910 1678 955 1707 hic
963 1689 1038 1712 vero,
1051 1678 1123 1713 Quia
1133 1679 1219 1717 majol
1228 1686 1283 1707 eiat
1293 1678 1381 1715 dolor,
1395 1679 1502 1709 hebetes
1512 1681 1574 1710 facti
1585 1681 1656 1710 estis.

521 1868 696 1896 MUTIANO
718 1867 970 1897 SCHOLASTICO
992 1868 1242 1898 INTERPRETE.

89 1956 154 1984 Dei.
169 1955 220 1984 Hic
234 1953 426 1982 humanitatem
441 1952 518 1983 (licit.
533 1952 608 1981 Sicut
622 1952 694 1981 enim
709 1952 735 1980 in
748 1952 833 1981 literis
843 1952 1016 1981 saeeularibus
1030 1952 1148 1991 primum
1159 1953 1286 1981 elementa
1297 1953 1449 1991 discuntur,
1463 1956 1502 1984 sic
1516 1958 1595 1986 etiam
1609 1957 1653 1987 hic

88 2003 206 2043 primum
221 2001 255 2030 de
269 2001 435 2029 humanitate
449 2000 621 2029 docebantur.
639 1999 753 2028 Intueris
766 2010 824 2038 quae
839 2000 873 2028 sit
885 2010 963 2028 causa
973 2022 981 2034 ,
999 2006 1029 2027 ut
1044 1999 1158 2028 humilia
1175 2000 1302 2038 loquatur
1312 2000 1325 2028 Ξ)
1337 2001 1383 2029 Sic
1393 2001 1473 2030 etiam
1490 2013 1552 2031 cum
1565 2004 1652 2033 Athe—

89 2050 223 2079 niensibus
235 2049 296 2077 fecit
305 2048 445 2088 disputans
460 2047 571 2083 Paulus,
588 2047 678 2076 dicens
694 2059 699 2074 :
718 2048 859 2086 Tempora
872 2049 1047 2087 ignorantiae
1061 2053 1249 2076 contemnens
1261 2048 1356 2084 Deus,
1369 2058 1446 2077 nunc
1458 2052 1589 2089 prcecipit
1601 2052 1652 2080 Ιιο-

87 2099 213 2126 minibus
225 2097 360 2125 omm'bus
375 2096 481 2134 ubique
490 2095 642 2134 poenitere,
657 2095 816 2123 secundum
825 2095 904 2133 quod
915 2095 1065 2122 constituit
1079 2094 1157 2122 diem
1168 2116 1174 2127 ,
1191 2095 1223 2121 in
1240 2104 1300 2132 qua
1310 2094 1497 2132 judicaturus
1510 2103 1552 2125 est
1567 2107 1653 2126 mun-

87 2146 156 2174 dum
167 2155 233 2174 cum
242 2145 361 2184 justitia
374 2144 405 2170 in
421 2144 487 2170 viro
503 2144 534 2171 in
555 2152 612 2182 quo
626 2142 775 2180 definivit,
786 2142 882 2181 fldem
900 2143 1029 2170 tribuens
1044 2143 1179 2169 omnihus
1191 2163 1198 2177 ,
1220 2143 1402 2170 exsuscitans
1413 2152 1477 2170 eum
1490 2153 1509 2171 a
1520 2147 1649 2175 mortuis.

86 2192 229 2232 Propterea
241 2190 262 2219 si
277 2189 378 2228 aliquid
391 2191 474 2219 altum
486 2189 570 2228 dicit,
584 2189 703 2219 breviter
718 2189 767 2218 hoc
780 2189 862 2225 dicit3
877 2189 991 2217 humilia
1003 2199 1066 2217 vero
1080 2188 1205 2228 plurimis
1219 2188 1336 2228 epistulae
1351 2188 1417 2217 locis
1430 2191 1562 2229 aspergit,
1575 2193 1650 2222 etsie

87 2248 145 2277 quae
157 2237 211 2266 alta
223 2243 299 2273 sunt,
315 2236 438 2266 ostendit.
451 2238 519 2266 Nam
533 2247 591 2275 quae
605 2236 720 2265 humilia
730 2243 791 2265 sunt
802 2235 882 2264 valde
891 2259 898 2272 ‚
911 2246 962 2264 non
978 2235 1148 2275 permittunt,
1165 2242 1194 2263 ut
1206 2236 1262 2274 ipsa
1274 2235 1307 2263 de
1320 2235 1462 2265 divinitate
1473 2237 1647 2276 suspicemur.

87 2285 132 2315 Sic
147 2283 229 2313 ethic
243 2283 373 2312 cautelam
382 2284 516 2313 exhibuit.
533 2283 665 2313 Debilitas
681 2290 770 2312 autem
786 2283 852 2321 quid
865 2290 1006 2323 operetur,
1019 2282 1046 2311 in
1063 2281 1183 2322 Epistola
1200 2281 1234 2310 ad
1249 2282 1403 2311 Corinthios
1417 2283 1591 2322 significavit,
1605 2286 1648 2315 di-

87 2342 147 2362 cens
160 2343 166 2359 ε
181 2332 240 2360 Cur
251 2332 328 2359 enim
340 2333 377 2360 sit
388 2333 420 2360 in
436 2333 520 2360 vobis
536 2332 684 2361 aemulatio
699 2338 725 2360 et
741 2332 888 2360 contentio
901 2354 907 2365 ,
925 2341 1021 2359 nonno
1036 2330 1172 2358 carnales
1191 2331 1259 2358 estis
1271 2333 1284 2357 ἱ)
1297 2330 1404 2358 Intuere
1417 2329 1506 2369 itaque
1520 2331 1587 2361 mihi
1602 2344 1646 2362 sa-

85 2379 215 2421 pientiam
230 2379 308 2407 Pauli
323 2389 404 2417 quam
418 2389 514 2419 magna
529 2387 584 2415 est,
601 2379 735 2418 quomodo
749 2378 985 2419 proportionaliter
998 2389 1103 2418 semper
1116 2385 1140 2406 et
1154 2384 1215 2417 apte
1226 2377 1259 2405 ad
1275 2377 1406 2416 subjectas
1421 2378 1555 2417 passiones
1569 2391 1647 2410 acce-

86 2428 136 2457 dit.
151 2427 211 2456 lllic
227 2427 297 2455 enim
314 2426 457 2456 infirmitas
470 2438 503 2456 ex
517 2427 631 2467 peccatis
644 2427 874 2466 quamplurimum
886 2426 1025 2466 contingit,
1041 2425 1125 2465 magis
1138 2432 1226 2454 autem
1239 2436 1272 2453 ex
1283 2424 1347 2453 solis
1357 2425 1488 2464 peccatis3
1504 2426 1548 2456 hic
1558 2436 1647 2458 autem

89 2484 140 2504 non
151 2484 183 2503 ex
198 2473 313 2514 peccatis
324 2480 427 2502 tantum
437 2497 446 2512 ‚
463 2474 509 2503 sed
523 2474 602 2503 etiam
616 2485 649 2503 ex
665 2473 885 2503 tribulationibus
898 2473 1092 2513 frequentibus.
1110 2472 1215 2501 Idcirco
1231 2479 1257 2500 et
1274 2471 1363 2501 verbis
1378 2472 1463 2501 utitur
1478 2473 1578 2512 quibus
1592 2475 1650 2506 haec

89 2521 243 2551 ostendatur
256 2521 424 2557 differentia,
441 2532 492 2551 non
505 2522 613 2560 dicens,
625 2522 751 2551 carnales
763 2521 824 2551 sacti
839 2521 900 2552 estis
910 2545 917 2559 ‚
934 2521 979 2550 sed
993 2545 1002 2560 ‚
1018 2521 1193 2550 Imbecilles.
1210 2519 1270 2548 Illic
1285 2519 1418 2555 carnales,
1433 2520 1477 2548 hic
1489 2528 1578 2551 autem
1589 2535 1651 2554 ma-

87 2570 131 2609 jor
143 2569 220 2599 dolor
235 2581 240 2596 :
256 2569 312 2598 illic
326 2569 396 2599 euim
412 2579 464 2599 non
478 2576 600 2609 poterant
615 2570 758 2606 sustinere,
774 2577 866 2610 utpote
880 2570 1016 2608 carnales;
1031 2569 1091 2598 istic
1109 2575 1197 2597 autem
1212 2573 1342 2607 poterant.
1359 2567 1455 2597 Dicere
1469 2569 1556 2606 enim,
1575 2572 1651 2609 Quia

1511 2621 1530 2649 9

1670 586 1710 605 xli-r
1733 585 1809 612 ¹730.

1668 615 1705 637 3ι.

1669 1225 1736 1246 LCm
1761 1226 1774 1246 3
1788 1227 1811 1248 3.
