1906 2846
1582 184 1647 224 4i¹

76 249 121 279 καὶ
130 251 158 279 οὗ
174 250 274 290 χαίρεις
287 252 313 279 ἐν
324 251 401 291 πενία
413 251 460 288 ὢν,
478 252 518 281 ὅτι
533 252 563 282 τὸ
576 252 689 291 κώλυμα
705 253 850 294 ἀνατέτρα-
905 255 983 282 exivi
1002 254 1037 282 de
1055 260 1158 282 ventre
1177 255 1280 282 matris
1300 264 1380 289 mete,
1403 259 1430 281 et
1451 253 1547 282 nudus
1569 263 1651 282 exce-

75 307 154 331 πται;
168 295 248 325 Οὕτω
262 296 340 331 στενή
362 298 432 326 ἐστιν
448 299 464 332 ἡ
481 298 538 330 ὁδὸς
551 301 568 333 ἡ
583 299 724 337 εἰσάγουσα
746 301 782 332 εἷς
801 299 849 334 τὴν
867 303 883 326 Β
904 300 983 328 dam.
1008 300 1066 328 Non
1089 299 1236 339 provenisti
1260 298 1345 338 gloria
1367 298 1496 337 insignis;
1518 309 1550 327 ne
1571 309 1664 339 quae-⁴

76 341 214 379 βασιλείαν
227 353 233 359 ·
247 341 316 370 οὕτω
330 342 430 376 πλατὺς
444 345 457 372 ὁ
472 345 599 380 πλοῦτος,
611 345 657 373 καὶ
668 346 746 383 ὄγκου
762 345 849 384 γε’μων
904 355 947 373 ras
959 345 1084 384 gloriam.
1100 345 1195 373 Nudus
1207 354 1259 373 non
1270 345 1356 372 solum
1370 344 1498 383 pecuniis,
1510 344 1555 373 sed
1566 345 1645 373 etiam
1659 338 1757 387 ᾎᾟῗὲῖῖὶῃ
1775 370 1801 388 ²¹¹

74 386 120 415 καὶ
147 387 307 425 φυσήματος.
323 388 374 416 Διὰ
395 390 472 417 τοῦτό
492 402 572 429 φησι,
596 390 726 425 Πώλησόν
747 402 793 419 σου
817 390 850 419 τὰ
904 392 987 430 gloria
1002 399 1026 420 et
1039 392 1107 420 bona
1122 391 1320 420 existimatione
1335 391 1470 429 ingressus
1484 402 1510 419 es
1531 391 1557 420 in
1579 391 1648 420 banc
1659 399 1760 418 saturem.

74 431 244 471 ὑπάρχοντα,
264 432 307 461 ἵνα
319 445 348 462 σε
365 434 470 470 δέξηται
481 438 498 470 ἧ
520 436 577 468 ὁδὸς
599 436 696 472 ἐκείνη.
710 436 746 465 Τί
760 439 848 469 ποθεῖς
905 438 997 467 vitam.
1013 438 1108 478 Cogita
1126 445 1191 476 quot
1205 437 1275 466 mala
1289 447 1357 476 scepe
1371 445 1427 466 orta
1445 444 1505 466 sunt
1518 448 1551 466 ex
1565 449 1647 477 pecu-

75 477 108 506 τὰ
122 476 265 516 χρήματα;
281 478 324 507 διὰ
339 479 416 508 τοῦτο’
439 492 467 509 σε
490 481 626 519 ἀφείλετο,
642 481 685 509 ῗνα
706 493 735 510 σε
757 482 848 510 ἀπαλ-
903 483 974 520 niis3
991 484 1045 512 imo
1061 484 1150 524 potius
1173 483 1237 512 audi
1251 483 1320 522 quid
1336 483 1408 512 dicat
1424 483 1547 512 Christus
1563 496 1569 510 :
1583 485 1646 512 Fa-
1660 493 1745 514 Matar.
1765 500 1800 521 ¹9·

414 191 447 214 :N
472 191 580 215 EPtST.
611 192 654 214 AD
681 193 851 216 ttssssnffios.
881 193 958 216 CAP.
988 193 1062 216 ΧΙΙΙ.
1092 192 1210 215 nonu..
1230 193 1356 215 xxxin.

1693 305 1780 326 Diti-izv.

74 522 141 561 λάξῃ
155 523 286 556 δουλείας·
301 525 359 553 ἐπεὶ
371 525 415 554 καὶ
432 528 455 555 οἱ
470 527 582 566 πατέρες
597 529 620 555 οἱ
641 528 745 566 γνήσιοι
759 550 766 564 ,
779 530 850 557 ἐπει-

75 567 122 597 δὰν
140 570 154 597 ὁ
175 573 238 603 παῖς
258 569 326 610 τύχῃ
350 572 581 612 προσεφθαρμένος
603 573 695 613 ἑταίρα
717 573 788 609 τινὶ,
804 574 850 603 καὶ

76 613 162 644 πολλὰ
175 616 382 654 παραινέσαντες
396 617 433 655 μὴ
447 618 572 648 πείθωσιν
587 621 667 654 αὐτῆς
685 620 848 656 ἀποστῆναι,

76 660 125 696 τὴν
139 661 245 701 ἑταίραν
262 662 414 702 ἐξορίζουσι.
428 664 546 699 Τοιαύτη
562 665 618 694 ἐστὶ
638 666 684 693 καὶ
705 668 722 700 ἡ
741 666 849 705 εὐπορία

77 708 130 734 τῶν
139 707 296 746 χρημάτων.
311 708 461 747 Κηδόμενος
477 710 562 738 τοίνυν
577 710 622 739 καὶ
636 712 711 748 ἡμῶν
724 712 738 738 ὁ
749 711 850 739 Δεςπό-

76 763 140 787 της,
164 752 208 781 καὶ
235 754 411 782 ἀπαλλάττων
435 757 506 792 ἡμᾶς
526 757 573 790 τῆς
595 757 710 784 ἔντε’ὗῦεν
734 756 848 794 {stig-qe,

77 799 229 837 ἀφαιρεῖται
242 801 318 837 ἡμῶν
334 800 367 829 τὰ
381 800 520 839 χρήματα.
539 801 585 836 Μὴ
604 801 689 830 τοίνυν
702 802 850 840 νομίζωμεν

77 843 168 872 πενίαν
181 845 262 874 κακὸν
275 841 342 874 εἶναι
354 859 359 864 ·
375 847 493 886 ἁμαρτία
505 847 586 876 κακὸν
607 848 697 885 μόνον.
711 847 780 876 Οὐδὲ
799 848 850 887 γὰρ

76 891 91 918 ὁ
108 891 220 923 πλοῦτος
241 892 336 930 ἀγαθὸν
361 894 420 921 καθ’
435 893 526 921 ἑαυτόν
539 906 544 910 ·
563 895 600 932 τῷ
616 894 679 932 Θεῷ
702 895 849 933 εὐαρεστεῖν

75 937 173 974 ἀγαθὸν
201 936 289 974 μόνον.
303 937 361 972 Τὴν
379 938 470 966 πενίαν
495 938 580 967 τοίνυν
603 940 733 976 ζητῶμεν,
752 939 851 974 ταύτην

76 981 214 1020 διώκωμεν
224 993 230 1000 ·
246 982 314 1011 οὕτω
325 986 370 1012 τοῦ
382 985 492 1023 οὐρανοῦ
505 984 690 1022 ε’πιληψόμεθα
699 1006 707 1019 ,
719 984 786 1013 οὕτω
797 987 849 1013 τῶν

75 1027 102 1054 ἐν
116 1028 235 1066 οὐρανοῖς
247 1029 352 1067 ἀγαθῶν
366 1029 566 1066 Ξπιτευξόμεθα·
581 1025 617 1057 ὧν
631 1028 732 1067 γένοιτο
747 1030 851 1062 πάντας

74 1074 146 1109 ἡμᾶς
165 1073 310 1112 ἐπιτυχεῖν,
323 1074 414 1113 χάριτι
433 1074 478 1103 καὶ
490 1074 674 1114 φιλανθρωπίᾳ
693 1076 739 1102 τοῦ
754 1075 851 1114 Κυρίου

75 1119 151 1155 ἡμῶν
164 1117 253 1153 Ἰησοῦ
270 1120 406 1158 Χριστοῦ,
429 1122 487 1158 μεθ’
510 1116 539 1149 οὗ
559 1121 598 1159 τῷ
623 1119 712 1159 Πατρὶ
735 1120 792 1158 ἅμα
811 1122 849 1159 τῷ

75 1162 143 1202 ἁγίῳ
154 1164 292 1202 Πνεῦματι
304 1164 381 1202 δόξα,
395 1165 504 1204 κράτος,
519 1165 600 1203 τιμὴ,
615 1168 660 1194 νῦν
675 1166 721 1194 καὶ
735 1166 789 1202 ἀεὶ,
804 1166 849 1194 καὶ

78 1209 115 1240 εἷς
128 1208 187 1242 τοὺς
203 1211 300 1243 αἰῶνας
311 1212 363 1240 τῶν
375 1211 486 1240 αἰώνων.
497 1211 590 1250 Ἀμήν.

904 529 989 558 cilius
1000 535 1052 566 est,
1064 529 1160 567 inquit,
1172 529 1318 557 camelum
1329 530 1440 557 intrare
1449 529 1648 568 perforamen
1660 525 1697 552 ²5⁴·

904 584 986 611 acus,
1003 585 1091 614 quam
1113 575 1233 603 divitem
1253 577 1364 603 intrare
1381 577 1412 602 in
1425 585 1545 613 regnum
1560 576 1649 603 coelo-

905 622 1009 651 lorum.
1025 621 1109 651 Vides
1125 630 1189 661 quot
1202 622 1335 651 bonorum
1349 621 1573 661 impedimentum
1587 629 1649 651 sunt

904 667 1025 703 divitiae,
1039 675 1064 697 et
1079 675 1108 696 tu
1122 668 1219 706 quaeris
1232 668 1360 697 ditescere
1373 680 1380 696 ε
1393 678 1440 696 nec
1454 668 1480 696 in
1494 676 1649 707 paupertate

905 714 1020 752 gaudeS,
1036 714 1106 752 quod
1129 714 1162 743 sit
1175 725 1299 743 eversum
1316 713 1537 753 impedimentum
1549 714 1562 742 ἶ)
1574 714 1648 743 Adeo

867 765 886 789 C
904 765 942 787 est
957 766 1069 798 angusta
1087 759 1132 789 via
1145 769 1204 797 quae
1222 759 1297 788 ducit
1310 759 1346 788 ad
1360 769 1473 798 regnum
1488 771 1494 787 :
1509 759 1576 789 adeo
1588 760 1648 789 latae

905 811 967 833 sunt
980 804 1083 834 divitiae
1094 827 1102 841 ,
1119 804 1241 843 moleque
1254 804 1339 844 plenae
1353 815 1383 833 ac
1398 812 1510 834 tumore.
1523 805 1648 845 Propter-

905 860 936 879 ea
949 850 1032 887 dicit,
1051 851 1148 879 Vende
1167 861 1232 890 quae
1252 851 1358 887 habes,
1374 857 1403 879 ut
1418 850 1465 879 illa
1487 851 1532 880 m'a
1546 858 1571 880 te
1585 862 1647 880 sus·
1661 861 1696 882 1ο.
1710 870 1729 882 v.
1745 869 1783 882 ιιι.

905 895 995 935 cipiat.
1017 896 1074 926 Cur
1095 896 1172 935 cupis
1194 896 1344 935 pecunias?
1370 903 1510 936 propterea
1533 907 1576 925 eas
1600 897 1648 926 tibi

904 941 1032 975 abstulit,
1050 948 1080 969 ut
1093 948 1118 969 te
1131 941 1226 970 liberet
1241 952 1255 969 a
1271 942 1409 971 servitute.
1426 942 1496 970 Nam
1511 943 1568 971 veri
1581 954 1651 981 quo-

905 996 957 1023 que
970 992 1073 1024 patres,
1093 996 1154 1013 cum
1170 986 1242 1014 filius
1260 987 1340 1014 fuerit
1354 994 1496 1026 corruptus
1508 996 1650 1017 consuetu-

904 1030 967 1058 dine
981 1031 1095 1069 alicujus
1108 1031 1272 1068 meretricis,
1286 1039 1310 1059 et
1324 1032 1407 1060 multa
1428 1031 1610 1062 admonitione
1625 1034 1650 1062 ei

903 1086 956 1104 non
982 1075 1161 1115 persuaserint
1178 1083 1207 1103 ut
1231 1076 1265 1104 ab
1287 1087 1315 1104 ea
1336 1077 1470 1113 discedat,
1485 1080 1648 1108 meretricem

904 1119 999 1159 procul
1013 1118 1168 1147 amandant.
1187 1119 1264 1147 Talis
1278 1127 1316 1148 est
1331 1121 1410 1149 etiam
1426 1122 1503 1161 copia
1520 1124 1648 1161 pecuniae.

904 1164 1005 1192 Curam
1025 1163 1116 1202 itaque
1130 1163 1214 1192 nostri
1228 1173 1322 1202 gerens
1336 1164 1485 1201 Dominus,
1501 1173 1526 1194 et
1544 1178 1558 1194 a
1578 1177 1649 1196 noxa

903 1217 962 1246 quae
983 1206 1049 1236 inde
1067 1207 1200 1246 accipitur
1222 1217 1270 1234 nos
1289 1206 1422 1244 liberans,
1437 1208 1523 1236 aufert
1547 1217 1649 1239 nostras

903 1252 1040 1291 pecunias.
1055 1252 1096 1280 Ne
1109 1251 1294 1280 existimemus
1313 1260 1377 1289 ergo
1391 1259 1574 1290 paupertatem
1593 1265 1649 1283 esse

904 1296 1006 1324 malum
1019 1307 1027 1324 z
1041 1301 1180 1335 peccatum
1192 1295 1279 1323 solum
1291 1301 1330 1323 est
1343 1295 1456 1323 malum.
1474 1296 1566 1334 Neque
1579 1298 1649 1326 enim

903 1340 1008 1369 divitiae
1031 1350 1079 1379 per
1103 1350 1131 1368 se
1152 1346 1214 1368 sunt
1231 1339 1334 1367 bonum
1349 1350 1355 1366 z
1369 1339 1456 1368 solum
1474 1340 1530 1368 Deo
1545 1340 1650 1380 placere

901 1391 940 1413 est
962 1385 1076 1414 bonum.
1097 1384 1286 1423 Paupertatem
1307 1393 1369 1422 ergo
1392 1394 1560 1421 quaeramus,
1579 1384 1649 1413 hanc

901 1435 1033 1458 sectemur
1050 1440 1057 1455 z
1072 1428 1109 1457 ita
1124 1428 1219 1456 caelum
1234 1427 1484 1467 apprehendemus,
1510 1428 1546 1456 ita
1570 1429 1647 1457 caele-

900 1473 950 1502 stia
963 1473 1034 1502 bona
1046 1483 1256 1511 consequemur:
1269 1483 1329 1510 quae
1341 1471 1420 1501 detur
1432 1472 1508 1501 nobis
1521 1473 1646 1501 omnibus

899 1517 1037 1555 consequi,
1051 1517 1138 1556 gratia
1146 1523 1172 1545 et
1183 1516 1349 1555 benignitate
1359 1516 1469 1546 Domini
1483 1517 1567 1545 nostri
1581 1518 1644 1546 Jesu

899 1561 1016 1598 Christi,
1030 1571 1093 1589 cum
1106 1571 1160 1600 quo
1182 1560 1257 1589 Patri
1272 1570 1326 1589 una
1345 1570 1407 1589 cum
1430 1567 1521 1589 sancto
1540 1561 1644 1600 Spiritu

897 1605 1000 1644 gloria,
1016 1605 1176 1645 imperium,
1192 1604 1294 1642 honor,
1312 1615 1382 1634 nunc
1398 1611 1423 1633 et
1438 1615 1552 1644 semper,
1575 1612 1601 1633 et
1618 1605 1643 1633 in

896 1649 994 1678 saecula
1008 1650 1182 1678 saeculorum.
1198 1651 1293 1678 Amen.

506 1742 682 1772 MUTIANO
704 1742 962 1772 SCHOLASTICO
984 1742 1238 1772 INTERPRETE.

72 1819 158 1860 gloria
167 1831 177 1859 5
193 1830 247 1849 non
259 1829 322 1859 ergo
334 1819 448 1860 gloriam
467 1819 582 1860 adipisci
599 1820 745 1850 desideres.
768 1820 879 1856 Nudus,
900 1821 1010 1859 inquam
1019 1843 1027 1857 ,
1048 1830 1101 1849 uon
1120 1819 1242 1859 pecuniis
1258 1825 1380 1855 tantum,
1396 1818 1444 1848 sed
1457 1819 1538 1847 etiam
1553 1818 1638 1857 gloria

71 1874 98 1897 et
113 1867 184 1897 hona
203 1867 330 1907 opinione
345 1867 374 1896 in
392 1867 462 1896 hanc
483 1867 656 1896 introductus
674 1878 702 1896 es
721 1867 818 1897 vitam.
839 1868 964 1907 Intellige
981 1874 1080 1906 quanta
1105 1867 1203 1906 saepius
1220 1876 1268 1905 per
1287 1865 1414 1905 pecunias
1436 1865 1508 1894 mala
1529 1867 1639 1894 contin—

71 1921 144 1953 gant.
158 1915 291 1944 Facilius
305 1921 348 1944 est
360 1937 368 1950 ,
384 1914 472 1953 inquit
479 1937 489 1950 ,
506 1915 650 1944 camelum
661 1916 863 1954 perforamen
877 1925 948 1943 acus
963 1916 1091 1943 transire
1102 1936 1108 1946 .
1121 1924 1210 1952 quam
1223 1914 1343 1941 divitem
1353 1914 1466 1941 intrare
1476 1914 1507 1940 in
1517 1923 1639 1951 reg-num

71 1961 220 1990 coelorum.
239 1960 436 2001 Contemplaris
449 1968 612 2000 quantorum
630 1961 764 1990 bonorum
785 1960 1010 2000 impedimentum
1031 1960 1136 1989 divitiae
1158 1959 1236 1988 nobis
1260 1959 1415 1997 ingenerant
1425 1980 1434 1993 ,
1458 1964 1484 1987 et
1507 1965 1536 1986 tu
1560 1958 1638 1987 dives

71 2007 143 2037 effici
159 2008 256 2048 cupis?
271 2018 324 2037 non
342 2007 442 2047 gaudes
462 2009 526 2047 quia
547 2008 771 2048 impedimentum
791 2008 841 2037 tibi
867 2015 923 2036 tam
942 2018 1026 2047 grave
1043 2007 1182 2036 sublatum
1200 2006 1262 2035 est?
1285 2005 1331 2034 Sic
1351 2005 1421 2034 enim
1439 2011 1512 2034 arcta
1530 2013 1570 2034 est
1592 2006 1636 2034 via

70 2065 131 2094 quae
145 2055 222 2085 ducit
235 2055 270 2085 ad
283 2066 410 2095 regnum,
425 2063 450 2085 et
464 2056 503 2085 sic
516 2056 576 2085 latae
590 2063 652 2085 sunt
665 2066 699 2085 vac
713 2055 835 2096 spatiosae
849 2055 967 2092 divitiae,
979 2062 1006 2084 et
1026 2054 1179 2084 tumoribus
1193 2064 1225 2082 ac
1238 2053 1357 2082 molibus
1371 2059 1499 2088 oneratae,
1515 2059 1541 2081 et
1553 2053 1636 2082 infla-

69 2101 190 2132 tionibus
200 2103 285 2143 plenae
298 2110 361 2132 sunt
374 2115 380 2131 :
393 2109 534 2143 propterea
549 2103 648 2142 inquit,
665 2104 764 2132 Vende
777 2105 877 2132 omnia
890 2109 942 2132 tua
951 2125 959 2139 ,
974 2108 1005 2131 ut
1016 2109 1042 2131 te
1055 2108 1128 2131 arcta
1142 2101 1187 2130 via
1200 2100 1284 2140 possit
1304 2099 1448 2139 suscipere.
1468 2099 1544 2134 Quid
1558 2100 1634 2140 cupis

67 2150 217 2189 pecunias?
233 2151 376 2190 Propterea
391 2151 462 2180 enim
476 2151 590 2180 abstulit
603 2161 647 2180 eas
661 2151 711 2180 tibi
726 2151 816 2188 Deus,
840 2158 869 2180 ut
883 2158 909 2179 te
924 2149 1020 2179 liberet
1033 2160 1048 2178 a
1061 2149 1178 2189 pessima
1191 2147 1332 2177 servitute.
1347 2147 1418 2176 Nam
1432 2153 1458 2175 et
1471 2153 1547 2186 pater
1560 2147 1632 2186 opti—

70 2205 132 2226 mus
144 2203 170 2226 et
183 2197 300 2236 integer,
315 2208 378 2226 eum
391 2197 482 2227 filium
495 2197 596 2227 viderit
611 2209 702 2228 amore
715 2198 862 2227 meretricis
875 2197 991 2237 alicujus
1005 2196 1142 2236 deperire,
1157 2196 1180 2225 si
1195 2194 1390 2224 admonitiones
1403 2194 1461 2233 ejus
1474 2193 1569 2222 audire
1582 2204 1632 2223 ne-

69 2243 201 2283 glexerit,
214 2244 290 2274 illam
304 2245 471 2275 meretricem
482 2245 517 2275 de
528 2245 617 2275 medio
629 2246 765 2283 auferens,
778 2246 805 2275 in
821 2245 917 2275 exsilia
931 2245 1077 2284 longinqua
1090 2242 1222 2273 detrudit.
1235 2242 1311 2271 Talis
1322 2248 1362 2270 est
1372 2241 1453 2270 etiam
1465 2240 1633 2270 abundantia

69 2290 256 2330 pecuniarum.
273 2292 374 2321 Curam
386 2292 470 2332 igitur
481 2291 515 2321 de
531 2292 608 2321 nobis
620 2303 713 2332 gerens
727 2303 808 2321 verus
822 2292 900 2325 Pater
913 2298 940 2321 et
954 2291 1073 2332 optimus
1085 2290 1234 2326 Dominus,
1248 2288 1340 2317 volens
1354 2298 1402 2317 nos
1415 2287 1513 2316 abbae
1525 2288 1634 2318 laesione

68 2336 198 2374 liberare,
212 2337 298 2367 aufert
311 2338 388 2367 nobis
401 2338 544 2379 pecunias,
559 2350 676 2378 quarum
687 2349 776 2368 amore
788 2349 864 2368 mens
874 2345 963 2371 nostra
976 2338 1169 2377 corrumpitur.
1181 2337 1241 2365 Non
1256 2335 1341 2374 igitur
1355 2334 1518 2363 arbitremur
1531 2335 1634 2364 malum

68 2394 126 2414 esse
138 2384 313 2424 pauperiem:
326 2392 465 2425 peecatum
479 2386 552 2415 enim
564 2385 652 2415 solum
667 2392 705 2415 est
720 2385 823 2414 malum
837 2397 844 2413 ι
859 2395 944 2424 neque
957 2384 1060 2414 divitiae
1074 2383 1151 2413 bonae
1164 2390 1227 2412 sunt
1241 2392 1288 2421 per
1306 2381 1423 2421 seipsas,
1437 2380 1484 2410 sed
1500 2381 1558 2410 Deo
1570 2381 1634 2422 pla-

68 2441 127 2461 eere
140 2441 277 2461 summum
291 2431 394 2462 bonum
412 2439 460 2462 est.
483 2433 674 2472 Paupertatem
697 2433 780 2472 igitur
800 2439 974 2473 appetamus,
994 2431 1064 2461 hanc
1085 2431 1208 2471 protinus
1226 2430 1400 2467 insequamur
1415 2440 1422 2456 :
1437 2428 1474 2457 ita
1493 2439 1633 2469 promere-

68 2477 160 2509 bimur
173 2479 268 2510 caelum
278 2503 286 2517 ,
301 2480 341 2509 sic
354 2480 435 2510 etiam
449 2480 566 2510 aliorum
579 2480 714 2510 bonorum
728 2481 916 2521 impetratione
926 2480 1115 2521 judicabimur
1126 2478 1203 2518 digni
1220 2489 1227 2506 ε
1242 2487 1302 2516 quae
1322 2487 1415 2506 omnes
1435 2486 1484 2506 nos
1497 2477 1636 2516 contingat

69 2525 196 2566 adipisci,
208 2527 238 2556 in
253 2526 361 2557 Christo
374 2529 438 2559 Jesu
459 2529 577 2559 Domino
591 2536 696 2565 nostro,
711 2539 773 2558 eum
795 2539 848 2567 quo
870 2529 944 2558 Patri
959 2539 1012 2558 una
1036 2539 1097 2556 cum
1116 2534 1206 2556 sancto
1220 2524 1326 2565 Spiritu
1341 2524 1428 2564 gloria
1438 2547 1446 2562 ,
1469 2525 1613 2564 imperium
1626 2549 1634 2564 ‚

69 2573 166 2610 bonor,
181 2583 252 2604 nune
264 2581 290 2603 et
303 2584 418 2615 semper,
434 2583 458 2605 et
474 2576 500 2605 in
513 2575 610 2605 saecula
623 2576 792 2606 saeculorum.
811 2579 907 2605 Amen.
1457 2613 1496 2640 90

241 2623 313 2643 ron.
333 2625 389 2645 xii.
1478 2635 1485 2641 “
