1906 2846
92 1298 142 1316 Art.
155 1300 234 1316 2t.'.·1.

251 158 321 202 446

251 230 390 267 iudignum
407 229 443 256 :si
468 237 558 255 rursus
574 227 654 255 fueris
669 226 884 265 comprehensus,
911 226 985 254 simi-

250 275 310 303 liter
331 274 428 302 adhibe
444 271 624 307 reverentiam,
640 271 739 308 ubique
763 270 901 299 ostendens
926 271 985 298 ani-

251 330 332 347 mum.
350 319 393 346 13.
411 319 507 351 Orate,
520 316 615 353 iuquit,
629 318 717 344 ctiam
737 326 790 354 pro
805 315 887 344 nobis
898 327 906 342 .-
920 325 986 344 con-

251 366 365 399 fidimns
392 364 467 390 enim
484 361 562 399 qnod
582 362 687 389 bonam
707 362 915 389 conscientiam
934 361 987 388 Iza-

242 400 364 444 ienncs,
391 409 422 435 in
458 407 588 435 omnibus
614 407 684 434 bene
714 407 845 435 volentes
871 416 987 435 conver—

249 457 319 484 sari,

288 504 316 529 2.
340 500 421 529 Vides
436 500 507 537 quod
523 499 563 527 11ae
578 505 639 526 sunt
656 498 837 528 excusationes
851 505 986 538 tamquam

591 166 619 190 S.
647 167 786 190 JOANNts
813 166 993 188 CHRYSOST.
1024 166 1181 188 Ancffllst’.

1209 167 1271 189 CON
1277 166 1334 189 STA
1341 168 1463 191 NTXNOP
1470 183 1477 190 .

1043 225 1126 261 καλὴν
1139 226 1284 261 συνείδησιν
1296 226 1399 265 ἔχομεν,
1410 229 1435 256 ἐν
1447 232 1512 256 πᾶσι
1522 230 1608 262 καλῶς
1619 229 1732 263 Θέλοντες
1744 231 1807 258 ἀνα.-

1045 272 1208 310 στρέφεσθαι.

1083 495 1164 535 Ὁρᾷς
1179 496 1218 524 ὅτι
1231 498 1314 524 ταῦτα
1328 496 1520 535 ἀπολελόγηται
1532 498 1567 530 ὡς
1581 497 1645 537 πρὸς
1656 498 1805 536 λελυπημέ-

248 547 281 575 :ul
296 553 475 575 succensentes
487 545 536 584 ipsi
549 545 698 581 scribentis,
710 551 847 583 tamquam
859 545 893 574 ad
908 556 986 574 aver·
996 565 1031 585 314
1043 553 1100 574 νθυς
1111 541 1174 581 πρὸς
1196 541 1273 570 αὐτὸν
1290 541 1407 581 γράφων,
1419 544 1454 574 ὡς
1465 542 1529 582 πρὸς
1549 543 1805 582 ἀποστρεφομένους,

249 599 345 628 santes,
361 600 385 621 ct
407 592 478 620 velut
503 591 733 630 prcevaricatoretn
755 602 816 619 eum
837 592 984 628 intuentes,

248 649 333 676 neque
347 638 387 667 vel
404 647 497 665 nomen
516 637 572 675 ejus
591 636 684 664 audire
703 636 825 665 ferentes.
850 637 984 672 Quoniam

247 695 309 722 ergo
329 685 363 712 ab
385 684 417 711 iis
437 682 482 720 qui
506 682 593 721 ipsum
615 683 725 711 oderant
739 682 891 721 postulabat
911 683 982 719 haee,

247 741 305 767 quae
321 730 405 759 caeteri
416 739 505 757 omnes
519 728 553 756 ab
567 728 599 756 iis
613 728 659 766 qui
673 728 803 767 diligunt,
820 728 892 757 eade
904 740 983 758 cansa

247 776 319 814 ponit
332 776 385 811 hic,
397 775 486 803 dicens
499 785 504 800 z
520 775 701 813 Confidimus
712 775 790 814 quod
800 777 905 803 bonam
915 785 982 804 con-

244 824 396 850 scientiam
409 822 555 849 habemus.
568 821 608 849 Ne
621 821 686 849 mihi
702 821 782 857 euim,
795 821 890 860 inquit,
905 821 981 850 dixe-

247 867 282 895 ris
296 866 474 895 accusationes
488 878 493 893 :
506 873 604 900 nostra,
622 866 717 904 inquit,
731 866 800 895 nihil
815 877 861 895 nos
873 867 981 896 damnat

245 912 414 948 conscientia,
431 923 515 950 neque
530 912 606 940 nobis
623 912 720 941 conscii
739 924 831 941 sumus
846 913 919 951 quod
934 924 980 943 vo-

245 959 286 987 his
300 958 428 986 fuerimus
440 958 570 986 insidiati.
585 959 766 997 confidimus
777 961 865 995 enim,
878 959 965 998 inquit
974 983 980 995 ‚

244 1005 322 1043 qnod
337 1006 443 1033 bonam
457 1006 664 1033 conscientiam
683 1005 828 1033 habemus.
842 1007 878 1033 In
890 1007 982 1034 omni-

245 1052 296 1078 bns
318 1049 518 1078 benevolentes
536 1051 712 1078 conversari.
732 1049 804 1088 Ergo
822 1060 874 1078 non
894 1051 982 1079 solum

243 1096 312 1124 inter
335 1096 469 1133 ethnicos,
491 1095 537 1123 sed
559 1096 638 1124 etiam
659 1095 726 1123 inter
748 1105 806 1124 vos.
823 1095 901 1124 Nihil
921 1106 981 1125 cum

242 1143 337 1171 fraude
350 1143 470 1179 fecimus,
484 1153 531 1171 nec
549 1153 609 1171 cum
627 1142 780 1182 hypocrisi:
793 1149 831 1171 est
848 1143 919 1171 euim
936 1154 981 1172 ve-

244 1189 356 1217 risimile
374 1188 422 1216 has
437 1188 463 1216 in
478 1198 539 1216 eum
558 1188 705 1216 calumnias
726 1188 807 1216 fuisse
828 1188 978 1217 intentatas.

246 1236 314 1264 Nam
326 1235 397 1273 quod
413 1244 473 1263 eum
485 1234 703 1270 criminabantur,
713 1234 776 1262 audi
791 1234 920 1263 Jacohum
938 1234 980 1263 di-

245 1289 362 1311 centem:
376 1281 544 1309 Audieram
553 1280 633 1317 enim,
643 1280 737 1318 inquit,
746 1281 781 1308 de
792 1287 829 1317 te,
841 1282 919 1319 qnod
925 1282 981 1310 dis-

245 1330 403 1358 cessionem
420 1328 524 1355 doccas
539 1338 557 1355 a
575 1327 643 1365 lege.
663 1327 722 1354 Non
738 1334 767 1355 ut
787 1327 978 1362 inimicus,in-

244 1375 319 1412 quit,
335 1384 381 1402 nec
400 1379 428 1401 ut
446 1372 528 1401 hostis
544 1372 598 1400 haec
610 1372 706 1407 scribo,
722 1372 767 1400 sed
781 1379 809 1400 ut
824 1372 933 1400 amicus.
947 1372 982 1400 Et

245 1421 294 1448 hoc
324 1418 438 1447 ostendit
467 1428 500 1446 cx
532 1428 562 1445 eo
593 1417 664 1455 quod
697 1417 821 1456 deinceps
853 1417 981 1454 sequitur.

246 1466 292 1493 19.
309 1465 446 1502 Amplius
462 1470 558 1492 (cutem
580 1464 716 1501 deprecor
730 1473 782 1491 sivos
798 1464 851 1490 hoc
868 1463 980 1501 facere,

246 1521 302 1549 qno
322 1510 442 1538 celerius
466 1511 602 1537 restituar
616 1509 710 1536 vohis.
728 1508 785 1536 Hoc
800 1507 983 1536 vehementem

245 1557 302 1594 ejus
325 1566 386 1594 erga
412 1565 455 1584 cos
474 1554 587 1583 ostendit
607 1563 723 1582 amorem
736 1576 743 1587 ,
765 1553 800 1581 ita
822 1554 932 1592 precari.
948 1555 984 1583 Et

1004 592 1023 614 A
1042 588 1076 620 ὡς
1093 587 1156 626 πρὸς
1171 586 1328 626 παραὸάτην
1345 587 1521 625 διακειμένους
1534 610 1541 624 ,
1558 588 1602 616 καὶ
1616 589 1663 617 οὐκ
1675 588 1806 628 ἀνεχομέ-

1041 644 1097 666 νους
1113 633 1170 662 οὐδὲ
1191 634 1221 662 τὸ
1241 633 1323 671 ὄνομα
1338 634 1415 662 αὐτοῦ
1432 636 1550 662 ἀκοῦσαι.
1566 633 1644 663 Ἐπεὶ
1663 629 1706 662 οῧν
1731 633 1804 674 παρὰ

1039 680 1091 707 τῶν
1106 678 1251 717 μισούντων
1275 679 1349 707 αὐτὸν
1372 682 1455 708 ταῦτα
1477 678 1589 717 ἀπῄτει,
1604 679 1671 718 ἅπερ
1686 678 1717 708 ἂν
1731 679 1804 719 παρὰ

1039 727 1090 753 τῶν
1106 724 1247 763 φιλούντων
1265 726 1288 753 οἱ
1302 724 1388 753 λοιποὶ
1409 724 1520 760 πάντες,
1544 724 1634 753 τούτου
1655 724 1741 753 ἕνεκεν
1763 727 1805 754 ἐν-

1039 773 1121 799 ταῦθα
1136 770 1223 805 τίθησι
1241 773 1332 804 τοῦτο,
1351 769 1447 809 λέγων·
1466 769 1636 807 Πεποίθαμεν
1659 769 1700 799 ὅτι
1720 769 1803 804 καλὴν

1039 816 1185 852 συνείδησιν
1197 815 1300 855 ἔχομεν.
1312 815 1358 851 Μὴ
1369 816 1419 855 γάρ
1433 827 1477 854 μοι
1489 815 1537 849 τὰς
1550 814 1708 855 κατηγορίας
1720 815 1804 853 εἴπῃς·

1037 862 1066 890 τὸ
1078 862 1192 894 συνειδὸς
1205 862 1291 899 ἡμῶν,
1310 861 1398 900 φησὶν,
1421 861 1493 890 οὐδὲν
1508 863 1583 899 ἡμῶν
1598 859 1805 899 καταγινώσκει,

1038 908 1095 936 οὐδὲ
1111 906 1233 945 σύνισμεν
1250 908 1350 939 ἑαυτοῖς
1364 906 1403 935 ὅτι
1417 905 1643 944 ἐπεῧουλεύσαμεν
1663 908 1735 944 ὑμῖν.
1748 906 1804 934 Πε-

1038 952 1166 990 ποίΟαμεν
1186 952 1248 991 γὰρ,
1262 952 1350 992 φησὶν,
1374 952 1414 980 ὅτι
1432 952 1515 987 καλὴν
1538 951 1685 987 συνείδησιν
1696 951 1803 991 ἔχομεν.

1039 998 1086 1027 Ἐν
1098 1003 1164 1027 πᾶσι
1190 999 1277 1030 καλῶς
1287 998 1403 1031 Οέλοντες
1415 997 1630 1037 ἀναστρέφεσθαι.
1642 996 1707 1036 Ἄρα
1718 997 1765 1025 οὔκ
1778 998 1803 1025 ἐν

1039 1045 1147 1075 ἐθνικοῖς
1165 1043 1254 1081 μόνον,
1271 1043 1339 1072 ἀλλὰ
1350 1043 1394 1072 καὶ
1408 1046 1434 1073 ἐν
1449 1045 1521 1081 ὑμῖν.
1537 1042 1622 1072 Οὐδὲν
1635 1042 1702 1080 μετὰ
1713 1053 1805 1076 καπη-

1038 1090 1126 1124 λείας,
1150 1089 1222 1118 οὐδὲν
1245 1088 1312 1127 μετὰ
1333 1089 1494 1127 ὑποκρίσεως
1516 1087 1712 1125 πεποιήκαμεν·
1737 1086 1805 1119 εἰκὸς

1037 1134 1088 1174 γὰρ
1102 1130 1132 1170 ἦν
1148 1135 1224 1163 αὐτὸν
1235 1137 1319 1163 ταῦτα
1331 1134 1530 1162 διαὸάλλεσθαι.
1543 1133 1595 1162 Καὶ
1610 1132 1650 1161 ὅτι
1664 1132 1804 1166 διεῧέὸλη·

1037 1193 1067 1209 το
1075 1204 1083 1215 ,
1099 1181 1175 1209 ἄκουε
1186 1180 1313 1209 Ἰακώὸου
1326 1179 1459 1217 λέγοντος·
1470 1179 1667 1217 Κατηχήθησαν
1678 1177 1730 1217 γὰρ
1743 1177 1804 1215 περὶ

1039 1229 1083 1254 σοῦ
1096 1249 1102 1262 ,
1123 1227 1162 1255 ὅτι
1179 1225 1341 1254 ἀποστασίαν
1354 1225 1492 1256 διδάσκεις.
1512 1225 1573 1262 Οὐχ
1586 1225 1621 1255 ὥς
1632 1222 1738 1262 ἐχθρὸς,
1754 1234 1804 1261 φη-

1038 1272 1089 1307 σὶν,
1107 1271 1163 1299 οὐδὲ
1178 1274 1213 1303 ὡς
1228 1270 1352 1308 πολέμιος
1371 1272 1454 1297 ταῦτα
1468 1268 1576 1308 γράφω,
1591 1268 1649 1297 ἀλλ’
1664 1270 1700 1301 ὡς
1721 1267 1803 1307 φίλος.

1038 1318 1090 1346 Καὶ
1103 1320 1178 1346 τοῦτο
1196 1316 1241 1345 καὶ
1262 1318 1290 1344 ἐκ
1312 1317 1357 1344 τοῦ
1378 1314 1437 1349 ἑξῆς
1457 1316 1542 1349 δηλοῖ.
1564 1313 1762 1354 Περισσοτέρως
1776 1313 1804 1342 δὲ
1820 1341 1826 1347 ,

1037 1364 1183 1402 παρακαλῶ
1195 1365 1270 1390 τοῦτο
1281 1363 1406 1397 ποιῆσαι,
1422 1360 1466 1389 ἵνα
1481 1360 1572 1399 τάχιον
1593 1362 1804 1389 ἀποκατασταθῶ

1037 1411 1108 1446 ὑμῖν.
1123 1410 1208 1437 Τοῦτο
1229 1407 1328 1447 σφόδρα
1350 1408 1484 1446 φιλοῦντος
1501 1402 1533 1441 ἦν
1550 1405 1654 1442 αὖτοὺς,
1675 1405 1705 1434 τὸ
1723 1405 1805 1438 οὕτως

1039 1454 1124 1487 ἀξιοῦν
1138 1453 1268 1486 εὔξασθαι.
1289 1453 1336 1488 Μὴ
1355 1453 1461 1488 ἁπλῶς,
1476 1452 1564 1491 φησιν,
1580 1451 1648 1480 ἀλλὰ
1662 1451 1730 1489 μετὰ
1749 1451 1805 1480 πά-

1039 1511 1086 1534 σης
1108 1500 1235 1533 σπουδῆς·
1258 1497 1325 1526 ὥστε
1351 1510 1383 1535 με
1407 1497 1510 1537 ταχέως
1532 1498 1614 1525 ἐλθεῖν
1640 1497 1704 1534 πρὸς
1727 1498 1805 1534 ὑμᾶς.

1038 1547 1063 1574 Τ
1065 1547 1123 1573 οῧτο
1146 1544 1226 1583 μηδὲν
1241 1546 1326 1583 ἑαυτῷ
1343 1544 1486 1577 συνειδότος
1509 1543 1582 1579 ἐστὶ,
1600 1542 1631 1572 τὸ
1652 1542 1805 1575 σπουδάζειν

246 1611 298 1630 non
310 1601 407 1635 solum,
422 1601 517 1639 inquit,
532 1599 643 1638 precari,
658 1598 703 1627 sed
717 1609 777 1627 cum
788 1599 861 1627 omui
877 1599 980 1628 studio:
1001 1603 1019 1625 C
1039 1596 1120 1624 ἐλθεῖν
1135 1595 1200 1633 πρὸς
1215 1594 1322 1630 αὐτοὺς,
1339 1594 1383 1622 καὶ
1397 1595 1561 1633 παρακαλεῖν
1576 1592 1668 1626 αὐτοὺς
1683 1593 1805 1633 εὔχεσθαι

248 1654 275 1675 ut
293 1657 341 1685 ego
364 1646 415 1675 cito
436 1646 538 1675 veniant
554 1644 587 1672 ad
606 1655 661 1673 ros.
675 1644 730 1672 Hoc
747 1651 784 1673 est
797 1645 854 1684 ejus
867 1645 912 1683 qui
927 1645 979 1674 sihi
1038 1645 1103 1685 ὑπὲρ
1115 1646 1203 1675 αὐτοῦ.
1220 1644 1320 1674 Τούτου
1332 1644 1417 1674 ἕνεκεν
1433 1646 1536 1683 πρῶτον
1549 1645 1612 1683 παρ’
1627 1644 1711 1673 αὐτῶν
1730 1644 1805 1679 αἰτή·

663 1756 759 1785 MUTI
766 1756 837 1785 ΑΝΟ
861 1756 1115 1786 ΞΟΗΟΙΑδΤΙΟΟ
1136 1755 1385 1785 INTERPRETE.

248 1849 371 1877 mendam
387 1848 513 1886 indignus
540 1848 665 1884 exsistat3
684 1847 889 1887 comprehensus
904 1855 1003 1885 autem,
1027 1848 1150 1877 similiter
1164 1847 1339 1878 reverentiam
1356 1848 1492 1877 exhibeat.
1519 1847 1624 1887 Ubique
1647 1847 1804 1877 modestiam

249 1905 273 1926 ct
298 1896 486 1935 ingenuitatem
508 1895 588 1924 debes
614 1895 762 1924 ostendere.
790 1897 898 1932 Orate,
921 1896 1018 1934 inquit,
1037 1898 1126 1925 etiam
1144 1907 1197 1935 pro
1221 1898 1304 1925 nobis
1323 1910 1330 1924 .·
1352 1896 1526 1936 confidimus
1546 1903 1644 1926 autem
1666 1898 1805 1936 quoniam

249 1947 354 1972 bonam
372 1944 580 1971 conscientiam
602 1943 752 1980 habemus,
767 1945 798 1971 in
811 1945 943 1971 omnibns
967 1945 1038 1972 bene
1062 1944 1195 1972 volentes
1214 1945 1389 1973 conversari.

287 1990 400 2019 Intueris
419 1990 544 2028 quoniam
568 1989 625 2017 haec
644 1989 843 2029 deprecationes
858 1997 937 2028 sunt,
950 1991 1035 2020 veluti
1050 1990 1085 2019 ad
1104 1991 1271 2020 contristatos
1290 1990 1408 2019 scribens
1423 1991 1464 2029 [f.
1479 1989 1654 2027 scribentis]‚
1669 1996 1695 2019 et
1710 1989 1745 2018 ad
1760 2000 1805 2018 eos

246 2037 291 2075 qui
304 2036 502 2072 avertebantur,
514 2041 538 2062 et
552 2035 599 2072 qui
616 2035 685 2063 circa
700 2046 772 2070 eum,
790 2035 872 2064 veluti
884 2035 954 2064 circa
967 2036 1196 2075 praevaricatorem
1209 2036 1405 2073 afficiebantur,
1420 2046 1471 2064 non
1485 2036 1596 2064 ferentes
1608 2045 1693 2073 neque
1706 2045 1803 2064 nomen

247 2085 303 2123 ejus
317 2082 417 2111 audire.
434 2082 568 2117 Quoniam
583 2081 666 2120 igitur
679 2082 714 2110 ab
728 2081 880 2110 odientibus
898 2092 925 2110 se
939 2082 1000 2110 talia
1016 2083 1186 2121 postulabat,
1205 2083 1293 2120 qualia
1308 2082 1369 2120 quis
1384 2093 1398 2110 a
1411 2082 1587 2111 dilectoribus
1601 2088 1686 2121 potest
1700 2093 1804 2121 praesu-

250 2141 334 2164 mere,
349 2137 474 2158 caeterum
490 2139 580 2157 omnes
598 2135 733 2168 propterea
752 2129 778 2157 in
792 2129 842 2157 hoc
856 2129 915 2158 loco
932 2129 1057 2165 instituit,
1070 2129 1178 2158 dicens:
1193 2130 1376 2168 Confidimus
1391 2131 1461 2168 qnia
1476 2130 1583 2158 bonam
1597 2131 1805 2159 conscientiam

249 2179 399 2205 habemus.
416 2175 510 2205 Veluti
527 2175 549 2203 si
565 2175 676 2211 diceret,
692 2174 759 2203 Nolo
774 2175 842 2204 mihi
857 2176 1039 2205 accusationes
1053 2176 1155 2214 aliquas
1169 2177 1309 2216 proferatis
1322 2188 1328 2203 :
1342 2175 1519 2210 Conscientia,
1537 2175 1634 2213 inquit,
1651 2182 1738 2204 nostra
1759 2186 1806 2204 nos

250 2227 273 2252 iu
291 2224 364 2252 nullo
380 2223 548 2258 condemnat,
565 2233 650 2260 neque
664 2222 740 2250 nobis
757 2223 858 2261 aliquid
871 2224 969 2252 conscii
979 2234 1080 2261 sumus,
1092 2224 1218 2262 quoniam
1233 2223 1311 2253 vobis
1323 2223 1434 2252 insidias
1448 2223 1598 2251 fecerimus.
1613 2223 1803 2262 Confidimus,

249 2271 345 2309 inquit,
360 2272 498 2309 quoniam
520 2272 623 2297 bonam
640 2271 847 2299 conscientiam
867 2272 1005 2300 habemns
1026 2274 1057 2299 in.
1072 2273 1204 2300 omnibus
1220 2283 1229 2298 .·
1244 2281 1296 2299 non
1311 2270 1337 2299 in
1352 2271 1476 2309 gentihus
1490 2277 1604 2305 tantum,
1621 2270 1667 2299 sed
1684 2271 1763 2299 etiam
1778 2270 1805 2298 in

250 2318 335 2346 vobis.
350 2318 426 2345 Nihil
441 2317 625 2356 negotiationis
641 2317 724 2355 gratia
741 2317 861 2354 fecimus,
878 2319 946 2347 nihil
960 2330 1020 2347 cum
1037 2319 1142 2348 fictione
1156 2319 1317 2358 protulimus
1337 2330 1342 2346 :
1359 2318 1477 2347 fortassis
1492 2318 1562 2347 enim
1581 2318 1680 2347 talibus
1694 2329 1806 2347 accusa-

251 2366 337 2394 batur.
348 2366 517 2394 Andierztut
537 2367 614 2393 enim
625 2387 633 2402 ‚
650 2365 753 2403 inquit,
767 2367 802 2393 de
817 2372 855 2401 le,
870 2369 1007 2405 qnoniam
1023 2369 1226 2396 discessionem
1239 2368 1322 2395 doces
1337 2377 1355 2395 (ι
1371 2367 1440 2405 Iege.
1456 2366 1514 2394 Non
1529 2366 1598 2395 sicut
1616 2366 1749 2402 inimicus,
1762 2367 1805 2395 iu—

251 2414 317 2450 quit,
335 2423 418 2450 neque
434 2413 501 2441 sicut
515 2413 610 2451 hostis,
631 2412 676 2441 sed
698 2413 765 2441 sicut
788 2414 889 2442 amicus
907 2414 964 2443 haec
987 2414 1092 2443 scribo:
1112 2415 1162 2443 hoc
1178 2415 1257 2443 etiam
1275 2425 1306 2442 ex
1330 2414 1370 2442 his
1394 2424 1453 2452 quae
1477 2420 1623 2452 sequuntur
1644 2413 1802 2442 ostenditur.

254 2461 462 2488 Ᾰίιιιιιιῖηηιίιις
477 2467 584 2493 autem,
599 2460 697 2498 inquit,
709 2467 774 2499 peto
786 2461 925 2500 lzocfierI,
938 2468 966 2490 nt
983 2464 1067 2490 citius
1082 2464 1166 2490 vohis
1177 2463 1292 2490 reddar.
1309 2462 1365 2490 Hoc
1376 2462 1446 2491 enim
1459 2461 1572 2489 nimium
1586 2461 1698 2489 amantis
1714 2467 1753 2489 est
1766 2461 1804 2489 sic

253 2518 336 2536 ortu-e,
355 2517 404 2534 non
424 2507 590 2546 simpliciter,
605 2509 651 2536 sed
664 2519 723 2536 eum
740 2515 792 2537 tota
807 2508 951 2537 intentione
972 2516 994 2537 ct
1010 2510 1080 2538 omni
1095 2519 1202 2548 prorsus
1216 2509 1315 2538 studio.
1332 2511 1367 2538 bt
1380 2510 1431 2537 cito
1442 2531 1449 2541 ‚
1463 2508 1564 2546 inquit,
1575 2507 1609 2537 ad
1625 2518 1670 2536 vos
1687 2507 1802 2537 veniam.

258 2552 310 2579 Πνι
326 2553 403 2581 animi
420 2561 456 2581 stt
471 2554 535 2582 nihii
556 2555 605 2583 sibi
621 2555 734 2594 conscii,
752 2555 912 2585 festinarent
928 2555 960 2584 ad
976 2568 1018 2585 cos
1032 2556 1156 2585 velociter
1169 2556 1315 2592 adveniret,
1330 2563 1352 2586 ct
1367 2555 1503 2585 exhortari
1514 2555 1588 2592 illm,
1600 2565 1674 2584 orare
1686 2565 1733 2594 pro
1746 2555 1805 2592 illo,
