1906 2846
90 920 208 940 llumIlilas

91 952 142 977 quui
154 956 190 972 sil.

93 1526 114 1540 2.
127 1518 184 1540 Rue.
197 1517 233 1539 16.

96 1557 129 1571 tt).
148 1556 172 1570 12

249 205 316 240 560
581 214 610 236 Ξ.
640 212 778 236 JOANNtS
805 210 987 233 CttRYSOST.

247 289 316 307 mur.
341 277 450 305 Audivit
469 275 513 303 illc
525 297 531 309 ,
546 275 613 302 ,Yon
634 283 697 301 snm
714 274 786 300 sicut
806 271 983 309 publicanus

245 326 314 359 iste5
331 333 376 350 nec
397 322 479 349 iratus
495 343 502 355 ,
514 318 558 346 scd
579 324 755 356 compunctus
771 323 827 344 est:
843 315 987 343 victoriam

245 367 370 400 obtinuit,
390 373 414 393 ct
438 363 614 403 opprobrium
630 362 765 401 deposuit.
788 360 922 389 Indicavit
941 361 988 388 ille

246 414 344 441 vulnus
357 424 362 444 ;
374 412 417 439 hie
431 411 606 449 pharmacum
620 408 754 446 quaesivit.
770 407 900 435 Dicamus
914 416 986 445 ergo,
996 431 1032 448 253

244 459 392 495 Propitius
403 464 461 484 esto
473 456 545 483 mihi
555 455 720 493 peccatori;
736 453 781 481 sed
792 459 817 480 et
831 452 853 480 si
863 452 932 480 alius
946 452 987 480 di·
1005 460 1024 481 A

243 510 292 538 cat,
308 513 340 531 ne
351 502 529 540 indignemur.
545 501 592 529 Sin
609 507 697 527 autem
717 498 768 537 ipsi
785 498 894 536 quidem
908 497 987 526 dica-

244 559 304 576 mus
316 548 349 576 de
363 548 441 576 nobis
453 547 522 575 mala
535 544 741 574 innumerabilia
753 566 762 581 ,
777 551 802 572 ct
816 543 850 572 ab
868 543 928 571 aliis
940 554 988 571 au-

243 595 345 623 dientes
370 595 516 622 irascamur
528 615 535 627 ,
550 602 602 620 non
621 598 660 619 est
673 591 723 619 hoc
738 590 831 628 utique
845 589 987 618 humilitas

244 650 329 677 neque
348 639 485 673 consessio,
506 637 553 666 sed
579 636 719 665 ostentatio
733 642 758 663 et
781 635 868 663 inanis
892 634 987 673 gloria.

241 686 425 714 Ostentationc
439 691 487 718 cst,
504 683 605 721 inquit,
618 682 736 721 seipsum
751 692 845 710 vocare
861 687 986 719 pcccato-

243 742 298 759 rem
311 731 324 758 ἶ)
342 730 462 759 Maxime
490 741 495 756 :
522 728 684 756 humilitatis
703 727 775 756 enim
791 726 987 755 existimatione

242 777 367 811 fruimur,
381 776 407 804 in
419 774 596 803 admiratione
611 773 753 808 habemur,
764 772 892 801 laudibus
900 773 988 800 extol-

244 823 326 850 limur
344 834 349 848 :
366 822 387 849 si
401 832 463 850 vero
477 820 511 849 de
526 820 603 848 nobis
619 819 735 847 dicimus
745 818 908 847 contrarium
921 817 985 850 ,de-

242 868 382 907 spicimur.
403 866 584 901 Quamobrem
603 865 654 894 hoc
668 875 772 903 quoque
788 864 901 892 facimus
919 874 987 902 pro-

243 921 300 953 pter
312 913 434 951 gloriam.
456 912 530 948 Quid
547 918 586 940 est
598 918 688 939 autem
699 909 864 938 humilitas?
885 909 986 938 Probra

243 960 343 997 ingesta
355 960 432 995 ferre,
444 964 583 997 peccatum
593 966 744 995 agnoscere,
756 956 824 984 ferre
835 954 987 983 maledicta.

242 1006 281 1033 Ne
306 1005 355 1032 hoc
375 1003 484 1042 quidem
504 1003 584 1031 suerit
608 1001 791 1035 humilitatis,
808 1000 856 1029 sed
877 1000 987 1038 benigni

241 1050 325 1078 animi
339 1058 363 1078 ct
379 1049 498 1088 ingenui.
512 1049 589 1077 Nune
603 1058 666 1076 vero
679 1058 726 1075 nos
748 1045 858 1084 quidem
872 1045 987 1074 dicimus

242 1103 392 1136 peccatores
403 1118 410 1132 ‚
433 1094 574 1133 indignos,
594 1100 618 1121 et
633 1093 686 1121 alia
700 1091 926 1127 inuumerabssia5
941 1089 987 1118 sed

242 1143 264 1170 si
280 1142 341 1179 quis
352 1141 420 1170 alius
436 1140 514 1169 nobis
526 1150 609 1167 unum
623 1149 656 1167 ex
670 1138 713 1166 his
724 1137 850 1176 objiciat,
868 1147 938 1174 aegre
949 1137 987 1164 fe-

242 1188 336 1223 rimus,
352 1188 505 1216 esferamur.
522 1185 606 1214 Vides
622 1184 693 1222 quod
705 1184 755 1211 boc
771 1193 821 1211 non
835 1183 869 1210 sit
884 1182 987 1210 confes-

242 1234 292 1268 sio,
307 1244 391 1271 neque
405 1232 489 1260 animi
501 1231 653 1270 ingenuitas
665 1231 677 1256 9
692 1229 792 1258 Dixisti
806 1229 921 1267 teipsum
932 1239 987 1256 esse

243 1281 323 1309 talem
338 1293 343 1308 :
359 1291 391 1308 ne
403 1279 542 1313 irascaris,
560 1279 580 1306 si
598 1278 632 1306 ab
643 1277 702 1306 aliis
716 1276 744 1305 id
757 1276 836 1304 audis
850 1283 875 1304 et
888 1285 970 1314 argue

244 1327 295 1362 1·is;
310 1337 372 1355 nam
383 1327 420 1354 sic
435 1326 486 1354 sibi
502 1325 571 1353 levia
585 1324 735 1352 redduntur
746 1329 851 1361 peccata
862 1345 869 1358 ‚
881 1321 988 1360 quando

245 1373 293 1400 alii
306 1372 486 1411 exprobrant3
505 1371 555 1399 sibi
567 1371 639 1398 enim
653 1380 719 1397 onus
734 1369 875 1407 imponunt
888 1390 895 1400 ,
908 1375 932 1395 te
942 1378 989 1395 au-

244 1425 298 1446 tem
315 1418 444 1446 inducunt
459 1416 493 1445 ad
514 1415 720 1456 philosophiam.
746 1413 818 1442 Audi
835 1413 900 1450 quid
917 1412 988 1441 dicat

244 1464 337 1492 heatus
354 1463 445 1492 David
458 1486 465 1499 ‚
481 1462 587 1501 quando
598 1471 658 1489 eum
673 1459 861 1488 exsecrabatur
877 1458 963 1486 Scmei
979 1470 985 1485 z

246 1511 369 1538 Dimitte
384 1520 466 1544 eum,
485 1508 573 1546 inquit
589 1519 595 1534 :
612 1508 756 1534 Dominus
775 1506 801 1532 ei
816 1504 969 1531 mandauit
981 1525 988 1537 ‚

246 1562 275 1584 ul
296 1556 394 1583 videat
410 1555 605 1582 humilitatem
625 1561 718 1579 meam
736 1562 744 1577 t
757 1557 784 1578 et
803 1550 903 1577 reddet
916 1549 988 1575 mihi

244 1603 390 1630 Dominus
407 1602 484 1628 bona
496 1610 548 1638 pro
564 1601 625 1637 ejus
639 1597 837 1625 exsecratione
854 1605 918 1634 quae
930 1595 988 1633 snit

245 1649 340 1676 hodie.
351 1648 394 1676 Tu
405 1653 493 1675 autem
505 1645 537 1674 de
550 1652 574 1673 te
585 1644 675 1673 dicens
689 1652 793 1671 summa
805 1641 885 1678 mala,
897 1641 920 1669 si
934 1650 988 1668 non

281 1744 290 1754 ¹
309 1734 448 1766 [Mutamus
460 1746 486 1766 μ.
501 1737 536 1758 καὶ
551 1731 603 1765 Zia]

1018 210 1036 232 A
1043 210 1175 234 nctuEt‘.
1204 210 1460 234 CONSTANTINOP
1467 227 1474 234 .

1039 282 1093 299 κον.
1113 271 1239 308 Λέγωμεν
1261 271 1354 306 τοίνυν,
1381 271 1516 306 Ἱλάσθητί
1531 284 1575 309 μοι
1592 275 1629 312 τῷ
1643 274 1809 312 ἇμαρτυ)λῶ’

1040 316 1109 350 πλὴν
1130 316 1178 344 κᾶν
1202 316 1288 355 ἕτερος
1312 316 1392 356 εἴπῃ,
1416 317 1451 354 μὴ
1470 319 1669 355 ἀγανακτῶμεν.
1691 320 1757 349 Ἐὰν
1783 322 1810 350 δὲ

1041 361 1114 390 αὐτοὶ
1127 361 1174 398 μὲν
1187 361 1307 399 λέγωμεν
1324 362 1402 400 μυρία
1415 362 1520 395 ἑαυτοὺς
1532 363 1616 397 κακὰ,
1630 366 1693 404 παρ’
1713 365 1810 405 ἑτέρων

1042 406 1068 434 δὲ
1091 407 1226 439 ἀκούοντες
1246 407 1469 447 δυτιεραίνωμεν,
1484 408 1570 437 οὐκέτι
1591 412 1668 437 τοῦτο
1688 421 1814 439 ταπεινο-

1041 452 1154 491 φροσύνη
1170 453 1240 481 ἐστὶν
1255 453 1314 481 οῦδὲ
1330 454 1514 492 ἐξομολόγησις
1525 477 1532 489 ,
1559 455 1616 482 ἀλλ’
1634 454 1754 488 ἐπίδειξις
1768 456 1813 484 καὶ

1040 497 1184 531 κενοδοξία.
1198 498 1339 532 Ἔπίδειξίς
1353 500 1424 535 ἐστι,
1439 499 1526 537 φησὶν,
1549 500 1640 528 ἑαυτὸν
1655 501 1813 539 ἁμαρτωλὸν

1040 545 1145 579 καλεῖν;
1168 544 1233 573 Nat·
1257 545 1495 584 ταπεινοφροσύνης
1514 544 1565 584 γὰρ
1579 545 1750 583 λαμέοἱνομεν
1772 545 1814 574 δό-

1041 588 1097 625 ξαν,
1120 589 1306 628 θαυμαζόμεθα
1318 612 1325 624 ,
1341 590 1559 628 ἐγκωμιαζόμεῡα
1570 602 1575 608 ·
1591 591 1635 619 ἐὰν
1657 590 1684 620 δὲ
1704 592 1812 620 τοῦναν-

1040 635 1093 664 τίον
1117 636 1232 673 εἴπωμεν
1257 635 1379 670 ἑαυτοὺς,
1401 636 1643 675 καταφρονούμεθα.
1657 635 1746 665 εὨτίεε
1767 637 1813 666 καὶ

1039 685 1115 710 τοῦτο
1130 681 1203 716 δόξης
1216 682 1301 710 ἕνεκεν
1314 686 1448 720 ποιοῦμεν.
1465 682 1500 711 Τί
1521 682 1549 710 δέ
1569 684 1624 711 ἐστι
1642 694 1814 722 ταπεινοφρο-

1041 726 1121 762 σύνη;
1135 728 1174 756 Τὸ
1195 728 1282 767 ἑτέρου
1298 728 1464 760 ὀνειδίζοντος
1477 727 1575 767 φέρειν,
1587 728 1616 756 το
1629 727 1812 766 ἐπιγινώσκειν

1040 773 1070 801 τὸ
1092 773 1258 810 ἁμάρτημα,
1278 774 1308 802 τὸ
1324 773 1409 812 φέρειν
1423 773 1469 805 τὰς
1488 772 1658 811 κακηγορίας.
1681 773 1733 802 Καὶ
1756 774 1814 802 οὐδὲ

1041 821 1117 847 τοῦτο
1131 820 1369 857 ταπεινοφροσύνης
1392 819 1422 847 ἂν
1449 819 1502 854 εἴη,
1528 820 1584 848 &JK
1606 819 1813 857 εὐγνωμοσύνης.

1042 865 1095 893 Νῦν
1117 864 1144 893 δὲ
1159 864 1266 897 ἑαυτοὺς
1282 864 1328 902 μὲν
1346 865 1458 903 λέγομεν
1478 865 1663 903 ἁμαρτωλοὺς,
1677 865 1812 898 ἀναξίους,

1043 911 1124 949 μυρίοι
1138 910 1198 940 ὅσα·
1216 911 1247 938 ἂν
1262 910 1289 939 δὲ
1304 911 1391 951 ἕτερός
1411 923 1450 943 τις
1473 913 1538 948 ἡμῖν
1562 910 1589 939 ἓν
1613 911 1710 939 τούτων
1732 922 1815 950 προσ-

1042 956 1148 995 ενέγκῃ,
1162 956 1368 995 χαλεπαίνομεν,
1384 956 1582 995 ἀγριαινόμεθα.
1599 955 1682 995 ζΟρδῇς
1705 956 1746 985 ὅτι
1766 958 1814 985 οὐκ

1042 1002 1111 1030 ἔστιν
1124 1001 1322 1040 ἐξομολόγησις,
1334 1001 1392 1031 οὐδὲ
1404 1001 1604 1040 εὐγνωμοσύνῃ
1617 998 1697 1034 Εἷπες
1710 1002 1805 1030 σαυτὸν

1042 1043 1107 1076 εἶναι
1117 1051 1233 1076 τοιοῦτον
1243 1059 1249 1064 ·
1260 1047 1297 1085 μὴ
1309 1048 1452 1085 ἀγανάκτει
1463 1047 1508 1076 καὶ
1519 1049 1582 1086 παρ’
1594 1047 1689 1087 ἑτέρων
1700 1047 1812 1081 ἀκούων,

1042 1094 1086 1121 καὶ
1103 1092 1290 1131 ἐλεγχόμενος·
1306 1093 1372 1121 οὕτω
1390 1105 1431 1121 σοι
1447 1093 1480 1122 τὰ
1494 1093 1676 1131 ἁμαρτήματα
1694 1093 1813 1131 κουφίζε-

1042 1151 1100 1174 ται,
1112 1139 1174 1168 ὅταν
1194 1138 1279 1176 ἕτεροι
1293 1139 1464 1171 ὀνειδίζωσιν·
1480 1140 1581 1171 ἑαυτοῖς
1597 1138 1644 1176 μὲν
1665 1138 1716 1177 γὰρ
1733 1139 1812 1177 βάρος

1041 1184 1187 1213 ἐπιτιθέασι
1200 1206 1207 1218 ,
1221 1183 1249 1212 σὲ
1265 1184 1291 1212 δὲ
1307 1186 1342 1216 εἷς
1359 1184 1511 1222 φιλοσοφίαν
1524 1184 1668 1221 ἐνάγουσιν.
1684 1183 1774 1213 Ἄκουε
1787 1185 1813 1212 τί

1042 1241 1119 1268 φησιν
1136 1231 1149 1257 ὁ
1169 1229 1299 1268 μακάριος
1321 1229 1418 1264 Amuli,
1443 1229 1521 1263 ἡνίκα
1547 1234 1682 1267 κατηρᾶτο
1708 1231 1778 1267 αὐτῷ
1799 1231 1814 1257 ὁ

1042 1275 1144 1313 Σεμεεί.
1165 1275 1242 1313 Ἄφες
1272 1275 1360 1311 αὐτὸν,
1386 1274 1464 1312 φησίν
1476 1286 1481 1291 ·
1507 1276 1520 1302 ὁ
1549 1274 1642 1313 Κύριος
1666 1274 1814 1303 ἐνετείλατο

1043 1322 1128 1360 αὐτῷ,
1141 1321 1213 1352 ὅπως
1228 1320 1270 1358 ἴδῃ
1286 1319 1332 1354 τὴν
1345 1319 1506 1348 ταπείνωσίν
1522 1331 1585 1357 μου·
1601 1320 1646 1348 καὶ
1661 1319 1814 1349 ἀνταποδώ-

1042 1378 1081 1395 σει
1096 1378 1139 1404 μοι
1156 1365 1251 1403 Κύριος
1266 1365 1350 1402 εἰγαῢὲι
1364 1365 1422 1393 ἀντὶ
1438 1367 1484 1400 τῆς
1499 1365 1616 1405 κατάρας
1630 1366 1706 1394 αὐτοῦ
1725 1367 1773 1400 τῆς
1786 1367 1813 1394 ἐν

1042 1415 1074 1450 τῇ
1086 1412 1173 1449 ἡμέρᾳ
1185 1410 1279 1449 ταύτῃ.
1294 1411 1333 1439 Σὺ
1348 1411 1374 1440 δὲ
1388 1411 1449 1450 περὶ
1463 1415 1560 1440 σαυτοῦ
1574 1411 1658 1449 λέγων
1673 1411 1718 1440 καὶ
1731 1414 1811 1450 ὓπερ-

1043 1456 1123 1491 ῧολὴν
1149 1458 1246 1489 κακῶν,
1272 1455 1315 1485 ἐὰν
1342 1455 1378 1494 μὴ
1406 1456 1439 1484 τὰ
1460 1458 1513 1485 τῶν
1536 1457 1677 1495 ἂμεγοίλων
1704 1456 1813 1485 δικαίων

1043 1504 1163 1541 ἐγκώμια
1177 1504 1240 1540 παρ’
1260 1501 1355 1540 ἑτέρων
1371 1501 1483 1541 ἀκούῃς,
1499 1502 1650 1542 ἀγριαίνεις.
1669 1501 1752 1542 εΟρᾶις
1771 1502 1813 1531 ὅτι

1042 1548 1142 1581 παίζεις
1154 1549 1179 1576 ἓν
1190 1548 1218 1576 οὖ
1232 1551 1354 1579 παικτοὶς
1365 1547 1505 1585 πράγμασι
1518 1560 1525 1582 ;
1541 1548 1587 1576 καὶ
1600 1548 1651 1587 γὰρ
1666 1547 1725 1580 τοὺς
1737 1548 1812 1576 ἐπαί-

1042 1605 1100 1626 νους
1122 1592 1235 1622 ἐπαίνων
1262 1592 1357 1632 ἑτέρων
1384 1593 1510 1631 ἐπιθυμία
1535 1593 1744 1632 διακρουόμεθα,
1769 1593 1815 1622 ἵνα

1043 1639 1167 1677 μειζόνων
1181 1639 1260 1667 πάλιν
1274 1638 1396 1677 τύχωμεν
1412 1638 1562 1677 ἐγκωμίων,
1576 1637 1619 1667 ἵνα
1634 1639 1733 1676 μᾶλλον
1749 1641 1814 1667 Ozu-

662 1783 838 1812 MUTIANO
860 1783 1116 1812 SCHOLASTICO
1138 1781 1395 1812 INTERPRETE.

244 1866 377 1896 Audiebat
394 1865 464 1893 enim
480 1864 541 1897 ille,
562 1863 638 1900 Quia
656 1872 714 1890 non
728 1872 792 1890 sum
806 1863 880 1890 sicut
896 1863 943 1890 hic
956 1862 1132 1900 publicanus
1143 1873 1154 1895 ,·
1167 1867 1193 1889 et
1207 1872 1259 1890 non
1273 1866 1312 1889 cst
1329 1859 1460 1896 irritatus,
1473 1858 1519 1888 sed
1535 1859 1622 1898 magis
1638 1864 1815 1898 compunctus

242 1921 288 1942 est.
302 1912 422 1951 Suscepit
434 1909 645 1950 improperium,
658 1915 683 1937 et
696 1909 781 1937 caruit
797 1909 969 1948 improperio.
985 1908 1065 1937 Dixit
1077 1909 1122 1937 ille
1134 1908 1252 1945 vulnus,
1264 1914 1289 1936 et
1304 1907 1428 1945 quaesivit
1445 1907 1494 1935 iste
1508 1905 1666 1935 remedium.
1681 1906 1813 1934 Dicamus

242 1968 338 1996 iterum
354 1971 360 1987 z
375 1960 524 1997 Propitius
540 1963 601 1986 esto
613 1957 686 1985 milii
698 1957 846 1995 peccatori
861 1968 869 1983 :
881 1963 1065 1985 verumtamen
1077 1966 1108 1984 ac
1119 1955 1141 1984 si
1155 1956 1224 1984 alius
1237 1955 1309 1984 dicat
1320 1977 1328 1991 ,
1347 1965 1400 1983 non
1418 1954 1573 1983 irascamur.
1586 1953 1616 1983 Si
1629 1953 1702 1982 enim
1711 1953 1813 1992 nosipsi

242 2008 319 2036 nobis
331 2007 454 2035 dicamus
469 2006 492 2042 [,
502 2004 537 2042 si]
551 2003 669 2043 plurima
685 2003 767 2038 mala,
784 2003 818 2031 ab
830 2003 891 2032 aliis
907 2010 997 2032 autem
1009 2003 1146 2032 audientes
1163 2002 1376 2041 inaequanimiter
1388 2002 1504 2030 feramus
1512 2024 1520 2037 ,
1533 2011 1586 2030 non
1602 2001 1653 2030 erit
1663 2000 1714 2029 hoc
1723 2000 1814 2029 humi-

242 2053 304 2086 litas
313 2063 397 2090 neque
406 2049 595 2084 confessio,sed
607 2049 746 2077 ostentatio
757 2055 782 2076 et
792 2059 860 2077 vana
870 2049 964 2087 gloria.
975 2048 1125 2077 ostentatio
1132 2048 1232 2088 quippe
1242 2054 1289 2083 est,
1299 2057 1393 2076 vocare
1405 2047 1523 2086 seipsum
1532 2053 1713 2085 peccatorem3
1724 2045 1814 2074 bumi-

243 2100 325 2128 litatis
334 2100 433 2138 quippe
447 2097 601 2137 opinionem
615 2096 742 2125 volumus
759 2096 912 2134 acquirere,
923 2094 998 2134 apud
1008 2095 1074 2123 alios
1095 2102 1184 2124 autem
1199 2096 1226 2123 in
1245 2094 1421 2123 admiratione
1433 2104 1488 2122 esse
1501 2105 1508 2121 ε
1523 2092 1630 2121 laudari
1642 2092 1713 2120 enim
1731 2092 1812 2121 volu-

244 2158 303 2175 mus
317 2158 323 2174 :
335 2157 396 2174 nam
411 2145 433 2174 si
453 2156 466 2173 e
490 2145 622 2173 contrario
643 2144 764 2173 dicamus
789 2145 909 2184 nosipsos
921 2144 1025 2182 justos,
1043 2142 1247 2172 contemnimur.
1262 2140 1379 2171 Proinde
1398 2141 1480 2169 etiam
1499 2140 1551 2169 hoc
1571 2146 1680 2179 propter
1699 2139 1814 2177 gloriam

245 2194 366 2224 facimus.
385 2191 461 2228 Quid
476 2198 514 2220 est
529 2198 618 2219 autem
632 2191 794 2220 humilitas?
810 2192 848 2219 Ut
872 2201 934 2219 cum
951 2191 985 2218 ab
1008 2190 1062 2218 alio
1085 2188 1280 2228 improperium
1297 2187 1439 2223 audimus,
1459 2186 1621 2220 toleremus,
1639 2196 1814 2224 agnoscamus

246 2245 383 2277 peccatum
404 2243 526 2265 nostrum
546 2258 554 2272 ‚
566 2242 592 2264 et
613 2236 742 2275 patienter
756 2236 872 2264 feramus
894 2235 1099 2265 accusationem.
1115 2235 1150 2263 Et
1170 2244 1256 2272 neque
1278 2233 1328 2262 hoc
1349 2233 1439 2262 adhuc
1461 2232 1622 2261 humilitatis
1645 2239 1702 2270 est,
1718 2232 1765 2261 sed
1787 2239 1813 2261 et

245 2284 430 2323 ingenuitatis,
444 2284 523 2312 Nunc
535 2289 625 2311 autem
646 2283 822 2322 nosmetipsos
836 2283 946 2321 quidem
962 2283 1078 2312 dicimus
1095 2288 1262 2322 peccatores,
1285 2280 1427 2319 indignos,
1442 2287 1466 2308 et
1483 2286 1577 2308 caetera
1592 2279 1672 2319 plura
1688 2291 1694 2307 :
1712 2279 1734 2308 si
1747 2290 1810 2308 vero

245 2332 313 2360 alius
323 2332 466 2371 qnisquam
475 2330 550 2359 nobis
565 2341 650 2358 unum
660 2329 757 2357 horum
768 2330 917 2369 impingat,
931 2330 1056 2359 saevimus
1065 2352 1074 2365 ‚
1086 2339 1285 2368 exasperamur.
1296 2327 1411 2357 Intueris
1421 2327 1485 2365 quia
1498 2337 1550 2355 non
1559 2333 1598 2355 est
1612 2327 1662 2355 hoc
1670 2327 1811 2361 confessio,

247 2379 315 2416 sed[
326 2381 350 2416 f.
364 2380 424 2415 nec]
437 2378 589 2416 ingenuitas
601 2378 613 2405 ,⁹
629 2377 731 2405 Dixisti
747 2377 918 2416 temetipsum
926 2388 981 2406 esse
993 2377 1072 2406 talem
1084 2389 1092 2413 ;
1103 2387 1156 2405 non
1172 2375 1319 2414 indigneris
1330 2375 1410 2403 etiam
1422 2385 1484 2403 cum
1497 2374 1532 2402 ab
1543 2373 1597 2402 alio
1609 2373 1698 2412 audis,
1713 2380 1738 2402 et
1749 2383 1812 2402 cum

248 2425 416 2464 redargueris
437 2437 442 2452 :
459 2425 499 2453 sic
512 2425 584 2453 enim
599 2424 649 2453 tibi
664 2430 771 2463 peccata
783 2424 978 2462 levigabuntur
988 2447 994 2459 ‚
1012 2435 1073 2453 cum
1087 2424 1135 2453 alii
1151 2424 1335 2462 improperant
1348 2434 1354 2450 :
1367 2421 1543 2461 sibimetipsis
1557 2420 1666 2459 quidem
1679 2431 1746 2449 onus
1762 2420 1813 2448 im-

248 2479 351 2510 ponunt
362 2495 371 2509 7
385 2479 410 2501 te
418 2479 508 2500 autem
520 2471 556 2500 ad
566 2471 767 2511 philosophiam
781 2471 973 2500 intromittunt.
988 2471 1106 2501 Adverte
1117 2470 1183 2510 quid
1198 2470 1272 2499 dixit
1285 2470 1379 2498 beatus
1399 2468 1488 2498 David
1498 2491 1506 2502 ‚
1520 2479 1583 2497 cum
1601 2467 1625 2496 ei
1642 2467 1812 2496 malediceret

250 2518 336 2546 Semei
350 2529 357 2545 :
370 2519 435 2546 Sine
450 2519 534 2547 illum
544 2541 552 2555 ‚
562 2518 651 2556 inquit
664 2530 670 2546 z
684 2519 829 2546 Dominus
841 2520 976 2556 praecepit
988 2520 1023 2554 ei,
1042 2524 1185 2558 quatenus
1196 2524 1333 2556 agnoscat
1348 2516 1543 2544 humilitatem
1558 2524 1653 2542 meam
1661 2535 1670 2548 ,
1681 2520 1707 2542 et
1722 2515 1812 2542 retri-

251 2564 319 2591 buat
335 2565 407 2592 mihi
419 2565 563 2594 Dominus
586 2566 660 2594 bona
672 2575 724 2604 pro
741 2565 947 2594 maledictione
961 2565 1016 2594 hac
1031 2565 1118 2603 hujus
1133 2564 1200 2593 diei.
1227 2564 1270 2592 Tu
1288 2569 1376 2593 autem
1390 2561 1423 2592 de
1439 2561 1522 2601 teipso
1537 2560 1628 2589 dicens
1648 2560 1811 2590 nimietatem
