1773 2866
745 197 927 221 PRAEFA'rlo.
1569 200 1617 222 Vl!

51 276 126 295 mum
145 275 207 296 vero
228 265 275 294 alii
289 264 367 293 multi
378 263 450 304 apud
466 263 632 293 Christianos
643 268 732 302 erant,
755 263 801 302 qui
816 261 973 303 hujusmodi
988 261 1145 290 sententiam
1162 267 1308 297 tuerentur,
1329 271 1444 300 quorum
1464 262 1614 291 testimoni-1

49 314 149 353 profert
161 313 270 341 Cosmas
282 312 427 352 AEgyptius
439 311 595 341 monachus.

90 362 139 390 11.
165 360 356 389 Haereticorum
371 359 567 400 priiuipilares,
595 359 706 398 illosque
722 368 812 387 omnes
830 358 875 397 qui
896 369 911 387 n
931 357 986 386 fide
1000 357 1175 393 aberrabant,
1192 357 1379 386 marcionistas
1402 366 1506 396 nempe,
1525 356 1613 384 Mani-

50 406 150 444 cbaeos,
169 407 285 436 Paulum
299 407 518 443 Samosatenuin,
535 406 659 443 Arianos,
681 408 834 441 Anomoess,
849 404 909 434 illos
924 404 969 443 qui
985 404 1207 435 resurrectionem
1221 405 1338 434 suturam
1360 403 1501 441 negabant,
1514 403 1613 442 passim

49 452 206 491 aggreditur
220 453 437 493 Chrysostomus,
452 453 496 481 hic
511 459 535 481 et
548 452 575 480 in
590 452 650 480 aliis
674 451 899 488 Commentariis;
924 451 959 480 de
972 451 1086 490 singulis
1101 458 1190 480 autem
1204 450 1330 490 pluribus
1351 457 1446 489 agetur
1468 450 1495 479 in
1512 449 1614 478 l’raesa-

50 499 122 528 tione
135 500 252 539 generali
275 501 298 529 T
302 511 362 529 omo
377 500 482 528 decimo
498 499 585 528 tertio.
602 500 633 527 In
649 499 691 527 his
706 509 769 528 vero
785 498 990 527 Commentariis
1011 498 1038 526 in
1054 498 1206 538 Epistolam
1219 497 1253 526 ad
1268 497 1394 526 Hebraeos
1408 498 1450 526 bis
1465 497 1546 526 aliam
1560 496 1616 524 im-

49 554 154 586 pugnat
167 547 300 584 liaeresim,
315 559 374 586 quze
390 547 554 587 temporibus
569 546 722 586 apostolicis
744 546 870 582 suborta,
894 553 984 585 postea
998 545 1079 576 latius
1102 546 1208 585 serpsit,
1231 552 1256 576 et
1276 544 1310 574 ad
1331 544 1516 585 Clu-ysostomi
1533 554 1617 582 usque

51 601 170 634 tempora
195 595 328 631 substitit,
343 595 501 624 Docimrum
516 605 624 633 nempe,
645 594 692 632 qui
707 593 852 633 putabant,
873 592 1011 622 Christum
1027 593 1132 629 δοκήσει
1144 600 1247 622 tantum
1261 592 1319 620 sive
1339 592 1427 631 specie
1438 614 1445 627 ‚
1466 593 1614 631 putative,

52 649 77 670 et
92 649 268 682 apparenter
283 653 387 671 carnem
403 642 522 671 induisse
536 648 561 670 et
576 652 684 680 passum
703 641 784 669 fuisse
798 653 803 668 ε
819 651 885 679 quos
906 640 1044 669 haereticos
1055 639 1192 679 exagitant
1207 639 1327 678 Ignatius
1342 640 1449 679 Mzirtyr
1463 639 1489 667 in
1505 638 1616 677 Episto-

52 689 86 718 lis
96 690 131 718 ad
143 690 293 719 Trallianos
305 697 329 718 et
341 691 494 729 Smyrnaeos
505 712 513 725 ,
537 690 654 718 Ircnaeus
671 699 751 727 sazpo,
766 688 888 718 Clemens
904 688 1118 725 Alexandrinus,
1134 687 1332 724 Tertullianus,
1355 687 1495 726 Origenes,
1512 687 1618 724 Grego-

51 736 108 764 rius
123 736 344 774 Thaumaturgus
352 759 361 773 ‚
378 735 552 771 Methodius,
576 735 710 764 Eusebius
726 735 907 764 Caesariensis.
925 736 981 765 Suo
1001 735 1091 765 adhuc
1105 746 1162 765 aevo
1174 735 1287 765 haeresin
1301 735 1375 765 illam
1391 735 1481 773 vigere
1502 744 1620 772 conque—

50 781 120 810 ritui·
133 782 341 821 chrysostomus
355 782 466 811 homilia
481 789 576 821 quarta
591 789 613 810 et
624 782 718 811 homil.
731 789 836 813 octava.

91 830 138 857 w.
152 830 192 858 Dc
204 829 342 860 monachis
356 841 426 869 stupe
448 830 521 869 agit,
537 840 652 868 quorum
668 829 811 861 nonnullos
831 840 892 861 cum
907 829 1036 858 mendicis
1051 830 1146 869 stipem
1158 839 1251 869 cogere
1271 829 1339 858 dicit
1358 829 1452 858 homil.
1466 828 1619 857 undecima.

50 875 124 904 Alios
143 882 273 904 memorat
295 876 440 904 monachos
461 886 560 915 pravos
580 876 626 914 qui
647 876 675 904 in
700 876 798 904 scelera
819 883 1038 915 prorumperent,
1063 875 1339 904 homil.duodecima.
1361 875 1500 903 Similium
1523 884 1619 902 mona-

50 921 163 950 chorum
195 921 358 960 proterviam
383 928 409 950 et
429 922 585 953 violentiam
615 928 741 961 expertus
767 922 825 960 ipse
852 928 892 950 est
914 932 975 950 cum
994 921 1139 949 duceretur
1163 921 1191 949 in
1213 921 1340 950 exsilium
1365 932 1371 947 :
1396 920 1508 948 homilia
1533 926 1621 948 tamen

50 967 154 996 decima
172 967 206 996 de
225 968 286 997 aliis
305 968 359 1007 agit
382 968 537 1003 monachis,
559 969 605 1006 qui
624 968 651 997 in
672 968 810 998 montibus
834 968 970 1003 viventes,
990 967 1131 997 sanctitate
1152 968 1293 998 florebant.
1315 967 1367 996 Hic
1386 974 1451 1007 puto
1465 967 1542 995 illum
1557 977 1620 995 ver-

51 1015 85 1045 ba
99 1015 184 1046 facere
197 1014 231 1045 de
243 1014 379 1046 monachis
394 1015 448 1044 illis
461 1015 507 1054 qui
522 1015 624 1049 circum
639 1015 811 1049 Antiochiam
824 1014 850 1043 in
865 1013 1003 1046 montibus
1017 1013 1102 1042 vitam
1116 1015 1244 1053 agebant,
1261 1025 1336 1055 quos>
1350 1014 1407 1056 ipse
1418 1025 1433 1044 a
1446 1013 1620 1047 sanctimonia

51 1062 150 1105 passim
166 1062 282 1093 celebrat
295 1062 322 1092 in
336 1061 455 1093 homiliis
466 1072 532 1102 quas
547 1061 697 1094 Antiochiae
712 1061 777 1091 dum
792 1061 935 1102 presbyter
950 1067 1016 1092 esset
1031 1060 1137 1094 habuit.

498 1650 1166 1668 μ--ςῧςῧῦῧ--ὴψ-
