1906 2846
442 151 473 172 {N
503 150 609 173 EPIST-

92 214 163 248 θινῆς
177 212 296 252 καρδίας,
310 212 389 245 Τίνες
403 211 630 252 προσερχώμεθας
644 213 680 242 Εἴ
693 225 733 246 τις
746 212 818 251 ἅγιος
831 214 864 251 τῇ

90 259 195 292 πίστει,
207 260 239 296 τῇ
252 260 420 297 πνευματικῇ
433 258 553 298 λατρεία,
569 258 647 288 Μετὰ
663 260 789 294 ἀληθινῆς
801 269 865 297 καρ-

92 306 162 341 δίας,
176 305 203 333 ἐν
221 304 389 344 πληροφορίᾳ
403 304 532 337 πίστεως·
549 306 694 340 τουτέστιν,
709 304 799 340 ἐπειδὴ
817 306 864 334 οὒ-

92 351 134 380 δέν
146 353 216 380 ἐστιν
228 350 332 390 ὁρατὸν,
345 350 406 380 οὔτε
421 353 434 379 ὁ
446 350 542 390 ἱερεὺς,
554 351 611 380 οὔτε
627 353 643 386 ἡ
656 351 733 381 θυσία
742 375 749 387 ,
767 351 824 380 οὔτε
836 350 866 380 τὸ

91 397 278 436 θυσιαστήριον
298 399 402 435 ὁρᾶται.
418 397 513 426 Καίτοι
530 409 559 436 γε
574 397 632 426 οὐδὲ
647 399 744 431 ἐκεῖνος
757 399 771 426 ὁ
785 397 867 437 ἱερεὺς

92 443 185 481 ὁρατὸς
198 438 240 478 ἧν,
262 443 321 471 ἀλλ’
339 442 410 472 ἔνδον
431 443 507 475 αὐτὸς
523 443 652 479 εἱστήκει,
667 445 761 472 ἐκεῖνοι
775 442 802 472 δὲ
817 443 867 476 ἔξω

93 488 205 525 πάντες,
217 490 231 517 ὃ
247 489 308 521 λαὸς
320 489 398 521 ἅπας.
411 489 542 518 Ἐνταῦθα
553 489 581 518 δὲ
593 489 622 518 οὐ
635 489 712 527 μόνον
727 493 803 518 τοῦτο
817 489 867 518 δεί-

94 547 195 571 κνυσιν,
213 535 254 564 ὅτι
267 536 281 563 ὁ
293 534 378 573 ἱερεὺς
399 536 518 570 εἷο-ἦλθεν
536 537 571 568 εἷς
587 535 621 564 τὰ
636 536 714 574 ἅγια·
729 539 806 564 τοῦτο
817 535 868 575 γὰρ

95 582 170 616 δηλοῖ
183 583 222 620 τῷ
239 581 335 620 λέγειν,
360 581 410 610 Καὶ
433 581 504 620 ἱερέα
522 582 604 620 μέγαν
622 581 666 610 ἐπὶ
680 581 725 610 τὸν
739 578 809 610 οἶκον
822 583 867 610 τοῦ

86 628 165 656 «Θεοῦ
177 639 183 644 ·
200 628 260 655 ἀλλ’
273 628 313 656 ὅτι
326 627 371 655 καὶ
382 629 458 664 ἡμεῖς
473 628 654 666 εἰσερχόμεθα.
666 627 716 656 Διὰ
730 627 805 656 τοῦτό
820 639 868 666 φη-

95 684 147 709 σιν,
159 672 206 702 Ἐν
221 673 389 713 πληροφορίᾳ
403 673 526 706 πίστεως.
541 673 621 702 ''Eo-rt
635 673 685 712 γὰρ
700 673 745 702 καὶ
757 673 868 702 πιστεύ-

96 730 133 747 ειν
146 719 302 753 διστάζοντα
315 731 320 737 ·
333 715 386 749 οἷον
399 719 492 749 πολλοί
503 721 553 748 εἰσι
568 719 613 748 καὶ
629 723 673 748 ν’ῦν
686 719 818 758 λέγοντες,
830 720 870 748 ὃτι

96 764 172 794 ἐνίων
187 765 234 803 μέν
245 766 316 794 ἐστιν
329 765 488 801 ἀνάστασις,
506 765 580 795 ἐνίων
594 765 621 794 δὲ
632 765 670 794 οὔ.
682 766 769 794 Τοῦτο
785 764 812 793 δὲ
824 766 870 793 οὐκ

97 811 153 840 ἔστι
172 811 339 851 πληροφορία
360 810 490 844 πίστεως·
516 811 584 840 οὕτω
607 812 658 852 γὰρ
674 812 712 840 δεῖ
727 811 869 846 πιστεύειν,

99 858 134 889 ὡς
150 856 212 895 περὶ
231 857 371 895 ὁρωμένων
383 869 389 874 ·
407 858 451 886 καὶ
465 859 556 897 πολλῷ
570 858 658 887 πλέον.
674 858 805 887 Ἐνταῖέθα
823 856 871 894 μὲν

99 900 150 942 γᾶρ
164 902 209 931 καὶ
225 903 356 942 σφαλῆναί
382 905 452 933 ἐστιν
477 905 502 933 ἓν
519 909 573 936 τοῖς
586 903 746 943 δρωμένοις,
765 905 818 932 ἐκεῖ
844 902 871 931 δὲ

100 949 129 978 οὔ
140 960 146 966 ·
162 949 206 977 καὶ
218 951 328 978 ἐνταῦθα
340 949 386 987 μὲν
400 952 433 988 τῇ
448 950 568 985 αἰσθήσει
581 949 767 989 ἐπιτρέπομεν,
780 945 834 977 ἐκεῖ
845 948 871 977 δὲ

100 997 138 1034 τῷ
150 994 291 1033 πνεύματι.
308 995 528 1034 Ἐῤῥαντισμένοι
539 995 586 1028 τὰς
601 994 710 1033 καρδίας
722 994 774 1023 ἀπὸ
785 1006 868 1023 συνεκ

101 1041 200 1076 δήσεως
214 1045 344 1080 πονηρᾶς·
357 1043 468 1070 ἐνταῦθα
483 1041 612 1069 δείκνυσιν
624 1040 665 1069 ὅτι
679 1042 708 1069 οὗ
720 1039 808 1072 πίστις
823 1040 872 1078 μό-

100 1097 152 1121 νον,
169 1085 237 1115 ἀλλὰ
260 1086 304 1114 καὶ
321 1085 376 1124 βίος
395 1086 514 1125 ἐνάρετος
529 1087 647 1120 ζητεῖται
659 1108 666 1119 ,
682 1086 727 1114 καὶ
745 1086 775 1115 τὸ
791 1085 873 1124 μηδὲν

101 1133 203 1164 ἑαυτοῖς
217 1131 362 1161 συνειδέναι
377 1131 501 1170 πονηρόν.
524 1133 564 1161 Οὐ
579 1131 631 1170 γὰρ
645 1131 752 1171 δέχεται
765 1132 798 1161 τὰ
811 1132 873 1170 ἅγια

100 1178 160 1210 τοὺς
175 1177 212 1215 μὴ
237 1177 304 1207 οὕτω
319 1177 499 1215 διακειμένους
520 1178 586 1216 μετὰ
600 1177 794 1217 πληροφορίας·
811 1179 874 1216 ἅγια

101 1224 153 1263 γάρ
165 1225 238 1259 ἐστι,
249 1224 294 1252 καὶ
310 1224 372 1262 ἅγια
387 1224 478 1262 ἁγίων.
497 1226 599 1253 Οὐκοῦν
616 1225 727 1253 ἐνταῦθα
738 1225 874 1265 ἄνθρωπος

103 1269 186 1302 οὐδεὶς
203 1269 316 1308 βέὸηλος
338 1270 454 1299 εἴσεισιν.
467 1270 582 1300 Ἐκεῖνοι
601 1270 632 1299 τὸ
653 1274 733 1309 σῶμα
751 1271 872 1310 ἐῤῥαντί-

103 1318 177 1349 ζοντο
185 1338 193 1350 ,
205 1319 282 1354 ἡμεῖς
296 1315 344 1351 τὴν
354 1316 501 1351 συνείδησιν
511 1328 517 1334 ·
529 1316 596 1346 ὥστε
609 1317 665 1346 ἔστι
675 1317 720 1346 καὶ
730 1321 773 1347 νῦν
785 1319 873 1357 περιῤ·

105 1362 283 1401 ῥαπίζεσθαι,
300 1363 358 1390 ἀλλ’
372 1364 437 1401 αὐτῇ
452 1365 484 1401 τῇ
506 1365 597 1402 ἀρετῇ.
613 1363 666 1392 Καὶ
680 1364 833 1401 λελουμένοι
846 1364 875 1393 τὸ

104 1410 182 1446 σῶμα
211 1408 286 1437 ὕδατι
309 1410 427 1447 καθαρῷ.
447 1408 488 1437 Τὸ
513 1408 621 1448 λουτρὸν
652 1410 763 1438 ἐνταῦθα
783 1421 875 1448 φησιν,

104 1453 171 1494 ὅπερ
184 1456 231 1483 οὖκ
243 1454 299 1483 ἔστι
314 1455 445 1492 σωμάτων
458 1454 613 1493 καθάρσιον,
632 1455 699 1484 ἀλλὰ
714 1457 809 1495 ψυχῆς.
825 1456 876 1484 Πι·

107 1499 167 1532 στος
190 1500 241 1539 γὰρ
259 1503 272 1529 ὁ
293 1500 534 1539 ἐπαγγειλάμενος·
551 1501 595 1529 καὶ
613 1501 640 1530 τί
654 1501 878 1540 ἐπαγγειλάμενος

642 150 688 172 At)
715 148 882 173 ttEssttffiOS.
913 149 992 171 CAP.
1021 148 1056 171 X.

1087 148 1205 171 nostin.
1236 148 1308 170 xix.
1594 134 1664 182 259

919 211 1048 241 Velamen
1067 217 1156 239 autem
1174 210 1269 239 merito
1285 219 1393 238 earnem
1413 209 1521 239 vocavit
1536 221 1541 236 :
1559 209 1666 247 quando

919 258 990 286 enim
1006 257 1128 286 sublatus
1142 256 1193 285 fuit
1206 256 1232 285 in
1246 257 1330 285 altum
1342 279 1350 291 ‚
1367 263 1429 285 tunc
1441 262 1621 296 apparuerunt
1636 266 1665 283 ea

919 314 979 342 quae
989 304 1088 332 suntin
1103 302 1184 332 eaelis.
1197 303 1396 336 Accedamus,
1409 302 1506 341 inquit,
1515 313 1578 331 cum
1594 312 1665 330 vero

921 353 1016 381 corde.
1033 351 1153 387 Quinam
1169 350 1350 379 accedamus?
1371 351 1400 380 Si
1417 350 1477 389 quis
1492 357 1600 379 sanetus
1615 348 1667 378 fide

921 403 946 425 et
961 396 1095 436 spirituali
1109 395 1273 424 adoratione.
1288 396 1360 424 Cum
1374 405 1447 423 vero
1459 396 1554 429 corde,
1566 396 1597 422 in
1607 395 1669 433 ple-

925 443 1059 471 nitudine
1072 442 1162 481 fidei;
1179 441 1207 470 id
1224 447 1272 477 est,
1286 441 1413 480 quoniam
1432 441 1499 469 nihil
1517 447 1555 469 est
1570 440 1668 480 adspe-

923 488 1030 524 ctabile,
1045 498 1132 526 neque
1143 486 1282 523 sacerdos,
1297 497 1383 525 neque
1397 486 1569 521 sacrificium,
1584 496 1669 524 neque

923 534 1017 564 altare,
1035 534 1206 572 Quamquam
1223 542 1270 561 nee
1290 532 1336 560 ille
1353 531 1461 570 quidem
1481 530 1602 559 sacerdos
1614 537 1669 558 erat

924 579 1125 618 adspectabilis,
1141 578 1187 607 sed
1197 579 1254 618 ipse
1265 578 1352 607 stabat
1368 577 1449 611 intus,
1464 577 1502 605 illi
1517 583 1607 605 autem
1621 587 1669 605 ex-

924 633 963 655 tra
979 637 1079 663 omnes,
1097 637 1192 666 nempe
1205 633 1277 655 totns
1295 625 1422 665 populus.
1442 625 1494 653 llic
1513 630 1601 652 autem
1618 634 1669 652 non

923 672 1011 701 solum
1031 672 1081 701 hoc
1103 671 1230 709 ostendit,
1248 671 1321 710 quod
1340 670 1463 699 sucerdos
1484 670 1624 698 intraverit
1643 671 1669 698 in

924 725 1030 755 sancta3
1049 718 1098 747 hoc
1109 718 1179 746 enim
1193 717 1311 746 declarat
1322 717 1422 752 dicens,
1437 717 1477 745 Et
1491 717 1670 745 sacerdotem

925 775 1064 804 magnum
1083 775 1168 803 super
1183 765 1300 792 domum
1318 764 1393 797 Dei;
1412 762 1458 792 sed
1478 762 1605 801 quoniam
1622 773 1671 791 nos

925 821 1031 848 quoque
1050 811 1190 839 intramus.
1212 810 1354 849 Propterea
1370 809 1476 847 inquit,
1493 810 1529 836 In
1542 808 1671 847 plenitu-

926 857 994 884 dine
1010 856 1093 895 fidei.
1109 855 1180 884 Fieri
1196 855 1265 884 enim
1282 861 1367 894 potest
1382 861 1410 883 ut
1422 854 1501 883 etiam
1519 853 1610 882 credat
1619 853 1670 881 ali-

926 902 986 940 quis
1005 901 1133 930 dubitans
1153 913 1159 928 t
1176 908 1204 930 ut
1220 901 1297 929 multi
1313 907 1375 929 sunt
1387 900 1433 938 qui
1451 900 1532 929 etiam
1546 909 1617 928 nunc
1628 898 1669 928 di-

927 954 999 984 cunt,
1015 947 1206 975 nonnullorum
1217 957 1271 975 esse
1280 946 1510 982 resurrectionem,
1525 945 1670 975 nonnullo-

928 1003 988 1021 rum
1001 1000 1090 1021 autem
1106 1003 1156 1020 non
1169 1003 1232 1020 esse.
1250 992 1306 1020 Hoc
1321 1003 1373 1020 non
1385 999 1423 1020 est
1437 992 1499 1020 fidei
1513 991 1653 1032 plenitudo
1666 1003 1672 1019 z

928 1038 963 1066 ita
973 1038 1043 1066 enim
1055 1044 1159 1077 oportet
1169 1037 1285 1070 credere,
1297 1044 1327 1065 ut
1336 1037 1370 1066 de
1379 1038 1543 1074 visibilibus,
1554 1045 1579 1066 et
1588 1038 1673 1067 multo

928 1084 1054 1123 amplius.
1071 1085 1139 1112 Nam
1151 1084 1197 1112 hic
1207 1084 1319 1122 quidem
1334 1084 1417 1112 errari
1433 1091 1518 1123 potest
1531 1085 1557 1113 in
1571 1085 1604 1113 iis
1613 1095 1673 1122 quse

928 1130 1064 1167 videntur,
1089 1130 1144 1159 illic
1168 1137 1257 1158 autem
1281 1140 1449 1168 nequaquam
1469 1142 1474 1157 ε
1496 1131 1540 1158 hic
1563 1130 1675 1169 quidem

928 1176 1016 1206 sensui
1035 1176 1225 1216 permittimus,
1250 1176 1307 1205 illic
1329 1186 1393 1204 vero
1414 1176 1530 1215 spiritui.
1553 1177 1676 1215 Aspersi

929 1224 1020 1253 corda
1036 1234 1054 1252 a
1069 1225 1249 1252 conscientia
1267 1223 1359 1251 mala.
1381 1222 1504 1251 Ostendit
1525 1223 1579 1257 hie,
1603 1223 1675 1261 quod

929 1280 983 1298 non
1002 1269 1088 1298 sotum
1114 1269 1196 1306 fides,
1216 1269 1261 1298 sed
1286 1269 1342 1297 rita
1365 1279 1472 1307 quoque
1493 1279 1554 1297 cum
1576 1269 1677 1297 virtute

931 1316 1077 1355 quaeritur,
1094 1322 1118 1345 et
1131 1316 1182 1344 sibi
1199 1315 1300 1344 nullius
1315 1315 1352 1344 rei
1369 1316 1446 1344 malae
1460 1326 1516 1345 esse
1530 1315 1675 1344 conscium.

931 1363 990 1391 Non
1010 1363 1081 1391 enim
1099 1370 1189 1391 saneta
1207 1362 1356 1402 suscipiunt
1374 1373 1417 1391 eos
1436 1362 1482 1401 qui
1498 1363 1550 1390 nori
1564 1369 1626 1390 sunt
1638 1362 1677 1390 sic

931 1408 1017 1437 assecti
1031 1419 1091 1437 cum
1102 1408 1271 1448 plenitudine
1291 1420 1296 1436 :
1319 1416 1381 1437 sunt
1393 1409 1464 1437 enim
1475 1415 1564 1437 sancta
1579 1415 1604 1436 et
1618 1418 1677 1436 san-

932 1463 972 1484 cta
986 1462 1147 1484 sanctorum.
1158 1456 1209 1484 Hic
1221 1466 1284 1494 ergo
1296 1456 1377 1484 homo
1387 1455 1479 1484 nullus
1491 1455 1573 1483 intrat
1584 1455 1676 1494 profa-

932 1512 990 1530 nus.
1003 1502 1047 1530 Illi
1058 1503 1086 1530 in
1097 1513 1209 1542 corpore
1217 1502 1437 1541 aspergebantur,
1448 1512 1496 1530 nos
1506 1501 1532 1529 in
1548 1501 1604 1540 ipsa
1616 1511 1677 1530 con-

107 1546 163 1574 ἔστι
177 1546 281 1581 παντός
297 1546 363 1575 1⁷Oet
376 1547 413 1575 δεῖ
428 1548 550 1576 ἀπελθεῖν
562 1549 631 1583 ἐκεῖ,
647 1547 691 1575 καὶ
705 1548 829 1576 εἰσελθεῖν
841 1549 878 1580 εἷς
890 1572 923 1591 m
934 1549 1044 1578 scientia
1061 1561 1066 1576 ε
1084 1548 1259 1587 quamobrem
1275 1559 1346 1577 nunc
1357 1559 1463 1587 quoque
1482 1548 1544 1576 licet
1560 1547 1678 1586 aspergi,

107 1591 156 1627 τὴν
179 1592 324 1630 βασιλείαν.
341 1592 431 1628 Μηδὲν
446 1592 532 1621 τοίνυν
548 1593 737 1632 περιεργάζου,
753 1593 821 1631 μηδὲ
835 1595 877 1622 λο-
896 1602 915 1623 Α
933 1595 980 1624 sed
996 1595 1053 1635 ipsa
1065 1595 1173 1625 virtute.
1189 1597 1230 1625 Et
1240 1596 1336 1624 abluti
1350 1605 1454 1634 corpus
1467 1605 1546 1634 aqua
1558 1594 1678 1623 munda.

107 1637 217 1675 γισμοὺς
241 1639 367 1668 ἀπαίτει·
389 1639 502 1672 πίστεως
517 1640 599 1668 δεῖται
622 1640 655 1668 τὰ
676 1640 801 1678 ἡμέτερα.
826 1641 879 1669 Καὶ
935 1642 1086 1670 Lavacrum
1104 1642 1168 1670 dicit
1188 1652 1239 1671 non
1262 1641 1334 1680 quod
1349 1641 1463 1670 mundat
1483 1651 1610 1680 corpora,
1632 1639 1679 1669 sed

527 1771 703 1800 MUTIANO
726 1771 981 1800 SCHOLASTICO
1004 1773 1256 1802 INTERPRETE.

112 1887 166 1909 tem
175 1881 249 1910 illam
262 1881 312 1909 hac
324 1881 433 1917 ratione,
441 1881 567 1920 quoniam
579 1880 634 1920 ipse
645 1881 671 1909 in
686 1891 715 1909 ea
727 1880 1046 1920 perrexitNelamentum
1061 1889 1150 1911 autem
1161 1882 1255 1911 merito
1262 1883 1369 1912 vocavit
1382 1894 1388 1910 :
1401 1893 1463 1911 cum
1477 1883 1547 1911 enim
1558 1884 1678 1912 elevatus

113 1934 179 1956 esset
194 1928 220 1956 in
235 1927 342 1964 caelum,
358 1934 423 1956 tune
437 1934 620 1967 apparuerunt
637 1927 760 1956 eaelestia.
774 1928 961 1956 Accedamus
972 1930 1083 1967 itaque,
1097 1929 1184 1967 inquit
1197 1951 1204 1963 ,
1219 1939 1284 1958 curn
1299 1931 1402 1958 veraci
1416 1929 1511 1957 corde.
1524 1930 1554 1958 ln
1564 1940 1618 1968 quo
1630 1940 1679 1958 ac-

112 1975 260 2004 cedamus?
274 1975 432 2012 Sanctitate,
443 1975 509 2011 fide,
521 1974 639 2014 spiritali
654 1974 770 2003 cultura.
783 1977 820 2003 In
839 1977 937 2004 veraci
950 1977 1046 2011 corde,
1058 1980 1089 2005 in
1102 1977 1308 2015 satisfactione
1320 1977 1413 2016 fidei;
1426 1977 1490 2015 quia
1505 1976 1572 2005 nihil
1589 1983 1627 2005 est
1643 1977 1679 2005 vi-

111 2022 190 2051 sibile
201 2022 310 2059 horum,
323 2033 408 2060 neque
420 2022 619 2061 sacerdosjmn,
632 2033 717 2060 neque
731 2022 903 2059 sacrificium,
916 2034 1000 2061 neque
1011 2023 1112 2052 altare:
1125 2034 1288 2063 quamquam
1303 2034 1350 2053 nec
1366 2024 1412 2052 ille
1422 2023 1546 2052 sacerdos
1563 2023 1681 2052 visibilis

111 2076 188 2106 esset,
201 2068 248 2098 sed
261 2069 333 2098 intus
347 2076 438 2104 staret,
454 2069 494 2098 illi
511 2076 602 2098 autem
616 2069 692 2104 soris,
709 2069 760 2098 hoc
774 2076 812 2098 est
827 2069 968 2098 universus
982 2070 1107 2109 populus.
1118 2070 1170 2099 Hic
1184 2077 1272 2099 autem
1290 2081 1341 2099 non
1356 2070 1443 2099 solum
1459 2071 1510 2099 hoc
1527 2070 1603 2107 facit,
1617 2071 1679 2109 quia

111 2116 234 2146 sacerdos
245 2117 381 2156 ingressus
393 2124 433 2146 est
448 2117 476 2146 in
491 2124 592 2152 sancta,
610 2117 658 2146 sed
672 2117 751 2146 etiam
767 2117 829 2156 quia
846 2128 893 2146 nos
908 2118 1048 2147 intramus.
1059 2119 1201 2158 Propterea
1217 2119 1313 2157 inquit,
1327 2120 1364 2146 In
1378 2119 1678 2158 satisfactionefidei‚

113 2165 202 2193 Potest
217 2164 317 2203 quippe
331 2163 404 2193 credi
418 2171 444 2193 et
457 2164 617 2203 simpliciter
630 2175 692 2192 cum
707 2164 872 2193 haesitatione
882 2187 888 2199 ‚
901 2164 993 2203 quales
1007 2173 1069 2194 sunt
1085 2176 1156 2194 nune
1174 2165 1295 2204 plurimi,
1308 2165 1426 2194 dicentes
1442 2177 1447 2192 :
1461 2165 1596 2201 Quoniam
1613 2175 1682 2202 quo-

114 2210 239 2239 rumdam
253 2211 303 2239 erit
316 2211 485 2246 resurreetio,
498 2210 677 2249 quorumdam
691 2218 779 2239 autem
792 2221 852 2239 non.
866 2211 922 2239 lloc
938 2222 988 2240 non
1005 2219 1043 2240 est
1055 2211 1121 2241 fides
1133 2224 1139 2240 ι
1151 2214 1188 2240 In
1203 2213 1420 2252 satisfactione,
1432 2212 1621 2250 iuquit‚fidei.
1636 2211 1681 2240 Sic

113 2264 219 2297 oportet
240 2257 364 2294 credere,
378 2257 513 2296 quomodo
528 2259 592 2287 certi
613 2269 706 2286 sumus
727 2258 761 2286 de
776 2258 932 2287 visibilibus
942 2281 948 2293 ‚
963 2265 987 2286 et
1004 2258 1094 2287 adhuc
1109 2259 1234 2298 amplius.
1252 2259 1301 2288 llic
1316 2259 1386 2288 enim
1402 2258 1548 2297 aliquando
1564 2265 1680 2297 erratur,

115 2304 167 2334 hoc
179 2312 227 2342 est,
240 2305 269 2334 in
285 2305 318 2334 iis
332 2316 391 2344 quoe
407 2306 550 2342 videntur;
563 2306 620 2334 illic
633 2312 723 2334 autem
738 2316 920 2344 nequaquam:
933 2306 977 2334 hic
990 2306 1099 2344 quidem
1114 2318 1192 2336 sensu
1209 2307 1382 2346 percipimus,
1394 2307 1449 2336 illic
1466 2314 1554 2335 autem
1570 2306 1681 2345 spiritu.

115 2351 254 2391 Aspergit
272 2354 362 2382 corda
383 2360 484 2382 nostra
499 2364 518 2382 a
532 2355 711 2382 consciencia
726 2353 817 2381 mala.
831 2352 955 2381 Ostendit
969 2353 1032 2391 quia
1048 2364 1099 2382 non
1115 2354 1182 2383 fides
1197 2354 1250 2383 sola
1263 2378 1270 2390 ,
1285 2354 1331 2383 sed
1344 2356 1424 2383 etiam
1439 2355 1494 2382 vita
1508 2365 1569 2382 enm
1585 2353 1684 2383 virtute

115 2399 256 2438 quaeritur,
272 2407 298 2428 et
315 2407 343 2429 ut
359 2400 426 2428 nibil
441 2400 492 2429 sibi
510 2399 624 2438 quisquc
638 2399 760 2428 conscius
776 2399 812 2428 sit
828 2399 1014 2439 malignitatis.
1027 2401 1086 2429 Non
1101 2401 1172 2429 enim
1187 2401 1338 2440 suscipiunt
1349 2412 1412 2430 cum
1426 2401 1607 2430 satisfactione
1618 2411 1682 2429 san-

118 2453 159 2475 cta
172 2457 226 2485 eos,
243 2447 291 2485 qui
311 2458 364 2476 non
384 2448 420 2476 ita
442 2447 597 2476 afficiuntur
612 2460 618 2474 z
634 2455 664 2476 ut
678 2454 767 2476 sancta
782 2447 853 2476 enim
867 2454 940 2482 sunt,
959 2455 984 2476 et
1000 2455 1029 2476 ut
1043 2456 1132 2477 saneta
1148 2456 1310 2478 sanctoruni.
1326 2449 1376 2477 Hic
1394 2456 1484 2478 autem
1498 2449 1579 2477 homo
1594 2448 1685 2477 nullus

120 2493 246 2532 profanus
261 2494 420 2534 ingreditur.
438 2494 482 2523 Illi
497 2501 587 2523 autem
602 2504 699 2533 corpus
713 2494 906 2534 aspergebant,
924 2505 971 2523 nos
988 2495 1177 2524 conscientiam
1188 2508 1193 2523 :
1206 2495 1319 2535 proinde
1339 2507 1480 2535 possumus
1504 2496 1584 2525 etiam
1614 2506 1685 2524 nunc

121 2541 227 2580 aspergi
239 2541 332 2572 eadem
346 2542 403 2582 ipsa
418 2542 526 2572 virtute.
540 2543 579 2572 Ee
595 2542 702 2580 abluti,
715 2542 815 2581 inquit,
827 2553 930 2581 corpus
945 2553 1026 2581 aqua
1041 2544 1162 2572 munda.
1177 2545 1326 2573 Lavacrum
1341 2544 1510 2583 baptismatis
1528 2543 1554 2572 in
1571 2544 1621 2572 hoc
1644 2542 1686 2571 lu-

1728 908 1827 936 Quidam

1687 947 1786 960 resurre-

1685 973 1780 991 ctionem

1686 1003 1787 1022 omnium

1685 1040 1731 1054 esse
1745 1041 1812 1062 nega-

1685 1065 1746 1085 hant.
