<?xml version="1.0" encoding="UTF-8"?>
<!DOCTYPE html PUBLIC "-//W3C//DTD XHTML 1.0 Transitional//EN"
    "http://www.w3.org/TR/xhtml1/DTD/xhtml1-transitional.dtd">
<html xmlns="http://www.w3.org/1999/xhtml" xml:lang="en" lang="en">
 <head>
  <title>
</title>
<meta http-equiv="Content-Type" content="text/html;charset=utf-8" />
  <meta name='ocr-system' content='tesseract 3.04.00' />
  <meta name='ocr-capabilities' content='ocr_page ocr_carea ocr_par ocr_line ocrx_word'/>
</head>
<body>
  <div class='ocr_page' id='page_1' title='image "./operaomniaquaeex12johnuoft/operaomniaquaeex12johnuoft_0458.png"; bbox 0 0 1906 2846; ppageno 0'>
   <div class='ocr_carea' id='block_1_1' title="bbox 243 157 1021 1084">
    <p class='ocr_par' dir='ltr' id='par_1_1' title="bbox 243 157 1021 1084">
     <span class='ocr_line' id='line_1_1' title="bbox 258 157 315 171; baseline -0.035 0"><span class='ocrx_word' id='word_1_1' title='bbox 258 158 267 171; x_wconf 82' lang='lat' dir='ltr'><em>l</em></span> <span class='ocrx_word' id='word_1_2' title='bbox 284 157 291 169; x_wconf 77' lang='grc' dir='ltr'><em>Ι</em></span> <span class='ocrx_word' id='word_1_3' title='bbox 308 158 315 169; x_wconf 84' lang='grc' dir='ltr'><em>Ι</em></span> 
     </span>
     <span class='ocr_line' id='line_1_2' title="bbox 249 174 317 198; baseline -0.015 0"><span class='ocrx_word' id='word_1_4' title='bbox 249 175 292 198; x_wconf 60' lang='lat' dir='ltr'>&lt;m</span> <span class='ocrx_word' id='word_1_5' title='bbox 308 174 317 197; x_wconf 70' lang='lat' dir='ltr'>l</span> 
     </span>
     <span class='ocr_line' id='line_1_3' title="bbox 245 221 981 260; baseline -0.011 -6"><span class='ocrx_word' id='word_1_6' title='bbox 245 227 455 255; x_wconf 64' lang='lat' dir='ltr'>animadvertis</span> <span class='ocrx_word' id='word_1_7' title='bbox 467 227 479 250; x_wconf 75' lang='lat' dir='ltr'>P</span> <span class='ocrx_word' id='word_1_8' title='bbox 496 225 688 260; x_wconf 78' lang='lat' dir='ltr'>Quaecuquee</span> <span class='ocrx_word' id='word_1_9' title='bbox 698 231 764 259; x_wconf 79' lang='lat' dir='ltr'>ergo</span> <span class='ocrx_word' id='word_1_10' title='bbox 785 221 912 248; x_wconf 65' lang='lat' dir='ltr'>dixerint</span> <span class='ocrx_word' id='word_1_11' title='bbox 929 230 981 246; x_wconf 77' lang='lat' dir='ltr'>vo·</span> 
     </span>
     <span class='ocr_line' id='line_1_4' title="bbox 247 264 984 310; baseline -0.012 -10"><span class='ocrx_word' id='word_1_12' title='bbox 247 274 288 300; x_wconf 68' lang='lat' dir='ltr'>Itis</span> <span class='ocrx_word' id='word_1_13' title='bbox 308 268 588 310; x_wconf 71' lang='lat' dir='ltr'>utsacic1lis,sacite</span> <span class='ocrx_word' id='word_1_14' title='bbox 600 269 609 302; x_wconf 91' lang='lat'>(</span> <span class='ocrx_word' id='word_1_15' title='bbox 621 267 705 294; x_wconf 82' lang='lat' dir='ltr'>facere</span> <span class='ocrx_word' id='word_1_16' title='bbox 730 272 818 293; x_wconf 86' lang='lat' dir='ltr'>autem</span> <span class='ocrx_word' id='word_1_17' title='bbox 834 271 873 292; x_wconf 88' lang='lat' dir='ltr'>cst</span> <span class='ocrx_word' id='word_1_18' title='bbox 886 264 984 302; x_wconf 87' lang='lat' dir='ltr'>operis,</span> 
     </span>
     <span class='ocr_line' id='line_1_5' title="bbox 246 309 986 349; baseline -0.012 -4"><span class='ocrx_word' id='word_1_19' title='bbox 246 327 296 344; x_wconf 81' lang='lat' dir='ltr'>non</span> <span class='ocrx_word' id='word_1_20' title='bbox 310 315 371 343; x_wconf 79' lang='lat' dir='ltr'>fidei</span> <span class='ocrx_word' id='word_1_21' title='bbox 385 318 405 349; x_wconf 80' lang='lat'>);</span> <span class='ocrx_word' id='word_1_22' title='bbox 417 313 574 342; x_wconf 76' lang='lat' dir='ltr'>secundum</span> <span class='ocrx_word' id='word_1_23' title='bbox 585 317 682 339; x_wconf 82' lang='lat' dir='ltr'>autem</span> <span class='ocrx_word' id='word_1_24' title='bbox 691 320 777 348; x_wconf 80' lang='lat' dir='ltr'>opera</span> <span class='ocrx_word' id='word_1_25' title='bbox 786 319 884 337; x_wconf 85' lang='lat' dir='ltr'>eorum</span> <span class='ocrx_word' id='word_1_26' title='bbox 895 309 986 336; x_wconf 83' lang='lat' dir='ltr'>nolite</span> 
     </span>
     <span class='ocr_line' id='line_1_6' title="bbox 243 353 986 398; baseline -0.012 -8"><span class='ocrx_word' id='word_1_27' title='bbox 243 363 350 398; x_wconf 74' lang='lat' dir='ltr'>facere.</span> <span class='ocrx_word' id='word_1_28' title='bbox 363 358 447 388; x_wconf 72' lang='lat' dir='ltr'>Vides</span> <span class='ocrx_word' id='word_1_29' title='bbox 461 356 533 395; x_wconf 87' lang='lat' dir='ltr'>quod</span> <span class='ocrx_word' id='word_1_30' title='bbox 549 366 600 384; x_wconf 88' lang='lat' dir='ltr'>non</span> <span class='ocrx_word' id='word_1_31' title='bbox 615 363 675 394; x_wconf 78' lang='lat' dir='ltr'>agat</span> <span class='ocrx_word' id='word_1_32' title='bbox 686 355 719 384; x_wconf 90' lang='lat' dir='ltr'>de</span> <span class='ocrx_word' id='word_1_33' title='bbox 733 354 905 393; x_wconf 72' lang='lat' dir='ltr'>dogmatibus</span> <span class='ocrx_word' id='word_1_34' title='bbox 920 377 927 390; x_wconf 92' lang='lat'>,</span> <span class='ocrx_word' id='word_1_35' title='bbox 939 353 986 382; x_wconf 86' lang='lat' dir='ltr'>sed</span> 
     </span>
     <span class='ocr_line' id='line_1_7' title="bbox 246 400 986 442; baseline -0.008 -9"><span class='ocrx_word' id='word_1_36' title='bbox 246 407 278 433; x_wconf 82' lang='lat' dir='ltr'>de</span> <span class='ocrx_word' id='word_1_37' title='bbox 301 405 354 433; x_wconf 79' lang='lat' dir='ltr'>vita</span> <span class='ocrx_word' id='word_1_38' title='bbox 382 411 406 432; x_wconf 81' lang='lat' dir='ltr'>et</span> <span class='ocrx_word' id='word_1_39' title='bbox 431 402 580 442; x_wconf 75' lang='lat' dir='ltr'><strong>operibus?</strong></span> <span class='ocrx_word' id='word_1_40' title='bbox 594 401 646 430; x_wconf 85' lang='lat' dir='ltr'>Sed</span> <span class='ocrx_word' id='word_1_41' title='bbox 668 401 768 429; x_wconf 86' lang='lat' dir='ltr'>Paulus</span> <span class='ocrx_word' id='word_1_42' title='bbox 796 411 840 429; x_wconf 91' lang='lat' dir='ltr'>eos</span> <span class='ocrx_word' id='word_1_43' title='bbox 867 400 986 439; x_wconf 88' lang='lat' dir='ltr'>primum</span> 
     </span>
     <span class='ocr_line' id='line_1_8' title="bbox 246 446 986 485; baseline -0.007 -6"><span class='ocrx_word' id='word_1_44' title='bbox 246 449 464 483; x_wconf 72' lang='lat' dir='ltr'>commendavit,</span> <span class='ocrx_word' id='word_1_45' title='bbox 490 455 515 476; x_wconf 84' lang='lat' dir='ltr'>ct</span> <span class='ocrx_word' id='word_1_46' title='bbox 543 455 606 475; x_wconf 88' lang='lat' dir='ltr'>tunc</span> <span class='ocrx_word' id='word_1_47' title='bbox 626 446 710 475; x_wconf 85' lang='lat' dir='ltr'>dicit:</span> <span class='ocrx_word' id='word_1_48' title='bbox 729 447 849 475; x_wconf 84' lang='lat' dir='ltr'>Obedite</span> <span class='ocrx_word' id='word_1_49' title='bbox 872 456 986 485; x_wconf 76' lang='lat' dir='ltr'>praepo-</span> 
     </span>
     <span class='ocr_line' id='line_1_9' title="bbox 245 493 986 532; baseline -0.008 -7"><span class='ocrx_word' id='word_1_50' title='bbox 245 499 307 525; x_wconf 81' lang='lat' dir='ltr'>sitis</span> <span class='ocrx_word' id='word_1_51' title='bbox 321 497 438 532; x_wconf 77' lang='lat' dir='ltr'>vestris,</span> <span class='ocrx_word' id='word_1_52' title='bbox 465 501 492 522; x_wconf 81' lang='lat' dir='ltr'>et</span> <span class='ocrx_word' id='word_1_53' title='bbox 507 494 627 532; x_wconf 76' lang='lat' dir='ltr'>subjecti</span> <span class='ocrx_word' id='word_1_54' title='bbox 641 498 748 521; x_wconf 81' lang='lat' dir='ltr'>estote:</span> <span class='ocrx_word' id='word_1_55' title='bbox 763 494 819 530; x_wconf 76' lang='lat' dir='ltr'>ipsi</span> <span class='ocrx_word' id='word_1_56' title='bbox 841 493 919 520; x_wconf 79' lang='lat' dir='ltr'>enim</span> <span class='ocrx_word' id='word_1_57' title='bbox 939 495 986 519; x_wconf 76' lang='lat' dir='ltr'>vi-</span> 
     </span>
     <span class='ocr_line' id='line_1_10' title="bbox 245 539 985 581; baseline -0.007 -11"><span class='ocrx_word' id='word_1_58' title='bbox 245 542 341 581; x_wconf 78' lang='lat' dir='ltr'>gilant</span> <span class='ocrx_word' id='word_1_59' title='bbox 359 551 411 579; x_wconf 84' lang='lat' dir='ltr'>pro</span> <span class='ocrx_word' id='word_1_60' title='bbox 436 540 592 568; x_wconf 79' lang='lat' dir='ltr'>animabus</span> <span class='ocrx_word' id='word_1_61' title='bbox 604 540 709 566; x_wconf 79' lang='lat' dir='ltr'>vestris</span> <span class='ocrx_word' id='word_1_62' title='bbox 725 544 876 576; x_wconf 81' lang='lat' dir='ltr'>tamquam</span> <span class='ocrx_word' id='word_1_63' title='bbox 894 539 985 565; x_wconf 83' lang='lat' dir='ltr'>ratio-</span> 
     </span>
     <span class='ocr_line' id='line_1_11' title="bbox 249 583 987 622; baseline -0.005 -7"><span class='ocrx_word' id='word_1_64' title='bbox 249 597 313 615; x_wconf 85' lang='lat' dir='ltr'>nem</span> <span class='ocrx_word' id='word_1_65' title='bbox 324 587 474 615; x_wconf 79' lang='lat' dir='ltr'><em>reddituri.</em></span> <span class='ocrx_word' id='word_1_66' title='bbox 491 583 608 612; x_wconf 72' lang='lat' dir='ltr'>Audiant</span> <span class='ocrx_word' id='word_1_67' title='bbox 622 583 702 612; x_wconf 83' lang='lat' dir='ltr'>etiam</span> <span class='ocrx_word' id='word_1_68' title='bbox 714 583 858 622; x_wconf 82' lang='lat' dir='ltr'><strong>principes,</strong></span> <span class='ocrx_word' id='word_1_69' title='bbox 882 593 934 611; x_wconf 91' lang='lat' dir='ltr'>non</span> <span class='ocrx_word' id='word_1_70' title='bbox 946 593 987 611; x_wconf 89' lang='lat' dir='ltr'>so-</span> 
     </span>
     <span class='ocr_line' id='line_1_12' title="bbox 247 629 987 668; baseline -0.007 -7"><span class='ocrx_word' id='word_1_71' title='bbox 247 633 304 661; x_wconf 87' lang='lat' dir='ltr'>lum</span> <span class='ocrx_word' id='word_1_72' title='bbox 321 631 436 667; x_wconf 78' lang='lat' dir='ltr'>subditi,</span> <span class='ocrx_word' id='word_1_73' title='bbox 450 629 523 668; x_wconf 86' lang='lat' dir='ltr'>quod</span> <span class='ocrx_word' id='word_1_74' title='bbox 537 629 607 657; x_wconf 82' lang='lat' dir='ltr'>sicut</span> <span class='ocrx_word' id='word_1_75' title='bbox 628 639 671 658; x_wconf 87' lang='lat' dir='ltr'>eos</span> <span class='ocrx_word' id='word_1_76' title='bbox 687 629 732 667; x_wconf 83' lang='lat' dir='ltr'>qui</span> <span class='ocrx_word' id='word_1_77' title='bbox 759 635 887 667; x_wconf 84' lang='lat' dir='ltr'>reguntur</span> <span class='ocrx_word' id='word_1_78' title='bbox 907 639 987 667; x_wconf 87' lang='lat' dir='ltr'>opor-</span> 
     </span>
     <span class='ocr_line' id='line_1_13' title="bbox 252 675 1021 713; baseline -0.003 -8"><span class='ocrx_word' id='word_1_79' title='bbox 252 684 289 705; x_wconf 85' lang='lat' dir='ltr'>tet</span> <span class='ocrx_word' id='word_1_80' title='bbox 301 688 356 706; x_wconf 86' lang='lat' dir='ltr'>esse</span> <span class='ocrx_word' id='word_1_81' title='bbox 371 676 534 711; x_wconf 81' lang='lat' dir='ltr'><strong>obedientes,</strong></span> <span class='ocrx_word' id='word_1_82' title='bbox 551 675 588 703; x_wconf 89' lang='lat' dir='ltr'>ita</span> <span class='ocrx_word' id='word_1_83' title='bbox 603 675 684 703; x_wconf 86' lang='lat' dir='ltr'>etiam</span> <span class='ocrx_word' id='word_1_84' title='bbox 696 685 740 703; x_wconf 90' lang='lat' dir='ltr'>eos</span> <span class='ocrx_word' id='word_1_85' title='bbox 753 675 801 712; x_wconf 89' lang='lat' dir='ltr'>qui</span> <span class='ocrx_word' id='word_1_86' title='bbox 812 681 918 713; x_wconf 82' lang='lat' dir='ltr'>regunt,</span> <span class='ocrx_word' id='word_1_87' title='bbox 932 685 988 703; x_wconf 83' lang='lat' dir='ltr'>esse</span> <span class='ocrx_word' id='word_1_88' title='bbox 1003 685 1021 707; x_wconf 78' lang='grc' dir='ltr'>ι)</span> 
     </span>
     <span class='ocr_line' id='line_1_14' title="bbox 248 719 988 761; baseline -0.004 -10"><span class='ocrx_word' id='word_1_89' title='bbox 248 723 391 761; x_wconf 64' lang='lat' dir='ltr'>vigilantes</span> <span class='ocrx_word' id='word_1_90' title='bbox 416 729 440 750; x_wconf 87' lang='lat' dir='ltr'>et</span> <span class='ocrx_word' id='word_1_91' title='bbox 455 721 568 749; x_wconf 89' lang='lat' dir='ltr'>sobrios.</span> <span class='ocrx_word' id='word_1_92' title='bbox 588 720 663 755; x_wconf 88' lang='lat' dir='ltr'>Quid</span> <span class='ocrx_word' id='word_1_93' title='bbox 685 720 754 748; x_wconf 85' lang='lat' dir='ltr'>dicis</span> <span class='ocrx_word' id='word_1_94' title='bbox 770 720 784 748; x_wconf 72' lang='lat' dir='ltr'>‘x&#39;</span> <span class='ocrx_word' id='word_1_95' title='bbox 799 720 904 758; x_wconf 81' lang='lat' dir='ltr'>vigilat,</span> <span class='ocrx_word' id='word_1_96' title='bbox 918 719 988 759; x_wconf 87' lang='lat' dir='ltr'>peri-</span> 
     </span>
     <span class='ocr_line' id='line_1_15' title="bbox 248 765 988 805; baseline -0.003 -9"><span class='ocrx_word' id='word_1_97' title='bbox 248 769 340 796; x_wconf 86' lang='lat' dir='ltr'>culum</span> <span class='ocrx_word' id='word_1_98' title='bbox 355 767 476 795; x_wconf 83' lang='lat' dir='ltr'>imminet</span> <span class='ocrx_word' id='word_1_99' title='bbox 487 767 544 805; x_wconf 88' lang='lat' dir='ltr'>ejus</span> <span class='ocrx_word' id='word_1_100' title='bbox 556 766 659 805; x_wconf 87' lang='lat' dir='ltr'>capiti,</span> <span class='ocrx_word' id='word_1_101' title='bbox 673 765 810 805; x_wconf 85' lang='lat' dir='ltr'>subjectus</span> <span class='ocrx_word' id='word_1_102' title='bbox 838 772 877 794; x_wconf 88' lang='lat' dir='ltr'>est</span> <span class='ocrx_word' id='word_1_103' title='bbox 901 765 988 805; x_wconf 85' lang='lat' dir='ltr'>poenis</span> 
     </span>
     <span class='ocr_line' id='line_1_16' title="bbox 248 811 988 853; baseline -0.003 -12"><span class='ocrx_word' id='word_1_104' title='bbox 248 820 415 853; x_wconf 85' lang='lat' dir='ltr'>peccatorum</span> <span class='ocrx_word' id='word_1_105' title='bbox 434 819 553 850; x_wconf 79' lang='lat' dir='ltr'>tuorum,</span> <span class='ocrx_word' id='word_1_106' title='bbox 566 819 591 841; x_wconf 90' lang='lat' dir='ltr'>et</span> <span class='ocrx_word' id='word_1_107' title='bbox 605 819 713 852; x_wconf 87' lang='lat' dir='ltr'>propter</span> <span class='ocrx_word' id='word_1_108' title='bbox 723 819 748 840; x_wconf 88' lang='lat' dir='ltr'>te</span> <span class='ocrx_word' id='word_1_109' title='bbox 768 817 841 840; x_wconf 82' lang='lat' dir='ltr'>tanto</span> <span class='ocrx_word' id='word_1_110' title='bbox 855 811 988 840; x_wconf 86' lang='lat' dir='ltr'>obnoxius</span> 
     </span>
     <span class='ocr_line' id='line_1_17' title="bbox 247 860 989 899; baseline -0.001 -11"><span class='ocrx_word' id='word_1_111' title='bbox 247 868 286 890; x_wconf 71' lang='lat' dir='ltr'>est</span> <span class='ocrx_word' id='word_1_112' title='bbox 308 861 407 897; x_wconf 86' lang='lat' dir='ltr'>timori,</span> <span class='ocrx_word' id='word_1_113' title='bbox 422 867 448 889; x_wconf 87' lang='lat' dir='ltr'>et</span> <span class='ocrx_word' id='word_1_114' title='bbox 470 867 499 888; x_wconf 88' lang='lat' dir='ltr'>tu</span> <span class='ocrx_word' id='word_1_115' title='bbox 514 870 541 888; x_wconf 89' lang='lat' dir='ltr'>es</span> <span class='ocrx_word' id='word_1_116' title='bbox 556 860 632 899; x_wconf 83' lang='lat' dir='ltr'>piger</span> <span class='ocrx_word' id='word_1_117' title='bbox 657 867 683 888; x_wconf 87' lang='lat' dir='ltr'>et</span> <span class='ocrx_word' id='word_1_118' title='bbox 697 860 820 899; x_wconf 80' lang='lat' dir='ltr'>ignavus,</span> <span class='ocrx_word' id='word_1_119' title='bbox 848 866 989 898; x_wconf 82' lang='lat' dir='ltr'>torpesque</span> 
     </span>
     <span class='ocr_line' id='line_1_18' title="bbox 248 905 989 945; baseline -0.004 -9"><span class='ocrx_word' id='word_1_120' title='bbox 248 914 272 936; x_wconf 86' lang='lat' dir='ltr'>et</span> <span class='ocrx_word' id='word_1_121' title='bbox 287 918 313 935; x_wconf 87' lang='lat' dir='ltr'>es</span> <span class='ocrx_word' id='word_1_122' title='bbox 328 906 464 942; x_wconf 83' lang='lat' dir='ltr'>sordidus,</span> <span class='ocrx_word' id='word_1_123' title='bbox 486 916 533 934; x_wconf 86' lang='lat' dir='ltr'>nec</span> <span class='ocrx_word' id='word_1_124' title='bbox 548 907 590 935; x_wconf 79' lang='lat' dir='ltr'>vis</span> <span class='ocrx_word' id='word_1_125' title='bbox 603 906 716 944; x_wconf 88' lang='lat' dir='ltr'>obsequi</span> <span class='ocrx_word' id='word_1_126' title='bbox 731 905 744 934; x_wconf 66' lang='grc' dir='ltr'>Ξ)</span> <span class='ocrx_word' id='word_1_127' title='bbox 762 905 826 934; x_wconf 88' lang='lat' dir='ltr'>Ideo</span> <span class='ocrx_word' id='word_1_128' title='bbox 849 905 989 945; x_wconf 85' lang='lat' dir='ltr'>subjungit</span> 
     </span>
     <span class='ocr_line' id='line_1_19' title="bbox 248 953 988 992; baseline -0.003 -10"><span class='ocrx_word' id='word_1_129' title='bbox 248 954 359 982; x_wconf 80' lang='lat' dir='ltr'>dicens:</span> <span class='ocrx_word' id='word_1_130' title='bbox 378 955 416 983; x_wconf 78' lang='lat' dir='ltr'>Ut</span> <span class='ocrx_word' id='word_1_131' title='bbox 432 963 497 981; x_wconf 78' lang='lat' dir='ltr'>cum</span> <span class='ocrx_word' id='word_1_132' title='bbox 518 953 627 992; x_wconf 84' lang='lat' dir='ltr'>gaudio</span> <span class='ocrx_word' id='word_1_133' title='bbox 653 953 707 981; x_wconf 81' lang='lat' dir='ltr'>hoc</span> <span class='ocrx_word' id='word_1_134' title='bbox 724 954 855 991; x_wconf 80' lang='lat' dir='ltr'>jaciant,</span> <span class='ocrx_word' id='word_1_135' title='bbox 882 959 909 980; x_wconf 84' lang='lat' dir='ltr'>et</span> <span class='ocrx_word' id='word_1_136' title='bbox 931 962 988 980; x_wconf 82' lang='lat' dir='ltr'>non</span> 
     </span>
     <span class='ocr_line' id='line_1_20' title="bbox 247 998 991 1038; baseline -0.004 -9"><span class='ocrx_word' id='word_1_137' title='bbox 247 1007 392 1038; x_wconf 72' lang='lat' dir='ltr'>gementes</span> <span class='ocrx_word' id='word_1_138' title='bbox 406 1010 415 1027; x_wconf 91' lang='lat'><em>:</em></span> <span class='ocrx_word' id='word_1_139' title='bbox 431 1001 486 1028; x_wconf 80' lang='lat' dir='ltr'>hoe</span> <span class='ocrx_word' id='word_1_140' title='bbox 507 1001 583 1028; x_wconf 83' lang='lat' dir='ltr'>enim</span> <span class='ocrx_word' id='word_1_141' title='bbox 605 1010 664 1027; x_wconf 85' lang='lat' dir='ltr'>non</span> <span class='ocrx_word' id='word_1_142' title='bbox 681 999 795 1037; x_wconf 77' lang='lat' dir='ltr'>expedit</span> <span class='ocrx_word' id='word_1_143' title='bbox 820 1000 916 1027; x_wconf 78' lang='lat' dir='ltr'>vobis.</span> <span class='ocrx_word' id='word_1_144' title='bbox 939 998 991 1028; x_wconf 83' lang='lat' dir='ltr'>Vi-</span> 
     </span>
     <span class='ocr_line' id='line_1_21' title="bbox 251 1044 990 1084; baseline -0.004 -10"><span class='ocrx_word' id='word_1_145' title='bbox 251 1046 299 1074; x_wconf 89' lang='lat' dir='ltr'>des</span> <span class='ocrx_word' id='word_1_146' title='bbox 313 1045 385 1084; x_wconf 90' lang='lat' dir='ltr'>quod</span> <span class='ocrx_word' id='word_1_147' title='bbox 399 1045 523 1084; x_wconf 86' lang='lat' dir='ltr'>princeps</span> <span class='ocrx_word' id='word_1_148' title='bbox 547 1044 570 1073; x_wconf 90' lang='lat' dir='ltr'>si</span> <span class='ocrx_word' id='word_1_149' title='bbox 594 1050 790 1079; x_wconf 76' lang='lat' dir='ltr'>contemnatur,</span> <span class='ocrx_word' id='word_1_150' title='bbox 805 1054 857 1072; x_wconf 89' lang='lat' dir='ltr'>non</span> <span class='ocrx_word' id='word_1_151' title='bbox 871 1050 990 1083; x_wconf 78' lang='lat' dir='ltr'>oporteat</span> 
     </span>
    </p>
   </div>
   <div class='ocr_carea' id='block_1_2' title="bbox 578 159 982 184">
    <p class='ocr_par' dir='ltr' id='par_1_2' title="bbox 578 159 982 184">
     <span class='ocr_line' id='line_1_22' title="bbox 578 159 982 184; baseline -0.01 0"><span class='ocrx_word' id='word_1_152' title='bbox 578 162 607 184; x_wconf 81' lang='lat' dir='ltr'>S.</span> <span class='ocrx_word' id='word_1_153' title='bbox 636 162 717 184; x_wconf 72' lang='lat' dir='ltr'>JOAN</span> <span class='ocrx_word' id='word_1_154' title='bbox 724 162 741 183; x_wconf 78' lang='lat' dir='ltr'><strong>N</strong></span> <span class='ocrx_word' id='word_1_155' title='bbox 748 161 776 183; x_wconf 80' lang='lat'>15</span> <span class='ocrx_word' id='word_1_156' title='bbox 802 161 865 182; x_wconf 64' lang='lat' dir='ltr'>emt</span> <span class='ocrx_word' id='word_1_157' title='bbox 871 159 982 181; x_wconf 21' lang='lat' dir='ltr'>YSOSTV</span> 
     </span>
    </p>
   </div>
   <div class='ocr_carea' id='block_1_3' title="bbox 1015 159 1167 182">
    <p class='ocr_par' dir='ltr' id='par_1_3' title="bbox 1015 159 1167 182">
     <span class='ocr_line' id='line_1_23' title="bbox 1015 159 1167 182; baseline 0.013 -2"><span class='ocrx_word' id='word_1_158' title='bbox 1015 159 1167 182; x_wconf 59' lang='lat' dir='ltr'>Alterum).</span> 
     </span>
    </p>
   </div>
   <div class='ocr_carea' id='block_1_4' title="bbox 1199 160 1469 184">
    <p class='ocr_par' dir='ltr' id='par_1_4' title="bbox 1199 160 1469 184">
     <span class='ocr_line' id='line_1_24' title="bbox 1199 160 1469 184; baseline 0.007 -2"><span class='ocrx_word' id='word_1_159' title='bbox 1199 160 1262 183; x_wconf 82' lang='lat' dir='ltr'>CON</span> <span class='ocrx_word' id='word_1_160' title='bbox 1268 160 1469 184; x_wconf 68' lang='lat' dir='ltr'><strong>STAN‘HNOP.</strong></span> 
     </span>
    </p>
   </div>
   <div class='ocr_carea' id='block_1_5' title="bbox 1037 222 1814 1086">
    <p class='ocr_par' dir='ltr' id='par_1_5' title="bbox 1037 222 1814 1086">
     <span class='ocr_line' id='line_1_25' title="bbox 1037 222 1802 265; baseline 0.005 -15"><span class='ocrx_word' id='word_1_161' title='bbox 1037 222 1190 259; x_wconf 77' lang='grc' dir='ltr'>ἡγουμένοις</span> <span class='ocrx_word' id='word_1_162' title='bbox 1203 223 1287 260; x_wconf 78' lang='grc' dir='ltr'>ὓμῶν,</span> <span class='ocrx_word' id='word_1_163' title='bbox 1299 222 1343 250; x_wconf 78' lang='grc' dir='ltr'>καὶ</span> <span class='ocrx_word' id='word_1_164' title='bbox 1355 223 1475 252; x_wconf 77' lang='grc' dir='ltr'>ὑπείκετε</span> <span class='ocrx_word' id='word_1_165' title='bbox 1487 235 1493 241; x_wconf 88' lang='grc'>·</span> <span class='ocrx_word' id='word_1_166' title='bbox 1510 226 1582 253; x_wconf 72' lang='grc' dir='ltr'>αὐτοὶ</span> <span class='ocrx_word' id='word_1_167' title='bbox 1594 225 1644 264; x_wconf 80' lang='grc' dir='ltr'>γὰρ</span> <span class='ocrx_word' id='word_1_168' title='bbox 1656 227 1802 265; x_wconf 75' lang='grc' dir='ltr'>ἀγρυπνοῦ-</span> 
     </span>
     <span class='ocr_line' id='line_1_26' title="bbox 1039 267 1804 308; baseline 0.007 -13"><span class='ocrx_word' id='word_1_169' title='bbox 1039 280 1079 296; x_wconf 86' lang='grc' dir='ltr'>σιν</span> <span class='ocrx_word' id='word_1_170' title='bbox 1099 267 1166 307; x_wconf 79' lang='grc' dir='ltr'>ὑπὲρ</span> <span class='ocrx_word' id='word_1_171' title='bbox 1184 270 1235 296; x_wconf 78' lang='grc' dir='ltr'>τῶν</span> <span class='ocrx_word' id='word_1_172' title='bbox 1255 270 1345 308; x_wconf 82' lang='grc' dir='ltr'>ψυχῶν</span> <span class='ocrx_word' id='word_1_173' title='bbox 1366 270 1449 307; x_wconf 75' lang='grc' dir='ltr'>ὑμῶν,</span> <span class='ocrx_word' id='word_1_174' title='bbox 1470 271 1505 302; x_wconf 83' lang='grc' dir='ltr'>ὡς</span> <span class='ocrx_word' id='word_1_175' title='bbox 1519 270 1594 308; x_wconf 80' lang='grc' dir='ltr'>λόγον</span> <span class='ocrx_word' id='word_1_176' title='bbox 1616 271 1804 304; x_wconf 79' lang='grc' dir='ltr'>ἀποδώσοντες.</span> 
     </span>
     <span class='ocr_line' id='line_1_27' title="bbox 1038 313 1803 355; baseline 0.004 -13"><span class='ocrx_word' id='word_1_177' title='bbox 1038 313 1214 343; x_wconf 74' lang='grc' dir='ltr'>Ἀκουέτωσαν</span> <span class='ocrx_word' id='word_1_178' title='bbox 1226 314 1272 343; x_wconf 75' lang='grc' dir='ltr'>καὶ</span> <span class='ocrx_word' id='word_1_179' title='bbox 1285 317 1307 343; x_wconf 85' lang='grc' dir='ltr'>οἱ</span> <span class='ocrx_word' id='word_1_180' title='bbox 1319 315 1457 353; x_wconf 81' lang='grc' dir='ltr'>ἄρχοντες,</span> <span class='ocrx_word' id='word_1_181' title='bbox 1474 315 1511 352; x_wconf 82' lang='grc' dir='ltr'>μὴ</span> <span class='ocrx_word' id='word_1_182' title='bbox 1527 315 1603 353; x_wconf 84' lang='grc' dir='ltr'>μόνον</span> <span class='ocrx_word' id='word_1_183' title='bbox 1615 318 1638 344; x_wconf 79' lang='grc' dir='ltr'>οἳ</span> <span class='ocrx_word' id='word_1_184' title='bbox 1651 317 1803 355; x_wconf 71' lang='grc' dir='ltr'>ἀρχόμενοι,</span> 
     </span>
     <span class='ocr_line' id='line_1_28' title="bbox 1038 355 1806 399; baseline 0.001 -10"><span class='ocrx_word' id='word_1_185' title='bbox 1038 360 1078 389; x_wconf 78' lang='grc' dir='ltr'>ὅτι</span> <span class='ocrx_word' id='word_1_186' title='bbox 1089 360 1179 398; x_wconf 60' lang='grc' dir='ltr'>ιῗὶσπερ</span> <span class='ocrx_word' id='word_1_187' title='bbox 1190 360 1337 395; x_wconf 79' lang='grc' dir='ltr'>πειθηνίους</span> <span class='ocrx_word' id='word_1_188' title='bbox 1349 355 1415 388; x_wconf 73' lang='grc' dir='ltr'>εἶναι</span> <span class='ocrx_word' id='word_1_189' title='bbox 1427 361 1465 388; x_wconf 82' lang='grc' dir='ltr'>δεῖ</span> <span class='ocrx_word' id='word_1_190' title='bbox 1476 359 1534 393; x_wconf 70' lang='grc' dir='ltr'>τοὺς</span> <span class='ocrx_word' id='word_1_191' title='bbox 1547 360 1707 399; x_wconf 73' lang='grc' dir='ltr'>ἀρχομένους</span> <span class='ocrx_word' id='word_1_192' title='bbox 1717 384 1724 397; x_wconf 89' lang='grc'><strong>,</strong></span> <span class='ocrx_word' id='word_1_193' title='bbox 1739 361 1806 390; x_wconf 83' lang='grc' dir='ltr'>οὕτω</span> 
     </span>
     <span class='ocr_line' id='line_1_29' title="bbox 1039 401 1807 446; baseline 0.003 -13"><span class='ocrx_word' id='word_1_194' title='bbox 1039 405 1082 434; x_wconf 81' lang='grc' dir='ltr'>καὶ</span> <span class='ocrx_word' id='word_1_195' title='bbox 1097 405 1155 438; x_wconf 68' lang='grc' dir='ltr'>τοὺς</span> <span class='ocrx_word' id='word_1_196' title='bbox 1169 406 1299 446; x_wconf 71' lang='grc' dir='ltr'>ἄρχοντας</span> <span class='ocrx_word' id='word_1_197' title='bbox 1311 405 1457 445; x_wconf 80' lang='grc' dir='ltr'>ἀγρύπνους</span> <span class='ocrx_word' id='word_1_198' title='bbox 1473 401 1539 434; x_wconf 69' lang='grc' dir='ltr'>εἶναι</span> <span class='ocrx_word' id='word_1_199' title='bbox 1553 405 1597 434; x_wconf 68' lang='grc' dir='ltr'>καὶ</span> <span class='ocrx_word' id='word_1_200' title='bbox 1608 405 1756 445; x_wconf 76' lang='grc' dir='ltr'>νηφαλίους.</span> <span class='ocrx_word' id='word_1_201' title='bbox 1770 407 1807 436; x_wconf 88' lang='grc' dir='ltr'>Τί</span> 
     </span>
     <span class='ocr_line' id='line_1_30' title="bbox 1038 450 1807 491; baseline 0 -11"><span class='ocrx_word' id='word_1_202' title='bbox 1038 452 1137 490; x_wconf 84' lang='grc' dir='ltr'>λε’γεις;</span> <span class='ocrx_word' id='word_1_203' title='bbox 1151 454 1293 491; x_wconf 86' lang='grc' dir='ltr'>ἀγρυπνεῖ,</span> <span class='ocrx_word' id='word_1_204' title='bbox 1307 450 1440 484; x_wconf 76' lang='grc' dir='ltr'>κινδύνους</span> <span class='ocrx_word' id='word_1_205' title='bbox 1453 450 1509 490; x_wconf 74' lang='grc' dir='ltr'>ἔχει</span> <span class='ocrx_word' id='word_1_206' title='bbox 1524 450 1592 479; x_wconf 86' lang='grc' dir='ltr'>κατὰ</span> <span class='ocrx_word' id='word_1_207' title='bbox 1603 453 1650 486; x_wconf 72' lang='grc' dir='ltr'>τῆς</span> <span class='ocrx_word' id='word_1_208' title='bbox 1668 453 1747 480; x_wconf 76' lang='grc' dir='ltr'>αὐτοῦ</span> <span class='ocrx_word' id='word_1_209' title='bbox 1764 463 1807 480; x_wconf 79' lang='grc' dir='ltr'>κε-</span> 
     </span>
     <span class='ocr_line' id='line_1_31' title="bbox 1039 497 1805 536; baseline -0.001 -10"><span class='ocrx_word' id='word_1_210' title='bbox 1039 499 1140 536; x_wconf 77' lang='grc' dir='ltr'>φαλῆς,</span> <span class='ocrx_word' id='word_1_211' title='bbox 1154 498 1289 527; x_wconf 77' lang='grc' dir='ltr'>ὑπόκειται</span> <span class='ocrx_word' id='word_1_212' title='bbox 1302 501 1360 530; x_wconf 89' lang='grc' dir='ltr'>ταῖς</span> <span class='ocrx_word' id='word_1_213' title='bbox 1380 497 1520 535; x_wconf 83' lang='grc' dir='ltr'>τιμωρίαις</span> <span class='ocrx_word' id='word_1_214' title='bbox 1540 499 1591 525; x_wconf 79' lang='grc' dir='ltr'>τῶν</span> <span class='ocrx_word' id='word_1_215' title='bbox 1616 498 1668 525; x_wconf 80' lang='grc' dir='ltr'>σῶν</span> <span class='ocrx_word' id='word_1_216' title='bbox 1683 497 1805 536; x_wconf 81' lang='grc' dir='ltr'>ἁμαρτη-</span> 
     </span>
     <span class='ocr_line' id='line_1_32' title="bbox 1040 542 1809 582; baseline -0.001 -10"><span class='ocrx_word' id='word_1_217' title='bbox 1040 544 1143 581; x_wconf 77' lang='grc' dir='ltr'>μάτων,</span> <span class='ocrx_word' id='word_1_218' title='bbox 1153 545 1198 573; x_wconf 78' lang='grc' dir='ltr'>καὶ</span> <span class='ocrx_word' id='word_1_219' title='bbox 1209 544 1251 573; x_wconf 83' lang='grc' dir='ltr'>διὰ</span> <span class='ocrx_word' id='word_1_220' title='bbox 1264 544 1293 572; x_wconf 84' lang='grc' dir='ltr'>σὲ</span> <span class='ocrx_word' id='word_1_221' title='bbox 1302 543 1417 582; x_wconf 79' lang='grc' dir='ltr'>τοσούτῳ</span> <span class='ocrx_word' id='word_1_222' title='bbox 1427 543 1497 572; x_wconf 73' lang='grc' dir='ltr'>ἐστὶν</span> <span class='ocrx_word' id='word_1_223' title='bbox 1508 542 1647 575; x_wconf 81' lang='grc' dir='ltr'>ὑπεύθυνος</span> <span class='ocrx_word' id='word_1_224' title='bbox 1663 543 1736 582; x_wconf 73' lang='grc' dir='ltr'>φόὸῳ</span> <span class='ocrx_word' id='word_1_225' title='bbox 1744 565 1751 579; x_wconf 91' lang='grc'><em>,</em></span> <span class='ocrx_word' id='word_1_226' title='bbox 1763 542 1809 572; x_wconf 83' lang='grc' dir='ltr'>καὶ</span> 
     </span>
     <span class='ocr_line' id='line_1_33' title="bbox 1039 584 1806 629; baseline -0.003 -10"><span class='ocrx_word' id='word_1_227' title='bbox 1039 590 1069 618; x_wconf 73' lang='grc' dir='ltr'>σὺ</span> <span class='ocrx_word' id='word_1_228' title='bbox 1085 593 1207 629; x_wconf 78' lang='grc' dir='ltr'>ῥᾳθυμεῖς</span> <span class='ocrx_word' id='word_1_229' title='bbox 1221 591 1265 619; x_wconf 73' lang='grc' dir='ltr'>καὶ</span> <span class='ocrx_word' id='word_1_230' title='bbox 1281 590 1373 627; x_wconf 79' lang='grc' dir='ltr'>ἇκκίζη</span> <span class='ocrx_word' id='word_1_231' title='bbox 1390 589 1435 618; x_wconf 76' lang='grc' dir='ltr'>καὶ</span> <span class='ocrx_word' id='word_1_232' title='bbox 1450 589 1579 628; x_wconf 82' lang='grc' dir='ltr'>βάναυσος</span> <span class='ocrx_word' id='word_1_233' title='bbox 1591 584 1629 625; x_wconf 72' lang='grc' dir='ltr'>εἷ,</span> <span class='ocrx_word' id='word_1_234' title='bbox 1645 588 1691 617; x_wconf 82' lang='grc' dir='ltr'>καὶ</span> <span class='ocrx_word' id='word_1_235' title='bbox 1705 590 1733 618; x_wconf 83' lang='grc' dir='ltr'>οὐ</span> <span class='ocrx_word' id='word_1_236' title='bbox 1745 588 1806 627; x_wconf 79' lang='grc' dir='ltr'>βού-</span> 
     </span>
     <span class='ocr_line' id='line_1_34' title="bbox 1037 633 1810 673; baseline -0.003 -9"><span class='ocrx_word' id='word_1_237' title='bbox 1037 637 1077 664; x_wconf 88' lang='grc' dir='ltr'>λει</span> <span class='ocrx_word' id='word_1_238' title='bbox 1090 636 1241 671; x_wconf 75' lang='grc' dir='ltr'>πείθεσθαι;</span> <span class='ocrx_word' id='word_1_239' title='bbox 1255 635 1306 664; x_wconf 72' lang='grc' dir='ltr'>Διὰ</span> <span class='ocrx_word' id='word_1_240' title='bbox 1318 639 1395 664; x_wconf 80' lang='grc' dir='ltr'>τοῦτο</span> <span class='ocrx_word' id='word_1_241' title='bbox 1404 634 1560 673; x_wconf 81' lang='grc' dir='ltr'>προστίθησι</span> <span class='ocrx_word' id='word_1_242' title='bbox 1570 634 1663 672; x_wconf 82' lang='grc' dir='ltr'>λέγων·</span> <span class='ocrx_word' id='word_1_243' title='bbox 1675 633 1731 663; x_wconf 84' lang='grc' dir='ltr'>Ἵνα</span> <span class='ocrx_word' id='word_1_244' title='bbox 1742 633 1810 671; x_wconf 74' lang='grc' dir='ltr'>μετὰ</span> 
     </span>
     <span class='ocr_line' id='line_1_35' title="bbox 1038 679 1809 722; baseline -0.004 -11"><span class='ocrx_word' id='word_1_245' title='bbox 1038 687 1122 722; x_wconf 79' lang='grc' dir='ltr'>χαρᾶς</span> <span class='ocrx_word' id='word_1_246' title='bbox 1129 686 1205 712; x_wconf 76' lang='grc' dir='ltr'>τοῦτο</span> <span class='ocrx_word' id='word_1_247' title='bbox 1212 683 1318 716; x_wconf 82' lang='grc' dir='ltr'>ποιῶσι,</span> <span class='ocrx_word' id='word_1_248' title='bbox 1325 681 1369 710; x_wconf 75' lang='grc' dir='ltr'>καὶ</span> <span class='ocrx_word' id='word_1_249' title='bbox 1378 681 1414 718; x_wconf 82' lang='grc' dir='ltr'>μὴ</span> <span class='ocrx_word' id='word_1_250' title='bbox 1421 681 1594 713; x_wconf 81' lang='grc' dir='ltr'>στενάζοντες·</span> <span class='ocrx_word' id='word_1_251' title='bbox 1603 679 1809 719; x_wconf 79' lang='grc' dir='ltr'>ἀλυσιτελὲςγὰρ</span> 
     </span>
     <span class='ocr_line' id='line_1_36' title="bbox 1039 725 1809 767; baseline -0.004 -10"><span class='ocrx_word' id='word_1_252' title='bbox 1039 731 1100 766; x_wconf 84' lang='grc' dir='ltr'>ὑμῖν</span> <span class='ocrx_word' id='word_1_253' title='bbox 1117 732 1200 758; x_wconf 81' lang='grc' dir='ltr'>τοῦτο.</span> <span class='ocrx_word' id='word_1_254' title='bbox 1214 728 1296 767; x_wconf 72' lang='grc' dir='ltr'>Ὁρᾷς</span> <span class='ocrx_word' id='word_1_255' title='bbox 1313 727 1354 757; x_wconf 81' lang='grc' dir='ltr'>ὅτι</span> <span class='ocrx_word' id='word_1_256' title='bbox 1373 727 1416 756; x_wconf 78' lang='grc' dir='ltr'>τὸν</span> <span class='ocrx_word' id='word_1_257' title='bbox 1438 726 1553 766; x_wconf 73' lang='grc' dir='ltr'>ἄρχοντα</span> <span class='ocrx_word' id='word_1_258' title='bbox 1568 725 1809 765; x_wconf 82' lang='grc' dir='ltr'>καταφρονούμενον</span> 
     </span>
     <span class='ocr_line' id='line_1_37' title="bbox 1039 771 1809 814; baseline -0.005 -10"><span class='ocrx_word' id='word_1_259' title='bbox 1039 776 1086 804; x_wconf 76' lang='grc' dir='ltr'>οὐκ</span> <span class='ocrx_word' id='word_1_260' title='bbox 1097 775 1241 813; x_wconf 81' lang='grc' dir='ltr'>ἀμύνεσθαι</span> <span class='ocrx_word' id='word_1_261' title='bbox 1260 773 1312 814; x_wconf 76' lang='grc' dir='ltr'>χρή</span> <span class='ocrx_word' id='word_1_262' title='bbox 1324 785 1329 791; x_wconf 93' lang='grc'>·</span> <span class='ocrx_word' id='word_1_263' title='bbox 1343 774 1400 802; x_wconf 80' lang='grc' dir='ltr'>ἀλλ’</span> <span class='ocrx_word' id='word_1_264' title='bbox 1417 775 1434 808; x_wconf 79' lang='grc' dir='ltr'>ἡ</span> <span class='ocrx_word' id='word_1_265' title='bbox 1447 771 1532 807; x_wconf 76' lang='grc' dir='ltr'>πολλὴ</span> <span class='ocrx_word' id='word_1_266' title='bbox 1545 772 1632 810; x_wconf 85' lang='grc' dir='ltr'>ἄμυνα</span> <span class='ocrx_word' id='word_1_267' title='bbox 1647 772 1677 801; x_wconf 84' lang='grc' dir='ltr'>τὸ</span> <span class='ocrx_word' id='word_1_268' title='bbox 1691 773 1809 800; x_wconf 76' lang='grc' dir='ltr'>κλαῦσαι</span> 
     </span>
     <span class='ocr_line' id='line_1_38' title="bbox 1040 817 1810 856; baseline -0.008 -6"><span class='ocrx_word' id='word_1_269' title='bbox 1040 821 1084 849; x_wconf 80' lang='grc' dir='ltr'>καὶ</span> <span class='ocrx_word' id='word_1_270' title='bbox 1096 820 1215 854; x_wconf 81' lang='grc' dir='ltr'>στενάξαι</span> <span class='ocrx_word' id='word_1_271' title='bbox 1233 819 1316 855; x_wconf 59' lang='grc' dir='ltr'>ἑστίη</span> <span class='ocrx_word' id='word_1_272' title='bbox 1337 819 1450 850; x_wconf 77' lang='grc' dir='ltr'>εἰκότως·</span> <span class='ocrx_word' id='word_1_273' title='bbox 1463 818 1541 847; x_wconf 72' lang='grc' dir='ltr'>Ἐπεὶ</span> <span class='ocrx_word' id='word_1_274' title='bbox 1558 817 1604 846; x_wconf 75' lang='grc' dir='ltr'>καὶ</span> <span class='ocrx_word' id='word_1_275' title='bbox 1614 817 1704 856; x_wconf 78' lang='grc' dir='ltr'>ἰατρὸν</span> <span class='ocrx_word' id='word_1_276' title='bbox 1724 828 1810 845; x_wconf 87' lang='grc' dir='ltr'>κατα-</span> 
     </span>
     <span class='ocr_line' id='line_1_39' title="bbox 1040 861 1811 905; baseline -0.009 -9"><span class='ocrx_word' id='word_1_277' title='bbox 1040 866 1212 905; x_wconf 80' lang='grc' dir='ltr'>φρονούμενον</span> <span class='ocrx_word' id='word_1_278' title='bbox 1230 865 1281 895; x_wconf 80' lang='grc' dir='ltr'>ὑπὸ</span> <span class='ocrx_word' id='word_1_279' title='bbox 1299 867 1344 893; x_wconf 83' lang='grc' dir='ltr'>τοῦ</span> <span class='ocrx_word' id='word_1_280' title='bbox 1360 864 1516 903; x_wconf 79' lang='grc' dir='ltr'>κάμνοντος,</span> <span class='ocrx_word' id='word_1_281' title='bbox 1532 865 1578 892; x_wconf 79' lang='grc' dir='ltr'>οὐκ</span> <span class='ocrx_word' id='word_1_282' title='bbox 1593 863 1630 891; x_wconf 83' lang='grc' dir='ltr'>ἔνι</span> <span class='ocrx_word' id='word_1_283' title='bbox 1641 861 1793 900; x_wconf 82' lang='grc' dir='ltr'>ἀμύνασθαι</span> <span class='ocrx_word' id='word_1_284' title='bbox 1803 884 1811 898; x_wconf 85' lang='grc'><em>,</em></span> 
     </span>
     <span class='ocr_line' id='line_1_40' title="bbox 1041 906 1813 952; baseline -0.008 -11"><span class='ocrx_word' id='word_1_285' title='bbox 1041 912 1109 941; x_wconf 81' lang='grc' dir='ltr'>ἀλλὰ</span> <span class='ocrx_word' id='word_1_286' title='bbox 1130 913 1260 952; x_wconf 77' lang='grc' dir='ltr'>δακρῦσαι</span> <span class='ocrx_word' id='word_1_287' title='bbox 1275 911 1320 940; x_wconf 80' lang='grc' dir='ltr'>καὶ</span> <span class='ocrx_word' id='word_1_288' title='bbox 1335 909 1488 948; x_wconf 77' lang='grc' dir='ltr'>ἀνοιμῶξαι.</span> <span class='ocrx_word' id='word_1_289' title='bbox 1507 909 1589 937; x_wconf 68' lang='lat' dir='ltr'>“sse-ee</span> <span class='ocrx_word' id='word_1_290' title='bbox 1609 907 1653 937; x_wconf 81' lang='grc' dir='ltr'>ἐὰν</span> <span class='ocrx_word' id='word_1_291' title='bbox 1670 906 1781 946; x_wconf 81' lang='grc' dir='ltr'>στενάξῃ</span> <span class='ocrx_word' id='word_1_292' title='bbox 1797 908 1813 935; x_wconf 79' lang='grc' dir='ltr'><strong>ὃ</strong></span> 
     </span>
     <span class='ocr_line' id='line_1_41' title="bbox 1041 953 1814 997; baseline -0.008 -10"><span class='ocrx_word' id='word_1_293' title='bbox 1041 959 1140 997; x_wconf 75' lang='grc' dir='ltr'>ἄρχων,</span> <span class='ocrx_word' id='word_1_294' title='bbox 1155 958 1282 996; x_wconf 83' lang='grc' dir='ltr'>ἀμύνεταί</span> <span class='ocrx_word' id='word_1_295' title='bbox 1303 969 1332 986; x_wconf 88' lang='grc' dir='ltr'>σε</span> <span class='ocrx_word' id='word_1_296' title='bbox 1344 959 1357 986; x_wconf 80' lang='grc' dir='ltr'>ὁ</span> <span class='ocrx_word' id='word_1_297' title='bbox 1368 957 1444 988; x_wconf 80' lang='grc' dir='ltr'>Θεός.</span> <span class='ocrx_word' id='word_1_298' title='bbox 1455 957 1487 984; x_wconf 69' lang='lat' dir='ltr'>Ei</span> <span class='ocrx_word' id='word_1_299' title='bbox 1500 955 1551 994; x_wconf 81' lang='grc' dir='ltr'>γὰρ</span> <span class='ocrx_word' id='word_1_300' title='bbox 1562 953 1628 993; x_wconf 79' lang='grc' dir='ltr'>ὑπὲρ</span> <span class='ocrx_word' id='word_1_301' title='bbox 1639 954 1690 982; x_wconf 80' lang='grc' dir='ltr'>τῶν</span> <span class='ocrx_word' id='word_1_302' title='bbox 1707 953 1814 982; x_wconf 80' lang='grc' dir='ltr'>οἰκείων</span> 
     </span>
     <span class='ocr_line' id='line_1_42' title="bbox 1042 998 1813 1042; baseline -0.006 -9"><span class='ocrx_word' id='word_1_303' title='bbox 1042 1004 1241 1042; x_wconf 74' lang='grc' dir='ltr'>ἁμαρτημάτων</span> <span class='ocrx_word' id='word_1_304' title='bbox 1251 1003 1414 1036; x_wconf 77' lang='grc' dir='ltr'>στενάζοντες</span> <span class='ocrx_word' id='word_1_305' title='bbox 1424 1000 1597 1039; x_wconf 69' lang='grc' dir='ltr'>ἐπισττιέιμεθα</span> <span class='ocrx_word' id='word_1_306' title='bbox 1603 999 1647 1029; x_wconf 86' lang='grc' dir='ltr'>τὸν</span> <span class='ocrx_word' id='word_1_307' title='bbox 1657 999 1735 1028; x_wconf 88' lang='grc' dir='ltr'>Θεόν-</span> <span class='ocrx_word' id='word_1_308' title='bbox 1743 998 1813 1037; x_wconf 83' lang='grc' dir='ltr'>ὑπὲρ</span> 
     </span>
     <span class='ocr_line' id='line_1_43' title="bbox 1042 1044 1811 1086; baseline -0.007 -8"><span class='ocrx_word' id='word_1_309' title='bbox 1042 1052 1090 1084; x_wconf 77' lang='grc' dir='ltr'>τῆς</span> <span class='ocrx_word' id='word_1_310' title='bbox 1099 1052 1149 1078; x_wconf 82' lang='grc' dir='ltr'>τῶν</span> <span class='ocrx_word' id='word_1_311' title='bbox 1162 1050 1247 1078; x_wconf 78' lang='grc' dir='ltr'>ἄλλων</span> <span class='ocrx_word' id='word_1_312' title='bbox 1258 1049 1381 1081; x_wconf 73' lang='grc' dir='ltr'>ἀπονοίας</span> <span class='ocrx_word' id='word_1_313' title='bbox 1391 1048 1435 1076; x_wconf 74' lang='grc' dir='ltr'>καὶ</span> <span class='ocrx_word' id='word_1_314' title='bbox 1445 1045 1664 1086; x_wconf 58' lang='grc' dir='ltr'>καταφρονήσεως</span> <span class='ocrx_word' id='word_1_315' title='bbox 1675 1044 1811 1078; x_wconf 82' lang='grc' dir='ltr'>στενάζον-</span> 
     </span>
    </p>
   </div>
   <div class='ocr_carea' id='block_1_6' title="bbox 250 1089 1811 1180">
    <p class='ocr_par' dir='ltr' id='par_1_6' title="bbox 250 1089 1811 1180">
     <span class='ocr_line' id='line_1_44' title="bbox 250 1089 1811 1134; baseline -0.006 -6"><span class='ocrx_word' id='word_1_316' title='bbox 250 1102 277 1120; x_wconf 67' lang='grc'>58</span> <span class='ocrx_word' id='word_1_317' title='bbox 300 1091 393 1120; x_wconf 64' lang='lat' dir='ltr'>“leiSCi</span> <span class='ocrx_word' id='word_1_318' title='bbox 407 1103 416 1128; x_wconf 77' lang='lat'><em>3</em></span> <span class='ocrx_word' id='word_1_319' title='bbox 431 1090 477 1119; x_wconf 66' lang='lat' dir='ltr'>sed</span> <span class='ocrx_word' id='word_1_320' title='bbox 491 1090 608 1118; x_wconf 72' lang='lat' dir='ltr'>¹1¹³le³</span> <span class='ocrx_word' id='word_1_321' title='bbox 636 1090 704 1118; x_wconf 49' lang='lat'>⁰150</span> <span class='ocrx_word' id='word_1_322' title='bbox 727 1096 766 1118; x_wconf 67' lang='grc' dir='ltr'>’3δῖ</span> <span class='ocrx_word' id='word_1_323' title='bbox 787 1090 809 1117; x_wconf 66' lang='lat' dir='ltr'>Si</span> <span class='ocrx_word' id='word_1_324' title='bbox 835 1089 880 1117; x_wconf 59' lang='lat' dir='ltr'>flet</span> <span class='ocrx_word' id='word_1_325' title='bbox 895 1095 920 1117; x_wconf 67' lang='lat' dir='ltr'>et</span> <span class='ocrx_word' id='word_1_326' title='bbox 944 1089 989 1117; x_wconf 68' lang='lat' dir='ltr'>in‘</span> <span class='ocrx_word' id='word_1_327' title='bbox 1000 1107 1035 1125; x_wconf 72' lang='lat'>³1³</span> <span class='ocrx_word' id='word_1_328' title='bbox 1043 1107 1100 1130; x_wconf 84' lang='grc' dir='ltr'>τες,</span> <span class='ocrx_word' id='word_1_329' title='bbox 1114 1097 1142 1124; x_wconf 81' lang='grc' dir='ltr'>οὐ</span> <span class='ocrx_word' id='word_1_330' title='bbox 1163 1096 1253 1134; x_wconf 84' lang='grc' dir='ltr'>πολλῷ</span> <span class='ocrx_word' id='word_1_331' title='bbox 1266 1095 1379 1132; x_wconf 79' lang='grc' dir='ltr'>μᾶλλον;</span> <span class='ocrx_word' id='word_1_332' title='bbox 1391 1093 1472 1133; x_wconf 79' lang='grc' dir='ltr'>Ὁρᾷς</span> <span class='ocrx_word' id='word_1_333' title='bbox 1484 1093 1524 1121; x_wconf 78' lang='grc' dir='ltr'>ὅτι</span> <span class='ocrx_word' id='word_1_334' title='bbox 1539 1094 1585 1121; x_wconf 74' lang='grc' dir='ltr'>οὐκ</span> <span class='ocrx_word' id='word_1_335' title='bbox 1610 1091 1718 1130; x_wconf 69' lang='grc' dir='ltr'>ἀφίησιν</span> <span class='ocrx_word' id='word_1_336' title='bbox 1733 1090 1811 1119; x_wconf 75' lang='grc' dir='ltr'>αὐτὸν</span> 
     </span>
     <span class='ocr_line' id='line_1_45' title="bbox 253 1134 1811 1180; baseline -0.002 -15"><span class='ocrx_word' id='word_1_337' title='bbox 253 1136 398 1175; x_wconf 76' lang='lat' dir='ltr'>gemiscit?</span> <span class='ocrx_word' id='word_1_338' title='bbox 412 1143 438 1164; x_wconf 91' lang='lat' dir='ltr'>et</span> <span class='ocrx_word' id='word_1_339' title='bbox 463 1135 568 1164; x_wconf 83' lang='lat' dir='ltr'>merito.</span> <span class='ocrx_word' id='word_1_340' title='bbox 584 1136 654 1164; x_wconf 89' lang='lat' dir='ltr'>Nam</span> <span class='ocrx_word' id='word_1_341' title='bbox 666 1142 692 1164; x_wconf 88' lang='lat' dir='ltr'>et</span> <span class='ocrx_word' id='word_1_342' title='bbox 714 1134 830 1172; x_wconf 83' lang='lat' dir='ltr'>medico,</span> <span class='ocrx_word' id='word_1_343' title='bbox 853 1134 875 1162; x_wconf 89' lang='lat' dir='ltr'>si</span> <span class='ocrx_word' id='word_1_344' title='bbox 897 1141 990 1163; x_wconf 90' lang='lat' dir='ltr'>conte·</span> <span class='ocrx_word' id='word_1_345' title='bbox 1008 1135 1028 1156; x_wconf 81' lang='lat' dir='ltr'>A</span> <span class='ocrx_word' id='word_1_346' title='bbox 1043 1142 1078 1173; x_wconf 67' lang='grc' dir='ltr'>εἷς</span> <span class='ocrx_word' id='word_1_347' title='bbox 1092 1141 1178 1180; x_wconf 63' lang='grc' dir='ltr'>ὗερεῑς</span> <span class='ocrx_word' id='word_1_348' title='bbox 1189 1140 1339 1179; x_wconf 46' lang='lat' dir='ltr'>{absentiam</span> <span class='ocrx_word' id='word_1_349' title='bbox 1349 1142 1409 1179; x_wconf 66' lang='grc' dir='ltr'>δρᾷς</span> <span class='ocrx_word' id='word_1_350' title='bbox 1419 1139 1466 1174; x_wconf 66' lang='grc' dir='ltr'>ὅση</span> <span class='ocrx_word' id='word_1_351' title='bbox 1478 1141 1494 1174; x_wconf 70' lang='grc' dir='ltr'>ἡ</span> <span class='ocrx_word' id='word_1_352' title='bbox 1507 1137 1660 1177; x_wconf 65' lang='grc' dir='ltr'>φιλοσοφία;</span> <span class='ocrx_word' id='word_1_353' title='bbox 1672 1135 1811 1170; x_wconf 74' lang='grc' dir='ltr'>Στενάζειν</span> 
     </span>
    </p>
   </div>
   <div class='ocr_carea' id='block_1_7' title="bbox 251 1179 993 1631">
    <p class='ocr_par' dir='ltr' id='par_1_7' title="bbox 251 1179 993 1631">
     <span class='ocr_line' id='line_1_46' title="bbox 251 1179 992 1220; baseline -0.003 -10"><span class='ocrx_word' id='word_1_354' title='bbox 251 1182 354 1210; x_wconf 79' lang='lat' dir='ltr'>innitur</span> <span class='ocrx_word' id='word_1_355' title='bbox 365 1182 399 1210; x_wconf 88' lang='lat' dir='ltr'>ab</span> <span class='ocrx_word' id='word_1_356' title='bbox 413 1188 525 1220; x_wconf 83' lang='lat' dir='ltr'>aegroto,</span> <span class='ocrx_word' id='word_1_357' title='bbox 540 1191 593 1209; x_wconf 91' lang='lat' dir='ltr'>non</span> <span class='ocrx_word' id='word_1_358' title='bbox 605 1181 667 1211; x_wconf 88' lang='lat' dir='ltr'>licet</span> <span class='ocrx_word' id='word_1_359' title='bbox 681 1191 708 1209; x_wconf 89' lang='lat' dir='ltr'>se</span> <span class='ocrx_word' id='word_1_360' title='bbox 718 1180 822 1214; x_wconf 85' lang='lat' dir='ltr'>ulcisci,</span> <span class='ocrx_word' id='word_1_361' title='bbox 835 1179 881 1208; x_wconf 90' lang='lat' dir='ltr'>sed</span> <span class='ocrx_word' id='word_1_362' title='bbox 896 1180 958 1208; x_wconf 86' lang='lat' dir='ltr'>sscre</span> <span class='ocrx_word' id='word_1_363' title='bbox 967 1187 992 1208; x_wconf 87' lang='lat' dir='ltr'>et</span> 
     </span>
     <span class='ocr_line' id='line_1_47' title="bbox 252 1225 993 1266; baseline -0.004 -10"><span class='ocrx_word' id='word_1_364' title='bbox 252 1227 435 1266; x_wconf 81' lang='lat' dir='ltr'>ingemiscere.</span> <span class='ocrx_word' id='word_1_365' title='bbox 460 1227 554 1264; x_wconf 85' lang='lat' dir='ltr'>Itaque</span> <span class='ocrx_word' id='word_1_366' title='bbox 569 1227 593 1255; x_wconf 91' lang='lat' dir='ltr'>si</span> <span class='ocrx_word' id='word_1_367' title='bbox 613 1226 738 1265; x_wconf 90' lang='lat' dir='ltr'>princeps</span> <span class='ocrx_word' id='word_1_368' title='bbox 762 1225 924 1263; x_wconf 82' lang='lat' dir='ltr'>ingemiscit,</span> <span class='ocrx_word' id='word_1_369' title='bbox 948 1225 993 1253; x_wconf 91' lang='lat' dir='ltr'>ul-</span> 
     </span>
     <span class='ocr_line' id='line_1_48' title="bbox 252 1271 992 1310; baseline -0.003 -9"><span class='ocrx_word' id='word_1_370' title='bbox 252 1273 362 1301; x_wconf 84' lang='lat' dir='ltr'>ciscitur</span> <span class='ocrx_word' id='word_1_371' title='bbox 375 1279 400 1301; x_wconf 86' lang='lat' dir='ltr'>te</span> <span class='ocrx_word' id='word_1_372' title='bbox 413 1273 496 1300; x_wconf 86' lang='lat' dir='ltr'>Deus.</span> <span class='ocrx_word' id='word_1_373' title='bbox 517 1272 547 1301; x_wconf 92' lang='lat' dir='ltr'>Si</span> <span class='ocrx_word' id='word_1_374' title='bbox 557 1271 626 1300; x_wconf 85' lang='lat' dir='ltr'>enim</span> <span class='ocrx_word' id='word_1_375' title='bbox 641 1282 691 1310; x_wconf 90' lang='lat' dir='ltr'>pro</span> <span class='ocrx_word' id='word_1_376' title='bbox 713 1272 809 1299; x_wconf 84' lang='lat' dir='ltr'>nostris</span> <span class='ocrx_word' id='word_1_377' title='bbox 824 1271 939 1310; x_wconf 84' lang='lat' dir='ltr'>peccatis</span> <span class='ocrx_word' id='word_1_378' title='bbox 952 1271 992 1299; x_wconf 91' lang='lat' dir='ltr'>in-</span> 
     </span>
     <span class='ocr_line' id='line_1_49' title="bbox 253 1317 990 1357; baseline -0.005 -9"><span class='ocrx_word' id='word_1_379' title='bbox 253 1319 424 1357; x_wconf 71' lang='lat' dir='ltr'>gemiscentes</span> <span class='ocrx_word' id='word_1_380' title='bbox 446 1320 533 1347; x_wconf 86' lang='lat' dir='ltr'>Deum</span> <span class='ocrx_word' id='word_1_381' title='bbox 553 1318 723 1352; x_wconf 77' lang='lat' dir='ltr'>attrahimus,</span> <span class='ocrx_word' id='word_1_382' title='bbox 744 1328 793 1356; x_wconf 83' lang='lat' dir='ltr'>pro</span> <span class='ocrx_word' id='word_1_383' title='bbox 806 1317 920 1345; x_wconf 86' lang='lat' dir='ltr'>aliorum</span> <span class='ocrx_word' id='word_1_384' title='bbox 943 1327 990 1345; x_wconf 86' lang='lat' dir='ltr'>ar-</span> 
     </span>
     <span class='ocr_line' id='line_1_50' title="bbox 252 1363 991 1403; baseline -0.004 -10"><span class='ocrx_word' id='word_1_385' title='bbox 252 1365 374 1403; x_wconf 78' lang='lat' dir='ltr'>rogantia</span> <span class='ocrx_word' id='word_1_386' title='bbox 401 1371 426 1392; x_wconf 89' lang='lat' dir='ltr'>et</span> <span class='ocrx_word' id='word_1_387' title='bbox 450 1370 583 1392; x_wconf 85' lang='lat' dir='ltr'>contemtu</span> <span class='ocrx_word' id='word_1_388' title='bbox 605 1364 626 1392; x_wconf 88' lang='lat' dir='ltr'>si</span> <span class='ocrx_word' id='word_1_389' title='bbox 655 1363 854 1402; x_wconf 84' lang='lat' dir='ltr'>ingemiscimus</span> <span class='ocrx_word' id='word_1_390' title='bbox 872 1384 879 1397; x_wconf 88' lang='lat'>‚</span> <span class='ocrx_word' id='word_1_391' title='bbox 904 1372 991 1390; x_wconf 90' lang='lat' dir='ltr'>annon</span> 
     </span>
     <span class='ocr_line' id='line_1_51' title="bbox 253 1408 991 1448; baseline -0.004 -10"><span class='ocrx_word' id='word_1_392' title='bbox 253 1410 338 1438; x_wconf 84' lang='lat' dir='ltr'>multo</span> <span class='ocrx_word' id='word_1_393' title='bbox 353 1409 466 1448; x_wconf 75' lang='lat' dir='ltr'>magis?</span> <span class='ocrx_word' id='word_1_394' title='bbox 480 1409 565 1438; x_wconf 84' lang='lat' dir='ltr'>Vides</span> <span class='ocrx_word' id='word_1_395' title='bbox 588 1408 661 1447; x_wconf 86' lang='lat' dir='ltr'>quod</span> <span class='ocrx_word' id='word_1_396' title='bbox 685 1419 736 1436; x_wconf 85' lang='lat' dir='ltr'>non</span> <span class='ocrx_word' id='word_1_397' title='bbox 748 1408 811 1436; x_wconf 89' lang='lat' dir='ltr'>sinit</span> <span class='ocrx_word' id='word_1_398' title='bbox 823 1418 885 1436; x_wconf 88' lang='lat' dir='ltr'>eum</span> <span class='ocrx_word' id='word_1_399' title='bbox 898 1418 991 1435; x_wconf 90' lang='lat' dir='ltr'>erum-</span> 
     </span>
     <span class='ocr_line' id='line_1_52' title="bbox 253 1452 992 1494; baseline -0.003 -11"><span class='ocrx_word' id='word_1_400' title='bbox 253 1465 315 1494; x_wconf 86' lang='lat' dir='ltr'>pere</span> <span class='ocrx_word' id='word_1_401' title='bbox 329 1454 364 1483; x_wconf 83' lang='lat' dir='ltr'>ad</span> <span class='ocrx_word' id='word_1_402' title='bbox 387 1454 485 1493; x_wconf 88' lang='lat' dir='ltr'>probra</span> <span class='ocrx_word' id='word_1_403' title='bbox 500 1461 525 1482; x_wconf 83' lang='lat' dir='ltr'>et</span> <span class='ocrx_word' id='word_1_404' title='bbox 545 1453 719 1482; x_wconf 81' lang='lat' dir='ltr'>contumelias</span> <span class='ocrx_word' id='word_1_405' title='bbox 729 1453 743 1481; x_wconf 78' lang='grc' dir='ltr'>Ξ)</span> <span class='ocrx_word' id='word_1_406' title='bbox 753 1452 828 1481; x_wconf 83' lang='lat' dir='ltr'>vides</span> <span class='ocrx_word' id='word_1_407' title='bbox 842 1459 941 1490; x_wconf 83' lang='lat' dir='ltr'>quanta</span> <span class='ocrx_word' id='word_1_408' title='bbox 958 1453 992 1481; x_wconf 88' lang='lat' dir='ltr'>sit</span> 
     </span>
     <span class='ocr_line' id='line_1_53' title="bbox 253 1498 992 1539; baseline -0.004 -11"><span class='ocrx_word' id='word_1_409' title='bbox 253 1500 449 1539; x_wconf 74' lang='lat' dir='ltr'>philosophia?</span> <span class='ocrx_word' id='word_1_410' title='bbox 469 1500 581 1538; x_wconf 81' lang='lat' dir='ltr'>Oportet</span> <span class='ocrx_word' id='word_1_411' title='bbox 606 1509 666 1527; x_wconf 89' lang='lat' dir='ltr'>eum</span> <span class='ocrx_word' id='word_1_412' title='bbox 684 1499 855 1537; x_wconf 80' lang='lat' dir='ltr'>ingemiscere</span> <span class='ocrx_word' id='word_1_413' title='bbox 875 1499 921 1536; x_wconf 89' lang='lat' dir='ltr'>qui</span> <span class='ocrx_word' id='word_1_414' title='bbox 944 1498 992 1526; x_wconf 85' lang='lat' dir='ltr'>de—</span> 
     </span>
     <span class='ocr_line' id='line_1_54' title="bbox 255 1544 993 1584; baseline 0 -11"><span class='ocrx_word' id='word_1_415' title='bbox 255 1546 370 1584; x_wconf 86' lang='lat' dir='ltr'>spicitur</span> <span class='ocrx_word' id='word_1_416' title='bbox 384 1568 392 1582; x_wconf 80' lang='lat'>,</span> <span class='ocrx_word' id='word_1_417' title='bbox 417 1545 463 1583; x_wconf 92' lang='lat' dir='ltr'>qui</span> <span class='ocrx_word' id='word_1_418' title='bbox 487 1545 676 1581; x_wconf 78' lang='lat' dir='ltr'>conculcatur,</span> <span class='ocrx_word' id='word_1_419' title='bbox 693 1544 739 1582; x_wconf 89' lang='lat' dir='ltr'>qui</span> <span class='ocrx_word' id='word_1_420' title='bbox 765 1544 931 1583; x_wconf 87' lang='lat' dir='ltr'>conspuitur.</span> <span class='ocrx_word' id='word_1_421' title='bbox 953 1545 993 1573; x_wconf 89' lang='lat' dir='ltr'>Ne</span> 
     </span>
     <span class='ocr_line' id='line_1_55' title="bbox 254 1590 992 1631; baseline -0.001 -10"><span class='ocrx_word' id='word_1_422' title='bbox 254 1592 374 1622; x_wconf 81' lang='lat' dir='ltr'>confidas</span> <span class='ocrx_word' id='word_1_423' title='bbox 401 1592 472 1631; x_wconf 86' lang='lat' dir='ltr'>quod</span> <span class='ocrx_word' id='word_1_424' title='bbox 497 1599 521 1621; x_wconf 89' lang='lat' dir='ltr'>tc</span> <span class='ocrx_word' id='word_1_425' title='bbox 540 1602 592 1620; x_wconf 89' lang='lat' dir='ltr'>non</span> <span class='ocrx_word' id='word_1_426' title='bbox 615 1590 752 1619; x_wconf 83' lang='lat' dir='ltr'>ulciscitur</span> <span class='ocrx_word' id='word_1_427' title='bbox 769 1603 774 1618; x_wconf 89' lang='lat'><strong>:</strong></span> <span class='ocrx_word' id='word_1_428' title='bbox 791 1591 903 1629; x_wconf 79' lang='lat' dir='ltr'>gemitus</span> <span class='ocrx_word' id='word_1_429' title='bbox 922 1591 992 1620; x_wconf 85' lang='lat' dir='ltr'>enim</span> 
     </span>
    </p>
   </div>
   <div class='ocr_carea' id='block_1_8' title="bbox 1042 1180 1812 1633">
    <p class='ocr_par' dir='ltr' id='par_1_8' title="bbox 1042 1180 1812 1633">
     <span class='ocr_line' id='line_1_56' title="bbox 1042 1180 1810 1225; baseline -0.008 -10"><span class='ocrx_word' id='word_1_430' title='bbox 1042 1187 1079 1214; x_wconf 75' lang='grc' dir='ltr'>δεῖ</span> <span class='ocrx_word' id='word_1_431' title='bbox 1099 1186 1143 1215; x_wconf 75' lang='grc' dir='ltr'>τὸν</span> <span class='ocrx_word' id='word_1_432' title='bbox 1162 1186 1404 1225; x_wconf 70' lang='grc' dir='ltr'>καταφρονούμενον</span> <span class='ocrx_word' id='word_1_433' title='bbox 1415 1207 1422 1220; x_wconf 88' lang='grc'><em>,</em></span> <span class='ocrx_word' id='word_1_434' title='bbox 1440 1185 1484 1212; x_wconf 88' lang='grc' dir='ltr'>τὸν</span> <span class='ocrx_word' id='word_1_435' title='bbox 1499 1181 1733 1219; x_wconf 73' lang='grc' dir='ltr'>καταπατούμενον</span> <span class='ocrx_word' id='word_1_436' title='bbox 1745 1204 1752 1217; x_wconf 86' lang='lat'><em>‚</em></span> <span class='ocrx_word' id='word_1_437' title='bbox 1765 1180 1810 1209; x_wconf 80' lang='grc' dir='ltr'>τὸν</span> 
     </span>
     <span class='ocr_line' id='line_1_57' title="bbox 1044 1226 1811 1269; baseline -0.009 -9"><span class='ocrx_word' id='word_1_438' title='bbox 1044 1232 1240 1269; x_wconf 64' lang='grc' dir='ltr'>δια-πενόμενον.</span> <span class='ocrx_word' id='word_1_439' title='bbox 1253 1231 1299 1265; x_wconf 81' lang='grc' dir='ltr'>Μὴ</span> <span class='ocrx_word' id='word_1_440' title='bbox 1317 1232 1448 1269; x_wconf 74' lang='grc' dir='ltr'>Οαῤῥήσῃς</span> <span class='ocrx_word' id='word_1_441' title='bbox 1463 1229 1502 1256; x_wconf 72' lang='grc' dir='ltr'>ὅτι</span> <span class='ocrx_word' id='word_1_442' title='bbox 1521 1240 1550 1256; x_wconf 90' lang='grc' dir='ltr'>σε</span> <span class='ocrx_word' id='word_1_443' title='bbox 1568 1229 1615 1255; x_wconf 81' lang='grc' dir='ltr'>οὐκ</span> <span class='ocrx_word' id='word_1_444' title='bbox 1631 1226 1773 1264; x_wconf 79' lang='grc' dir='ltr'>ἀμύνεται·</span> <span class='ocrx_word' id='word_1_445' title='bbox 1797 1229 1811 1256; x_wconf 84' lang='grc' dir='ltr'><strong><em>ὃ</em></strong></span> 
     </span>
     <span class='ocr_line' id='line_1_58' title="bbox 1043 1271 1810 1315; baseline -0.005 -13"><span class='ocrx_word' id='word_1_446' title='bbox 1043 1277 1094 1315; x_wconf 73' lang='grc' dir='ltr'>γὰρ</span> <span class='ocrx_word' id='word_1_447' title='bbox 1106 1277 1250 1314; x_wconf 81' lang='grc' dir='ltr'>στεναγμὸς</span> <span class='ocrx_word' id='word_1_448' title='bbox 1261 1276 1348 1310; x_wconf 81' lang='grc' dir='ltr'>πάσης</span> <span class='ocrx_word' id='word_1_449' title='bbox 1363 1274 1462 1312; x_wconf 80' lang='grc' dir='ltr'>ἀμύνης</span> <span class='ocrx_word' id='word_1_450' title='bbox 1475 1273 1580 1312; x_wconf 76' lang='grc' dir='ltr'>χείρων.</span> <span class='ocrx_word' id='word_1_451' title='bbox 1594 1272 1683 1301; x_wconf 57' lang='lat' dir='ltr'>‘&#39;Oi-cxv</span> <span class='ocrx_word' id='word_1_452' title='bbox 1697 1271 1749 1311; x_wconf 86' lang='grc' dir='ltr'>γὰρ</span> <span class='ocrx_word' id='word_1_453' title='bbox 1764 1272 1810 1300; x_wconf 82' lang='grc' dir='ltr'>αὗ-</span> 
     </span>
     <span class='ocr_line' id='line_1_59' title="bbox 1044 1316 1811 1359; baseline -0.008 -8"><span class='ocrx_word' id='word_1_454' title='bbox 1044 1322 1086 1354; x_wconf 79' lang='grc' dir='ltr'>τὸς</span> <span class='ocrx_word' id='word_1_455' title='bbox 1101 1322 1181 1359; x_wconf 82' lang='grc' dir='ltr'>μηδὲν</span> <span class='ocrx_word' id='word_1_456' title='bbox 1196 1321 1277 1359; x_wconf 68' lang='grc' dir='ltr'>ὀνήσῃ</span> <span class='ocrx_word' id='word_1_457' title='bbox 1292 1320 1432 1354; x_wconf 71' lang='grc' dir='ltr'>στενάζων,</span> <span class='ocrx_word' id='word_1_458' title='bbox 1447 1320 1522 1347; x_wconf 81' lang='grc' dir='ltr'>καλεῖ</span> <span class='ocrx_word' id='word_1_459' title='bbox 1537 1319 1580 1347; x_wconf 78' lang='grc' dir='ltr'>τὸν</span> <span class='ocrx_word' id='word_1_460' title='bbox 1599 1317 1750 1353; x_wconf 70' lang='grc' dir='ltr'>Δεσπότην·</span> <span class='ocrx_word' id='word_1_461' title='bbox 1765 1316 1811 1346; x_wconf 82' lang='grc' dir='ltr'>καὶ</span> 
     </span>
     <span class='ocr_line' id='line_1_60' title="bbox 1044 1362 1810 1406; baseline -0.007 -10"><span class='ocrx_word' id='word_1_462' title='bbox 1044 1367 1162 1406; x_wconf 71' lang='grc' dir='ltr'>καθάπερ</span> <span class='ocrx_word' id='word_1_463' title='bbox 1177 1367 1220 1396; x_wconf 76' lang='grc' dir='ltr'>ἐπὶ</span> <span class='ocrx_word' id='word_1_464' title='bbox 1234 1366 1391 1396; x_wconf 71' lang='grc' dir='ltr'>διδασκάλου</span> <span class='ocrx_word' id='word_1_465' title='bbox 1414 1366 1458 1394; x_wconf 81' lang='grc' dir='ltr'>καὶ</span> <span class='ocrx_word' id='word_1_466' title='bbox 1478 1364 1607 1403; x_wconf 68' lang='grc' dir='ltr'>τροφέως,</span> <span class='ocrx_word' id='word_1_467' title='bbox 1624 1364 1686 1392; x_wconf 79' lang='grc' dir='ltr'>ὅταν</span> <span class='ocrx_word' id='word_1_468' title='bbox 1708 1362 1810 1392; x_wconf 81' lang='grc' dir='ltr'>ἐκείνου</span> 
     </span>
     <span class='ocr_line' id='line_1_61' title="bbox 1046 1410 1810 1450; baseline -0.005 -9"><span class='ocrx_word' id='word_1_469' title='bbox 1046 1412 1082 1450; x_wconf 79' lang='grc' dir='ltr'>μὴ</span> <span class='ocrx_word' id='word_1_470' title='bbox 1097 1412 1178 1450; x_wconf 80' lang='grc' dir='ltr'>ἀκούῃ</span> <span class='ocrx_word' id='word_1_471' title='bbox 1194 1413 1223 1441; x_wconf 78' lang='grc' dir='ltr'>τὸ</span> <span class='ocrx_word' id='word_1_472' title='bbox 1236 1412 1350 1447; x_wconf 75' lang='grc' dir='ltr'>παιδίον,</span> <span class='ocrx_word' id='word_1_473' title='bbox 1365 1413 1485 1440; x_wconf 84' lang='grc' dir='ltr'>καλεῖται</span> <span class='ocrx_word' id='word_1_474' title='bbox 1499 1413 1512 1439; x_wconf 84' lang='grc' dir='ltr'><strong><em>ὃ</em></strong></span> <span class='ocrx_word' id='word_1_475' title='bbox 1527 1410 1718 1449; x_wconf 79' lang='grc' dir='ltr'>αὐστηρότερον</span> <span class='ocrx_word' id='word_1_476' title='bbox 1727 1419 1810 1447; x_wconf 85' lang='grc' dir='ltr'>προσ-</span> 
     </span>
     <span class='ocr_line' id='line_1_62' title="bbox 1046 1453 1811 1496; baseline -0.007 -10"><span class='ocrx_word' id='word_1_477' title='bbox 1046 1458 1186 1496; x_wconf 82' lang='grc' dir='ltr'>φερόμενος</span> <span class='ocrx_word' id='word_1_478' title='bbox 1195 1469 1200 1475; x_wconf 90' lang='grc'><em>“</em></span> <span class='ocrx_word' id='word_1_479' title='bbox 1215 1457 1283 1486; x_wconf 74' lang='grc' dir='ltr'>οὕτω</span> <span class='ocrx_word' id='word_1_480' title='bbox 1295 1457 1339 1486; x_wconf 71' lang='grc' dir='ltr'>καὶ</span> <span class='ocrx_word' id='word_1_481' title='bbox 1352 1459 1470 1486; x_wconf 70' lang='grc' dir='ltr'>ἐνταῦθα.</span> <span class='ocrx_word' id='word_1_482' title='bbox 1487 1456 1574 1485; x_wconf 57' lang='lat' dir='ltr'>Bagai.</span> <span class='ocrx_word' id='word_1_483' title='bbox 1583 1478 1590 1492; x_wconf 85' lang='lat'>‚</span> <span class='ocrx_word' id='word_1_484' title='bbox 1606 1455 1685 1487; x_wconf 83' lang='grc' dir='ltr'>πόσος</span> <span class='ocrx_word' id='word_1_485' title='bbox 1697 1457 1710 1483; x_wconf 81' lang='grc' dir='ltr'>ὃ</span> <span class='ocrx_word' id='word_1_486' title='bbox 1725 1453 1811 1483; x_wconf 85' lang='grc' dir='ltr'>κίνδυ-</span> 
     </span>
     <span class='ocr_line' id='line_1_63' title="bbox 1045 1498 1812 1541; baseline -0.008 -9"><span class='ocrx_word' id='word_1_487' title='bbox 1045 1515 1099 1538; x_wconf 77' lang='grc' dir='ltr'>νος;</span> <span class='ocrx_word' id='word_1_488' title='bbox 1114 1503 1139 1532; x_wconf 87' lang='grc' dir='ltr'>τί</span> <span class='ocrx_word' id='word_1_489' title='bbox 1153 1503 1184 1531; x_wconf 78' lang='grc' dir='ltr'>ἄν</span> <span class='ocrx_word' id='word_1_490' title='bbox 1198 1515 1237 1536; x_wconf 89' lang='grc' dir='ltr'>τις</span> <span class='ocrx_word' id='word_1_491' title='bbox 1259 1503 1328 1531; x_wconf 86' lang='grc' dir='ltr'>εἴποι</span> <span class='ocrx_word' id='word_1_492' title='bbox 1343 1503 1407 1541; x_wconf 74' lang='grc' dir='ltr'>πρὸς</span> <span class='ocrx_word' id='word_1_493' title='bbox 1425 1502 1485 1534; x_wconf 67' lang='grc' dir='ltr'>τοὺς</span> <span class='ocrx_word' id='word_1_494' title='bbox 1502 1501 1618 1536; x_wconf 76' lang='grc' dir='ltr'>ἀθλίους,</span> <span class='ocrx_word' id='word_1_495' title='bbox 1634 1499 1694 1533; x_wconf 74' lang='grc' dir='ltr'>τοὺς</span> <span class='ocrx_word' id='word_1_496' title='bbox 1708 1498 1812 1539; x_wconf 78' lang='grc' dir='ltr'>ἐπιῤῥί-</span> 
     </span>
     <span class='ocr_line' id='line_1_64' title="bbox 1046 1546 1810 1586; baseline -0.007 -8"><span class='ocrx_word' id='word_1_497' title='bbox 1046 1561 1157 1581; x_wconf 78' lang='grc' dir='ltr'>πτοντας</span> <span class='ocrx_word' id='word_1_498' title='bbox 1169 1548 1275 1581; x_wconf 77' lang='grc' dir='ltr'>ἑαυτοὺς</span> <span class='ocrx_word' id='word_1_499' title='bbox 1286 1548 1401 1586; x_wconf 82' lang='grc' dir='ltr'>τοσαύτῃ</span> <span class='ocrx_word' id='word_1_500' title='bbox 1412 1550 1546 1586; x_wconf 81' lang='grc' dir='ltr'>τιμωριῶν</span> <span class='ocrx_word' id='word_1_501' title='bbox 1562 1547 1682 1586; x_wconf 71' lang='grc' dir='ltr'>ἄὸύσσῳ;</span> <span class='ocrx_word' id='word_1_502' title='bbox 1697 1546 1810 1574; x_wconf 84' lang='grc' dir='ltr'>Πάντων</span> 
     </span>
     <span class='ocr_line' id='line_1_65' title="bbox 1046 1590 1810 1633; baseline -0.004 -11"><span class='ocrx_word' id='word_1_503' title='bbox 1046 1590 1081 1622; x_wconf 68' lang='grc' dir='ltr'>ὧν</span> <span class='ocrx_word' id='word_1_504' title='bbox 1096 1595 1186 1633; x_wconf 73' lang='grc' dir='ltr'>ἄρχεις</span> <span class='ocrx_word' id='word_1_505' title='bbox 1199 1596 1329 1632; x_wconf 83' lang='grc' dir='ltr'>γυναικῶν</span> <span class='ocrx_word' id='word_1_506' title='bbox 1344 1593 1388 1623; x_wconf 75' lang='grc' dir='ltr'>καὶ</span> <span class='ocrx_word' id='word_1_507' title='bbox 1401 1594 1500 1632; x_wconf 77' lang='grc' dir='ltr'>ἀνδρῶν</span> <span class='ocrx_word' id='word_1_508' title='bbox 1514 1592 1559 1621; x_wconf 80' lang='grc' dir='ltr'>καὶ</span> <span class='ocrx_word' id='word_1_509' title='bbox 1574 1591 1675 1621; x_wconf 82' lang='grc' dir='ltr'>παίδων</span> <span class='ocrx_word' id='word_1_510' title='bbox 1689 1591 1719 1620; x_wconf 76' lang='grc' dir='ltr'>σὺ</span> <span class='ocrx_word' id='word_1_511' title='bbox 1732 1591 1810 1629; x_wconf 84' lang='grc' dir='ltr'>λόγον</span> 
     </span>
    </p>
   </div>
   <div class='ocr_carea' id='block_1_9' title="bbox 254 1637 1811 1679">
    <p class='ocr_par' dir='ltr' id='par_1_9' title="bbox 254 1637 1811 1679">
     <span class='ocr_line' id='line_1_66' title="bbox 254 1637 1811 1679; baseline -0.002 -11"><span class='ocrx_word' id='word_1_512' title='bbox 254 1639 396 1678; x_wconf 79' lang='lat' dir='ltr'>estqnavis</span> <span class='ocrx_word' id='word_1_513' title='bbox 407 1639 507 1667; x_wconf 86' lang='lat' dir='ltr'>ultione</span> <span class='ocrx_word' id='word_1_514' title='bbox 521 1637 644 1666; x_wconf 75' lang='lat' dir='ltr'>deterior.</span> <span class='ocrx_word' id='word_1_515' title='bbox 655 1638 723 1666; x_wconf 79' lang='lat' dir='ltr'>Nam</span> <span class='ocrx_word' id='word_1_516' title='bbox 732 1638 840 1675; x_wconf 82' lang='lat' dir='ltr'>quaudo</span> <span class='ocrx_word' id='word_1_517' title='bbox 854 1638 911 1677; x_wconf 86' lang='lat' dir='ltr'>ipse</span> <span class='ocrx_word' id='word_1_518' title='bbox 924 1638 993 1666; x_wconf 86' lang='lat' dir='ltr'>nihil</span> <span class='ocrx_word' id='word_1_519' title='bbox 1012 1645 1030 1667; x_wconf 83' lang='grc' dir='ltr'><strong>Β</strong></span> <span class='ocrx_word' id='word_1_520' title='bbox 1048 1639 1138 1671; x_wconf 74' lang='grc' dir='ltr'>δίδως·</span> <span class='ocrx_word' id='word_1_521' title='bbox 1155 1639 1270 1679; x_wconf 79' lang='grc' dir='ltr'>τοσούτῳ</span> <span class='ocrx_word' id='word_1_522' title='bbox 1286 1640 1350 1678; x_wconf 78' lang='grc' dir='ltr'>πυρὶ</span> <span class='ocrx_word' id='word_1_523' title='bbox 1368 1638 1415 1674; x_wconf 82' lang='grc' dir='ltr'>τὴν</span> <span class='ocrx_word' id='word_1_524' title='bbox 1436 1637 1552 1677; x_wconf 63' lang='grc' dir='ltr'>κεφαλὴν</span> <span class='ocrx_word' id='word_1_525' title='bbox 1576 1637 1710 1672; x_wconf 79' lang='grc' dir='ltr'>ὑποτίθης.</span> <span class='ocrx_word' id='word_1_526' title='bbox 1732 1638 1811 1666; x_wconf 89' lang='grc' dir='ltr'>Θαυ-</span> 
     </span>
    </p>
   </div>
   <div class='ocr_carea' id='block_1_10' title="bbox 671 1749 1396 1779">
    <p class='ocr_par' dir='ltr' id='par_1_10' title="bbox 671 1749 1396 1779">
     <span class='ocr_line' id='line_1_67' title="bbox 671 1749 1396 1779; baseline 0 -2"><span class='ocrx_word' id='word_1_527' title='bbox 671 1750 847 1778; x_wconf 77' lang='lat' dir='ltr'>MUTIANO</span> <span class='ocrx_word' id='word_1_528' title='bbox 869 1749 1123 1779; x_wconf 86' lang='lat' dir='ltr'>SCHOLAS&#39;I&#39;ICO</span> <span class='ocrx_word' id='word_1_529' title='bbox 1145 1749 1396 1779; x_wconf 81' lang='lat' dir='ltr'>INTERPRETE.</span> 
     </span>
    </p>
   </div>
   <div class='ocr_carea' id='block_1_11' title="bbox 252 1838 1815 2589">
    <p class='ocr_par' dir='ltr' id='par_1_11' title="bbox 252 1838 1815 2589">
     <span class='ocr_line' id='line_1_68' title="bbox 252 1838 1812 1882; baseline -0.002 -11"><span class='ocrx_word' id='word_1_530' title='bbox 252 1842 453 1880; x_wconf 62' lang='lat' dir='ltr'>sacsteffacere</span> <span class='ocrx_word' id='word_1_531' title='bbox 475 1848 565 1869; x_wconf 80' lang='lat' dir='ltr'>autem</span> <span class='ocrx_word' id='word_1_532' title='bbox 581 1840 669 1880; x_wconf 88' lang='lat' dir='ltr'>operis</span> <span class='ocrx_word' id='word_1_533' title='bbox 691 1847 738 1877; x_wconf 88' lang='lat' dir='ltr'>est,</span> <span class='ocrx_word' id='word_1_534' title='bbox 753 1850 804 1869; x_wconf 92' lang='lat' dir='ltr'>non</span> <span class='ocrx_word' id='word_1_535' title='bbox 819 1840 903 1877; x_wconf 85' lang='lat' dir='ltr'>fidei)</span> <span class='ocrx_word' id='word_1_536' title='bbox 918 1853 927 1879; x_wconf 77' lang='lat'><em>3</em></span> <span class='ocrx_word' id='word_1_537' title='bbox 943 1843 1102 1871; x_wconf 82' lang='lat' dir='ltr'>secundum</span> <span class='ocrx_word' id='word_1_538' title='bbox 1113 1848 1212 1871; x_wconf 80' lang='lat' dir='ltr'>autem</span> <span class='ocrx_word' id='word_1_539' title='bbox 1222 1852 1307 1881; x_wconf 83' lang='lat' dir='ltr'>opem</span> <span class='ocrx_word' id='word_1_540' title='bbox 1328 1852 1427 1871; x_wconf 77' lang='lat' dir='ltr'>eorum</span> <span class='ocrx_word' id='word_1_541' title='bbox 1454 1842 1544 1871; x_wconf 84' lang='lat' dir='ltr'>nolite</span> <span class='ocrx_word' id='word_1_542' title='bbox 1555 1841 1671 1882; x_wconf 87' lang='lat' dir='ltr'>facere.</span> <span class='ocrx_word' id='word_1_543' title='bbox 1695 1838 1812 1868; x_wconf 83' lang='lat' dir='ltr'>Intueris</span> 
     </span>
     <span class='ocr_line' id='line_1_69' title="bbox 255 1885 1812 1927; baseline -0.002 -11"><span class='ocrx_word' id='word_1_544' title='bbox 255 1888 381 1926; x_wconf 85' lang='lat' dir='ltr'>quoniam</span> <span class='ocrx_word' id='word_1_545' title='bbox 405 1897 458 1916; x_wconf 88' lang='lat' dir='ltr'>non</span> <span class='ocrx_word' id='word_1_546' title='bbox 482 1886 516 1916; x_wconf 91' lang='lat' dir='ltr'>de</span> <span class='ocrx_word' id='word_1_547' title='bbox 528 1887 712 1925; x_wconf 83' lang='lat' dir='ltr'>dogmatibus,</span> <span class='ocrx_word' id='word_1_548' title='bbox 737 1887 785 1916; x_wconf 89' lang='lat' dir='ltr'>sed</span> <span class='ocrx_word' id='word_1_549' title='bbox 798 1886 832 1915; x_wconf 88' lang='lat' dir='ltr'>de</span> <span class='ocrx_word' id='word_1_550' title='bbox 847 1887 902 1916; x_wconf 87' lang='lat' dir='ltr'>vita</span> <span class='ocrx_word' id='word_1_551' title='bbox 924 1895 950 1916; x_wconf 81' lang='lat' dir='ltr'>et</span> <span class='ocrx_word' id='word_1_552' title='bbox 963 1889 1088 1927; x_wconf 87' lang='lat' dir='ltr'>operibus</span> <span class='ocrx_word' id='word_1_553' title='bbox 1112 1899 1199 1918; x_wconf 89' lang='lat' dir='ltr'>sermo</span> <span class='ocrx_word' id='word_1_554' title='bbox 1214 1889 1278 1917; x_wconf 83' lang='lat' dir='ltr'>est?</span> <span class='ocrx_word' id='word_1_555' title='bbox 1296 1888 1350 1917; x_wconf 84' lang='lat' dir='ltr'>Sed</span> <span class='ocrx_word' id='word_1_556' title='bbox 1364 1888 1463 1917; x_wconf 86' lang='lat' dir='ltr'>Paulus</span> <span class='ocrx_word' id='word_1_557' title='bbox 1485 1887 1603 1927; x_wconf 90' lang='lat' dir='ltr'>primum</span> <span class='ocrx_word' id='word_1_558' title='bbox 1626 1885 1742 1915; x_wconf 88' lang='lat' dir='ltr'>instituit</span> <span class='ocrx_word' id='word_1_559' title='bbox 1752 1895 1812 1921; x_wconf 85' lang='lat' dir='ltr'>eos,</span> 
     </span>
     <span class='ocr_line' id='line_1_70' title="bbox 256 1933 1813 1976; baseline -0.003 -12"><span class='ocrx_word' id='word_1_560' title='bbox 256 1942 280 1964; x_wconf 83' lang='lat' dir='ltr'>et</span> <span class='ocrx_word' id='word_1_561' title='bbox 296 1942 359 1964; x_wconf 86' lang='lat' dir='ltr'>tunc</span> <span class='ocrx_word' id='word_1_562' title='bbox 371 1935 443 1964; x_wconf 75' lang='lat' dir='ltr'>dixit</span> <span class='ocrx_word' id='word_1_563' title='bbox 457 1947 464 1964; x_wconf 76' lang='grc' dir='ltr'>ι</span> <span class='ocrx_word' id='word_1_564' title='bbox 479 1935 599 1963; x_wconf 80' lang='lat' dir='ltr'>obedite</span> <span class='ocrx_word' id='word_1_565' title='bbox 616 1936 777 1974; x_wconf 64' lang='lat' dir='ltr'>praepositis</span> <span class='ocrx_word' id='word_1_566' title='bbox 788 1937 906 1973; x_wconf 74' lang='lat' dir='ltr'>vestris,</span> <span class='ocrx_word' id='word_1_567' title='bbox 921 1942 947 1964; x_wconf 84' lang='lat' dir='ltr'>et</span> <span class='ocrx_word' id='word_1_568' title='bbox 969 1938 1116 1976; x_wconf 82' lang='lat' dir='ltr'>subjacete</span> <span class='ocrx_word' id='word_1_569' title='bbox 1139 1939 1179 1966; x_wconf 83' lang='lat' dir='ltr'>eis</span> <span class='ocrx_word' id='word_1_570' title='bbox 1195 1948 1204 1964; x_wconf 90' lang='lat'><em>:</em></span> <span class='ocrx_word' id='word_1_571' title='bbox 1218 1939 1273 1976; x_wconf 81' lang='lat' dir='ltr'>ipsi</span> <span class='ocrx_word' id='word_1_572' title='bbox 1292 1939 1370 1965; x_wconf 84' lang='lat' dir='ltr'>enim</span> <span class='ocrx_word' id='word_1_573' title='bbox 1393 1936 1522 1975; x_wconf 80' lang='lat' dir='ltr'>vigilant</span> <span class='ocrx_word' id='word_1_574' title='bbox 1541 1945 1593 1974; x_wconf 85' lang='lat' dir='ltr'>pro</span> <span class='ocrx_word' id='word_1_575' title='bbox 1614 1935 1700 1963; x_wconf 79' lang='lat' dir='ltr'>vobis</span> <span class='ocrx_word' id='word_1_576' title='bbox 1716 1933 1813 1962; x_wconf 81' lang='lat' dir='ltr'>reddi-</span> 
     </span>
     <span class='ocr_line' id='line_1_71' title="bbox 257 1979 1807 2023; baseline -0.001 -14"><span class='ocrx_word' id='word_1_577' title='bbox 257 1984 314 2010; x_wconf 78' lang='lat' dir='ltr'>turi</span> <span class='ocrx_word' id='word_1_578' title='bbox 334 1984 487 2011; x_wconf 83' lang='lat' dir='ltr'>rationem.</span> <span class='ocrx_word' id='word_1_579' title='bbox 512 1980 631 2009; x_wconf 80' lang='lat' dir='ltr'>Audiam</span> <span class='ocrx_word' id='word_1_580' title='bbox 655 1987 680 2009; x_wconf 88' lang='lat' dir='ltr'>et</span> <span class='ocrx_word' id='word_1_581' title='bbox 694 1981 840 2020; x_wconf 78' lang='lat' dir='ltr'>principes,</span> <span class='ocrx_word' id='word_1_582' title='bbox 865 1992 919 2010; x_wconf 89' lang='lat' dir='ltr'>non</span> <span class='ocrx_word' id='word_1_583' title='bbox 943 1982 993 2011; x_wconf 89' lang='lat' dir='ltr'>soli</span> <span class='ocrx_word' id='word_1_584' title='bbox 1015 1983 1057 2012; x_wconf 89' lang='lat' dir='ltr'>illi</span> <span class='ocrx_word' id='word_1_585' title='bbox 1069 1984 1116 2022; x_wconf 90' lang='lat' dir='ltr'>qui</span> <span class='ocrx_word' id='word_1_586' title='bbox 1133 1991 1288 2022; x_wconf 81' lang='lat' dir='ltr'>reguntura</span> <span class='ocrx_word' id='word_1_587' title='bbox 1300 1983 1467 2023; x_wconf 86' lang='lat' dir='ltr'>principibus</span> <span class='ocrx_word' id='word_1_588' title='bbox 1482 1994 1488 2010; x_wconf 72' lang='grc' dir='ltr'>ε</span> <span class='ocrx_word' id='word_1_589' title='bbox 1503 1981 1628 2021; x_wconf 84' lang='lat' dir='ltr'>quoniam</span> <span class='ocrx_word' id='word_1_590' title='bbox 1653 1981 1723 2009; x_wconf 87' lang='lat' dir='ltr'>sicut</span> <span class='ocrx_word' id='word_1_591' title='bbox 1742 1979 1807 2008; x_wconf 87' lang='lat' dir='ltr'>obe-</span> 
     </span>
     <span class='ocr_line' id='line_1_72' title="bbox 256 2025 1810 2070; baseline -0.003 -12"><span class='ocrx_word' id='word_1_592' title='bbox 256 2029 357 2058; x_wconf 85' lang='lat' dir='ltr'>dientes</span> <span class='ocrx_word' id='word_1_593' title='bbox 371 2035 475 2068; x_wconf 88' lang='lat' dir='ltr'>oportet</span> <span class='ocrx_word' id='word_1_594' title='bbox 493 2038 550 2056; x_wconf 87' lang='lat' dir='ltr'>esse</span> <span class='ocrx_word' id='word_1_595' title='bbox 575 2027 621 2065; x_wconf 93' lang='lat' dir='ltr'>qui</span> <span class='ocrx_word' id='word_1_596' title='bbox 637 2034 776 2066; x_wconf 81' lang='lat' dir='ltr'>reguntur,</span> <span class='ocrx_word' id='word_1_597' title='bbox 801 2027 839 2056; x_wconf 88' lang='lat' dir='ltr'>sic</span> <span class='ocrx_word' id='word_1_598' title='bbox 865 2028 945 2057; x_wconf 85' lang='lat' dir='ltr'>etiam</span> <span class='ocrx_word' id='word_1_599' title='bbox 969 2036 1081 2059; x_wconf 87' lang='lat' dir='ltr'>rectores</span> <span class='ocrx_word' id='word_1_600' title='bbox 1097 2037 1121 2059; x_wconf 89' lang='lat' dir='ltr'>et</span> <span class='ocrx_word' id='word_1_601' title='bbox 1136 2030 1270 2070; x_wconf 84' lang='lat' dir='ltr'>principes</span> <span class='ocrx_word' id='word_1_602' title='bbox 1283 2030 1425 2069; x_wconf 80' lang='lat' dir='ltr'>vigilantes</span> <span class='ocrx_word' id='word_1_603' title='bbox 1443 2040 1498 2058; x_wconf 86' lang='lat' dir='ltr'>esse</span> <span class='ocrx_word' id='word_1_604' title='bbox 1511 2029 1585 2057; x_wconf 85' lang='lat' dir='ltr'>decet</span> <span class='ocrx_word' id='word_1_605' title='bbox 1602 2035 1627 2057; x_wconf 93' lang='lat' dir='ltr'>et</span> <span class='ocrx_word' id='word_1_606' title='bbox 1640 2027 1750 2056; x_wconf 86' lang='lat' dir='ltr'>sobrios.</span> <span class='ocrx_word' id='word_1_607' title='bbox 1775 2025 1810 2054; x_wconf 88' lang='lat' dir='ltr'>Et</span> 
     </span>
     <span class='ocr_line' id='line_1_73' title="bbox 258 2075 1814 2117; baseline -0.003 -12"><span class='ocrx_word' id='word_1_608' title='bbox 258 2076 323 2114; x_wconf 85' lang='lat' dir='ltr'>quid</span> <span class='ocrx_word' id='word_1_609' title='bbox 337 2076 407 2105; x_wconf 86' lang='lat' dir='ltr'>dicis</span> <span class='ocrx_word' id='word_1_610' title='bbox 422 2075 486 2116; x_wconf 75' lang='lat' dir='ltr'>quia</span> <span class='ocrx_word' id='word_1_611' title='bbox 507 2075 621 2114; x_wconf 82' lang='lat' dir='ltr'>vigilant</span> <span class='ocrx_word' id='word_1_612' title='bbox 631 2082 737 2104; x_wconf 85' lang='lat' dir='ltr'>tantum</span> <span class='ocrx_word' id='word_1_613' title='bbox 747 2075 760 2104; x_wconf 75' lang='grc' dir='ltr'>Ρ</span> <span class='ocrx_word' id='word_1_614' title='bbox 771 2075 921 2115; x_wconf 85' lang='lat' dir='ltr'>periculum</span> <span class='ocrx_word' id='word_1_615' title='bbox 934 2077 1013 2106; x_wconf 84' lang='lat' dir='ltr'>etiam</span> <span class='ocrx_word' id='word_1_616' title='bbox 1028 2088 1107 2117; x_wconf 87' lang='lat' dir='ltr'>super</span> <span class='ocrx_word' id='word_1_617' title='bbox 1118 2078 1175 2117; x_wconf 89' lang='lat' dir='ltr'>ejus</span> <span class='ocrx_word' id='word_1_618' title='bbox 1188 2085 1267 2117; x_wconf 87' lang='lat' dir='ltr'>caput</span> <span class='ocrx_word' id='word_1_619' title='bbox 1280 2078 1377 2106; x_wconf 83' lang='lat' dir='ltr'>eminet</span> <span class='ocrx_word' id='word_1_620' title='bbox 1391 2079 1402 2115; x_wconf 96' lang='lat'>[</span> <span class='ocrx_word' id='word_1_621' title='bbox 1414 2076 1535 2106; x_wconf 87' lang='lat' dir='ltr'>imminet</span> <span class='ocrx_word' id='word_1_622' title='bbox 1547 2076 1560 2104; x_wconf 77' lang='grc' dir='ltr'>ἱ)</span> <span class='ocrx_word' id='word_1_623' title='bbox 1570 2077 1582 2113; x_wconf 91' lang='grc'>]</span> <span class='ocrx_word' id='word_1_624' title='bbox 1594 2097 1601 2112; x_wconf 88' lang='grc'><em>,</em></span> <span class='ocrx_word' id='word_1_625' title='bbox 1613 2075 1749 2114; x_wconf 88' lang='lat' dir='ltr'>subjectus</span> <span class='ocrx_word' id='word_1_626' title='bbox 1769 2079 1814 2102; x_wconf 84' lang='lat' dir='ltr'>cst</span> 
     </span>
     <span class='ocr_line' id='line_1_74' title="bbox 260 2121 1813 2164; baseline -0.002 -12"><span class='ocrx_word' id='word_1_627' title='bbox 260 2123 406 2152; x_wconf 86' lang='lat' dir='ltr'>ultionibus</span> <span class='ocrx_word' id='word_1_628' title='bbox 420 2130 590 2163; x_wconf 83' lang='lat' dir='ltr'>peccatorum</span> <span class='ocrx_word' id='word_1_629' title='bbox 612 2129 731 2161; x_wconf 83' lang='lat' dir='ltr'>tuorum,</span> <span class='ocrx_word' id='word_1_630' title='bbox 746 2130 772 2152; x_wconf 87' lang='lat' dir='ltr'>et</span> <span class='ocrx_word' id='word_1_631' title='bbox 792 2130 901 2163; x_wconf 88' lang='lat' dir='ltr'>propter</span> <span class='ocrx_word' id='word_1_632' title='bbox 914 2131 939 2153; x_wconf 89' lang='lat' dir='ltr'>te</span> <span class='ocrx_word' id='word_1_633' title='bbox 951 2135 1011 2154; x_wconf 90' lang='lat' dir='ltr'>reus</span> <span class='ocrx_word' id='word_1_634' title='bbox 1020 2125 1124 2154; x_wconf 85' lang='lat' dir='ltr'>exsistit</span> <span class='ocrx_word' id='word_1_635' title='bbox 1135 2137 1141 2153; x_wconf 76' lang='lat' dir='ltr'>z</span> <span class='ocrx_word' id='word_1_636' title='bbox 1152 2125 1294 2154; x_wconf 86' lang='lat' dir='ltr'>timoribus</span> <span class='ocrx_word' id='word_1_637' title='bbox 1305 2125 1447 2164; x_wconf 89' lang='lat' dir='ltr'>subjicitur</span> <span class='ocrx_word' id='word_1_638' title='bbox 1457 2124 1538 2161; x_wconf 82' lang='lat' dir='ltr'>enim,</span> <span class='ocrx_word' id='word_1_639' title='bbox 1558 2130 1583 2152; x_wconf 89' lang='lat' dir='ltr'>et</span> <span class='ocrx_word' id='word_1_640' title='bbox 1597 2129 1627 2151; x_wconf 88' lang='lat' dir='ltr'>tu</span> <span class='ocrx_word' id='word_1_641' title='bbox 1638 2121 1813 2161; x_wconf 81' lang='lat' dir='ltr'>negligentiae</span> 
     </span>
     <span class='ocr_line' id='line_1_75' title="bbox 259 2168 1814 2211; baseline -0.001 -13"><span class='ocrx_word' id='word_1_642' title='bbox 259 2177 282 2198; x_wconf 85' lang='lat' dir='ltr'>te</span> <span class='ocrx_word' id='word_1_643' title='bbox 300 2169 393 2207; x_wconf 85' lang='lat' dir='ltr'>tradis,</span> <span class='ocrx_word' id='word_1_644' title='bbox 406 2176 431 2198; x_wconf 88' lang='lat' dir='ltr'>et</span> <span class='ocrx_word' id='word_1_645' title='bbox 459 2169 538 2208; x_wconf 84' lang='lat' dir='ltr'>nugis</span> <span class='ocrx_word' id='word_1_646' title='bbox 552 2169 700 2209; x_wconf 89' lang='lat' dir='ltr'>occuparis,</span> <span class='ocrx_word' id='word_1_647' title='bbox 716 2177 742 2198; x_wconf 86' lang='lat' dir='ltr'>et</span> <span class='ocrx_word' id='word_1_648' title='bbox 760 2170 904 2199; x_wconf 85' lang='lat' dir='ltr'>artificium</span> <span class='ocrx_word' id='word_1_649' title='bbox 919 2178 996 2200; x_wconf 88' lang='lat' dir='ltr'>tuum</span> <span class='ocrx_word' id='word_1_650' title='bbox 1019 2172 1099 2200; x_wconf 89' lang='lat' dir='ltr'>stulta</span> <span class='ocrx_word' id='word_1_651' title='bbox 1113 2179 1200 2201; x_wconf 88' lang='lat' dir='ltr'>mente</span> <span class='ocrx_word' id='word_1_652' title='bbox 1219 2171 1361 2211; x_wconf 77' lang='lat' dir='ltr'>praeponis.</span> <span class='ocrx_word' id='word_1_653' title='bbox 1384 2173 1528 2210; x_wconf 84' lang='lat' dir='ltr'>Propterea</span> <span class='ocrx_word' id='word_1_654' title='bbox 1552 2170 1613 2207; x_wconf 82' lang='lat' dir='ltr'>hoc,</span> <span class='ocrx_word' id='word_1_655' title='bbox 1625 2170 1725 2207; x_wconf 85' lang='lat' dir='ltr'>inquit,</span> <span class='ocrx_word' id='word_1_656' title='bbox 1741 2168 1814 2205; x_wconf 91' lang='lat' dir='ltr'>dico,</span> 
     </span>
     <span class='ocr_line' id='line_1_76' title="bbox 264 2216 1814 2257; baseline -0.001 -12"><span class='ocrx_word' id='word_1_657' title='bbox 264 2217 301 2245; x_wconf 84' lang='lat' dir='ltr'>Ut</span> <span class='ocrx_word' id='word_1_658' title='bbox 321 2227 387 2245; x_wconf 83' lang='lat' dir='ltr'>cum</span> <span class='ocrx_word' id='word_1_659' title='bbox 409 2217 517 2256; x_wconf 82' lang='lat' dir='ltr'>gaudio</span> <span class='ocrx_word' id='word_1_660' title='bbox 528 2217 664 2255; x_wconf 82' lang='lat' dir='ltr'>faciant,</span> <span class='ocrx_word' id='word_1_661' title='bbox 685 2222 712 2245; x_wconf 78' lang='lat' dir='ltr'>et</span> <span class='ocrx_word' id='word_1_662' title='bbox 725 2227 784 2245; x_wconf 87' lang='lat' dir='ltr'>non</span> <span class='ocrx_word' id='word_1_663' title='bbox 794 2219 1034 2256; x_wconf 77' lang='lat' dir='ltr'>congemiscentes</span> <span class='ocrx_word' id='word_1_664' title='bbox 1047 2231 1055 2246; x_wconf 89' lang='lat'><em>:</em></span> <span class='ocrx_word' id='word_1_665' title='bbox 1069 2229 1127 2247; x_wconf 87' lang='lat' dir='ltr'>non</span> <span class='ocrx_word' id='word_1_666' title='bbox 1142 2221 1220 2248; x_wconf 82' lang='lat' dir='ltr'>enim</span> <span class='ocrx_word' id='word_1_667' title='bbox 1241 2219 1356 2257; x_wconf 78' lang='lat' dir='ltr'>expedit</span> <span class='ocrx_word' id='word_1_668' title='bbox 1371 2220 1464 2247; x_wconf 80' lang='lat' dir='ltr'>vohis.</span> <span class='ocrx_word' id='word_1_669' title='bbox 1475 2217 1594 2247; x_wconf 86' lang='lat' dir='ltr'>Intueris</span> <span class='ocrx_word' id='word_1_670' title='bbox 1609 2216 1735 2255; x_wconf 87' lang='lat' dir='ltr'>quoniam</span> <span class='ocrx_word' id='word_1_671' title='bbox 1750 2226 1814 2245; x_wconf 90' lang='lat' dir='ltr'>cum</span> 
     </span>
     <span class='ocr_line' id='line_1_77' title="bbox 261 2262 1815 2304; baseline 0.001 -13"><span class='ocrx_word' id='word_1_672' title='bbox 261 2263 437 2291; x_wconf 81' lang='lat' dir='ltr'>contemnitur</span> <span class='ocrx_word' id='word_1_673' title='bbox 455 2262 590 2302; x_wconf 86' lang='lat' dir='ltr'>princeps,</span> <span class='ocrx_word' id='word_1_674' title='bbox 605 2273 658 2291; x_wconf 87' lang='lat' dir='ltr'>non</span> <span class='ocrx_word' id='word_1_675' title='bbox 683 2270 785 2302; x_wconf 87' lang='lat' dir='ltr'>oportet</span> <span class='ocrx_word' id='word_1_676' title='bbox 805 2264 919 2293; x_wconf 87' lang='lat' dir='ltr'>ultiones</span> <span class='ocrx_word' id='word_1_677' title='bbox 940 2264 1070 2304; x_wconf 86' lang='lat' dir='ltr'>ingerere,</span> <span class='ocrx_word' id='word_1_678' title='bbox 1086 2265 1131 2296; x_wconf 90' lang='lat' dir='ltr'>sed</span> <span class='ocrx_word' id='word_1_679' title='bbox 1145 2272 1200 2294; x_wconf 88' lang='lat' dir='ltr'>tota</span> <span class='ocrx_word' id='word_1_680' title='bbox 1213 2265 1280 2294; x_wconf 89' lang='lat' dir='ltr'>ultio</span> <span class='ocrx_word' id='word_1_681' title='bbox 1303 2271 1342 2294; x_wconf 88' lang='lat' dir='ltr'>est</span> <span class='ocrx_word' id='word_1_682' title='bbox 1362 2265 1480 2304; x_wconf 82' lang='lat' dir='ltr'>plorare,</span> <span class='ocrx_word' id='word_1_683' title='bbox 1495 2264 1679 2303; x_wconf 83' lang='lat' dir='ltr'>ingemiscere.</span> <span class='ocrx_word' id='word_1_684' title='bbox 1702 2264 1772 2292; x_wconf 86' lang='lat' dir='ltr'>Nam</span> <span class='ocrx_word' id='word_1_685' title='bbox 1789 2270 1815 2293; x_wconf 84' lang='lat' dir='ltr'>et</span> 
     </span>
     <span class='ocr_line' id='line_1_78' title="bbox 261 2309 1813 2352; baseline 0.001 -15"><span class='ocrx_word' id='word_1_686' title='bbox 261 2309 380 2338; x_wconf 85' lang='lat' dir='ltr'>medicus</span> <span class='ocrx_word' id='word_1_687' title='bbox 402 2309 508 2348; x_wconf 86' lang='lat' dir='ltr'>quaudo</span> <span class='ocrx_word' id='word_1_688' title='bbox 522 2310 557 2338; x_wconf 90' lang='lat' dir='ltr'>ab</span> <span class='ocrx_word' id='word_1_689' title='bbox 577 2316 676 2348; x_wconf 84' lang='lat' dir='ltr'>aegroto</span> <span class='ocrx_word' id='word_1_690' title='bbox 701 2311 889 2348; x_wconf 87' lang='lat' dir='ltr'>contemnitur,</span> <span class='ocrx_word' id='word_1_691' title='bbox 919 2322 971 2340; x_wconf 91' lang='lat' dir='ltr'>non</span> <span class='ocrx_word' id='word_1_692' title='bbox 995 2323 1022 2341; x_wconf 91' lang='lat' dir='ltr'>se</span> <span class='ocrx_word' id='word_1_693' title='bbox 1032 2312 1172 2341; x_wconf 89' lang='lat' dir='ltr'>ulciscitur</span> <span class='ocrx_word' id='word_1_694' title='bbox 1184 2312 1247 2349; x_wconf 88' lang='lat' dir='ltr'>‚sed</span> <span class='ocrx_word' id='word_1_695' title='bbox 1261 2312 1347 2352; x_wconf 85' lang='lat' dir='ltr'>plorat</span> <span class='ocrx_word' id='word_1_696' title='bbox 1361 2319 1386 2341; x_wconf 85' lang='lat' dir='ltr'>et</span> <span class='ocrx_word' id='word_1_697' title='bbox 1404 2311 1566 2351; x_wconf 82' lang='lat' dir='ltr'>ingemiscit.</span> <span class='ocrx_word' id='word_1_698' title='bbox 1593 2310 1648 2340; x_wconf 82' lang='lat' dir='ltr'>Sed</span> <span class='ocrx_word' id='word_1_699' title='bbox 1659 2310 1727 2340; x_wconf 89' lang='lat' dir='ltr'>dicis</span> <span class='ocrx_word' id='word_1_700' title='bbox 1737 2311 1813 2349; x_wconf 82' lang='lat' dir='ltr'>quia,</span> 
     </span>
     <span class='ocr_line' id='line_1_79' title="bbox 262 2356 1815 2400; baseline 0.001 -16"><span class='ocrx_word' id='word_1_701' title='bbox 262 2356 283 2383; x_wconf 89' lang='lat' dir='ltr'>si</span> <span class='ocrx_word' id='word_1_702' title='bbox 298 2356 343 2385; x_wconf 87' lang='lat' dir='ltr'>ille</span> <span class='ocrx_word' id='word_1_703' title='bbox 356 2357 515 2395; x_wconf 85' lang='lat' dir='ltr'>ingemiscit,</span> <span class='ocrx_word' id='word_1_704' title='bbox 542 2357 680 2386; x_wconf 87' lang='lat' dir='ltr'>ulciscitur</span> <span class='ocrx_word' id='word_1_705' title='bbox 699 2357 727 2385; x_wconf 87' lang='lat' dir='ltr'>in</span> <span class='ocrx_word' id='word_1_706' title='bbox 745 2364 769 2386; x_wconf 90' lang='lat' dir='ltr'>te</span> <span class='ocrx_word' id='word_1_707' title='bbox 790 2359 871 2387; x_wconf 89' lang='lat' dir='ltr'>Deus.</span> <span class='ocrx_word' id='word_1_708' title='bbox 898 2359 927 2388; x_wconf 84' lang='lat' dir='ltr'>Si</span> <span class='ocrx_word' id='word_1_709' title='bbox 954 2360 1025 2388; x_wconf 90' lang='lat' dir='ltr'>enim</span> <span class='ocrx_word' id='word_1_710' title='bbox 1049 2371 1098 2400; x_wconf 89' lang='lat' dir='ltr'>pro</span> <span class='ocrx_word' id='word_1_711' title='bbox 1126 2360 1222 2389; x_wconf 87' lang='lat' dir='ltr'>nostris</span> <span class='ocrx_word' id='word_1_712' title='bbox 1245 2360 1359 2399; x_wconf 85' lang='lat' dir='ltr'>peccatis</span> <span class='ocrx_word' id='word_1_713' title='bbox 1373 2359 1585 2398; x_wconf 82' lang='lat' dir='ltr'>ingemiscimus,</span> <span class='ocrx_word' id='word_1_714' title='bbox 1601 2357 1760 2387; x_wconf 86' lang='lat' dir='ltr'>adducimus</span> <span class='ocrx_word' id='word_1_715' title='bbox 1778 2357 1815 2386; x_wconf 86' lang='lat' dir='ltr'>ad</span> 
     </span>
     <span class='ocr_line' id='line_1_80' title="bbox 262 2404 1814 2446; baseline 0.001 -15"><span class='ocrx_word' id='word_1_716' title='bbox 262 2412 308 2431; x_wconf 88' lang='lat' dir='ltr'>nos</span> <span class='ocrx_word' id='word_1_717' title='bbox 322 2404 537 2443; x_wconf 83' lang='lat' dir='ltr'>propitiationem</span> <span class='ocrx_word' id='word_1_718' title='bbox 560 2405 627 2433; x_wconf 91' lang='lat' dir='ltr'>Dei:</span> <span class='ocrx_word' id='word_1_719' title='bbox 641 2415 689 2444; x_wconf 90' lang='lat' dir='ltr'>pro</span> <span class='ocrx_word' id='word_1_720' title='bbox 707 2405 821 2433; x_wconf 89' lang='lat' dir='ltr'>aliorum</span> <span class='ocrx_word' id='word_1_721' title='bbox 842 2416 904 2435; x_wconf 89' lang='lat' dir='ltr'>vero</span> <span class='ocrx_word' id='word_1_722' title='bbox 927 2407 1051 2446; x_wconf 83' lang='lat' dir='ltr'>superbia</span> <span class='ocrx_word' id='word_1_723' title='bbox 1076 2408 1118 2437; x_wconf 88' lang='lat' dir='ltr'>vel</span> <span class='ocrx_word' id='word_1_724' title='bbox 1137 2414 1271 2437; x_wconf 88' lang='lat' dir='ltr'>contemtu</span> <span class='ocrx_word' id='word_1_725' title='bbox 1285 2418 1347 2437; x_wconf 92' lang='lat' dir='ltr'>cum</span> <span class='ocrx_word' id='word_1_726' title='bbox 1369 2407 1579 2446; x_wconf 83' lang='lat' dir='ltr'>ingemiscimus,</span> <span class='ocrx_word' id='word_1_727' title='bbox 1598 2416 1684 2435; x_wconf 89' lang='lat' dir='ltr'>nonne</span> <span class='ocrx_word' id='word_1_728' title='bbox 1697 2405 1814 2444; x_wconf 87' lang='lat' dir='ltr'>amplius</span> 
     </span>
     <span class='ocr_line' id='line_1_81' title="bbox 261 2449 1814 2495; baseline 0.002 -17"><span class='ocrx_word' id='word_1_729' title='bbox 261 2449 422 2480; x_wconf 75' lang='lat' dir='ltr'>advocamus</span> <span class='ocrx_word' id='word_1_730' title='bbox 436 2453 524 2480; x_wconf 86' lang='lat' dir='ltr'>Deum</span> <span class='ocrx_word' id='word_1_731' title='bbox 534 2452 548 2480; x_wconf 72' lang='grc' dir='ltr'>Ξ)</span> <span class='ocrx_word' id='word_1_732' title='bbox 562 2452 648 2482; x_wconf 85' lang='lat' dir='ltr'>Vides</span> <span class='ocrx_word' id='word_1_733' title='bbox 674 2463 737 2492; x_wconf 83' lang='lat' dir='ltr'>ergo</span> <span class='ocrx_word' id='word_1_734' title='bbox 753 2452 879 2491; x_wconf 80' lang='lat' dir='ltr'>quoniam</span> <span class='ocrx_word' id='word_1_735' title='bbox 893 2464 945 2482; x_wconf 90' lang='lat' dir='ltr'>non</span> <span class='ocrx_word' id='word_1_736' title='bbox 968 2455 1098 2494; x_wconf 84' lang='lat' dir='ltr'>permittit</span> <span class='ocrx_word' id='word_1_737' title='bbox 1112 2467 1173 2485; x_wconf 91' lang='lat' dir='ltr'>eum</span> <span class='ocrx_word' id='word_1_738' title='bbox 1187 2455 1221 2484; x_wconf 89' lang='lat' dir='ltr'>ad</span> <span class='ocrx_word' id='word_1_739' title='bbox 1236 2455 1348 2495; x_wconf 88' lang='lat' dir='ltr'>injurias</span> <span class='ocrx_word' id='word_1_740' title='bbox 1362 2454 1468 2484; x_wconf 85' lang='lat' dir='ltr'>deduci.</span> <span class='ocrx_word' id='word_1_741' title='bbox 1481 2453 1566 2484; x_wconf 86' lang='lat' dir='ltr'>Vides</span> <span class='ocrx_word' id='word_1_742' title='bbox 1582 2460 1678 2492; x_wconf 85' lang='lat' dir='ltr'>quanta</span> <span class='ocrx_word' id='word_1_743' title='bbox 1692 2453 1814 2492; x_wconf 90' lang='lat' dir='ltr'>philoso-</span> 
     </span>
     <span class='ocr_line' id='line_1_82' title="bbox 262 2498 1814 2540; baseline 0.002 -14"><span class='ocrx_word' id='word_1_744' title='bbox 262 2498 325 2537; x_wconf 79' lang='lat' dir='ltr'>phia</span> <span class='ocrx_word' id='word_1_745' title='bbox 339 2498 411 2527; x_wconf 86' lang='lat' dir='ltr'>istud</span> <span class='ocrx_word' id='word_1_746' title='bbox 424 2506 462 2528; x_wconf 89' lang='lat' dir='ltr'>est</span> <span class='ocrx_word' id='word_1_747' title='bbox 473 2500 486 2527; x_wconf 63' lang='lat'>3³</span> <span class='ocrx_word' id='word_1_748' title='bbox 500 2500 674 2538; x_wconf 81' lang='lat' dir='ltr'>Ingemiscere</span> <span class='ocrx_word' id='word_1_749' title='bbox 690 2511 753 2540; x_wconf 83' lang='lat' dir='ltr'>ergo</span> <span class='ocrx_word' id='word_1_750' title='bbox 764 2507 865 2537; x_wconf 83' lang='lat' dir='ltr'>oportet</span> <span class='ocrx_word' id='word_1_751' title='bbox 879 2511 939 2530; x_wconf 87' lang='lat' dir='ltr'>eum</span> <span class='ocrx_word' id='word_1_752' title='bbox 962 2502 1008 2540; x_wconf 90' lang='lat' dir='ltr'>qui</span> <span class='ocrx_word' id='word_1_753' title='bbox 1023 2503 1202 2532; x_wconf 84' lang='lat' dir='ltr'>contemnitur</span> <span class='ocrx_word' id='word_1_754' title='bbox 1216 2510 1242 2532; x_wconf 89' lang='lat' dir='ltr'>et</span> <span class='ocrx_word' id='word_1_755' title='bbox 1255 2503 1425 2532; x_wconf 88' lang='lat' dir='ltr'>conculcatur</span> <span class='ocrx_word' id='word_1_756' title='bbox 1438 2509 1462 2531; x_wconf 90' lang='lat' dir='ltr'>et</span> <span class='ocrx_word' id='word_1_757' title='bbox 1479 2501 1600 2531; x_wconf 80' lang='lat' dir='ltr'>caeditur.</span> <span class='ocrx_word' id='word_1_758' title='bbox 1618 2502 1676 2530; x_wconf 92' lang='lat' dir='ltr'>Non</span> <span class='ocrx_word' id='word_1_759' title='bbox 1697 2500 1814 2530; x_wconf 77' lang='lat' dir='ltr'>arbitre-</span> 
     </span>
     <span class='ocr_line' id='line_1_83' title="bbox 263 2546 1810 2589; baseline 0.002 -15"><span class='ocrx_word' id='word_1_760' title='bbox 263 2546 298 2575; x_wconf 84' lang='lat' dir='ltr'>ris</span> <span class='ocrx_word' id='word_1_761' title='bbox 324 2547 446 2584; x_wconf 80' lang='lat' dir='ltr'>quoniam</span> <span class='ocrx_word' id='word_1_762' title='bbox 466 2558 518 2576; x_wconf 90' lang='lat' dir='ltr'>non</span> <span class='ocrx_word' id='word_1_763' title='bbox 541 2555 565 2576; x_wconf 87' lang='lat' dir='ltr'>tc</span> <span class='ocrx_word' id='word_1_764' title='bbox 579 2548 714 2577; x_wconf 86' lang='lat' dir='ltr'>ulciscitur</span> <span class='ocrx_word' id='word_1_765' title='bbox 740 2550 828 2578; x_wconf 88' lang='lat' dir='ltr'>Deus:</span> <span class='ocrx_word' id='word_1_766' title='bbox 844 2549 957 2589; x_wconf 84' lang='lat' dir='ltr'>gemitus</span> <span class='ocrx_word' id='word_1_767' title='bbox 977 2549 1048 2579; x_wconf 85' lang='lat' dir='ltr'>enim</span> <span class='ocrx_word' id='word_1_768' title='bbox 1071 2551 1142 2580; x_wconf 88' lang='lat' dir='ltr'>omni</span> <span class='ocrx_word' id='word_1_769' title='bbox 1158 2551 1206 2580; x_wconf 85' lang='lat' dir='ltr'>erit</span> <span class='ocrx_word' id='word_1_770' title='bbox 1223 2551 1324 2580; x_wconf 86' lang='lat' dir='ltr'>ultione</span> <span class='ocrx_word' id='word_1_771' title='bbox 1338 2550 1460 2580; x_wconf 83' lang='lat' dir='ltr'>deterior.</span> <span class='ocrx_word' id='word_1_772' title='bbox 1473 2548 1586 2585; x_wconf 82' lang='lat' dir='ltr'>Quando</span> <span class='ocrx_word' id='word_1_773' title='bbox 1599 2549 1669 2578; x_wconf 89' lang='lat' dir='ltr'>enim</span> <span class='ocrx_word' id='word_1_774' title='bbox 1688 2549 1745 2588; x_wconf 89' lang='lat' dir='ltr'>ipse</span> <span class='ocrx_word' id='word_1_775' title='bbox 1759 2559 1810 2578; x_wconf 91' lang='lat' dir='ltr'>non</span> 
     </span>
    </p>
   </div>
  </div>
 </body>
</html>
