1886 2846
264 171 330 207 163

255 256 310 274 esse
330 251 418 280 natus,
442 245 478 273 ita
503 243 603 274 accedit
618 256 624 272 :
640 245 662 273 si
687 244 833 273 viderimus
858 245 883 271 iu
903 243 996 271 habitu

255 292 386 320 contrariu
397 314 404 325 ,
416 302 477 320 eum
491 291 571 319 etiam
586 291 778 330 vituperamus.
795 290 870 325 Quid
882 291 938 328 jam
953 289 995 316 sa—

254 337 346 365 cient?
363 338 387 365 O
398 337 544 369 szcvitiam.
555 346 571 364 o
584 336 756 365 indolentiam
772 335 778 364 ἶ
796 336 850 362 Cur
865 333 994 369 membra,

254 383 340 420 iuquit
353 406 361 417 ,
375 383 498 422 aperiunt
519 382 642 410 mutilata
655 382 667 409 i'
682 383 793 419 Propter
817 387 841 407 te
857 391 862 406 :
879 379 900 406 si
923 389 994 407 esse-

254 438 313 457 mus
327 428 520 464 misericordes,
535 438 586 456 non
601 434 667 456 esset
681 427 719 455 eis
735 435 801 464 opus
817 424 858 452 liis
871 423 975 452 artibus
989 435 995 451 :

253 474 274 501 si
289 485 303 502 a
319 474 406 513 primo
426 484 532 502 accessu
548 472 749 512 persuasissent,
764 480 815 498 non
836 476 890 498 tam
910 469 995 498 multa

252 526 337 548 essent
353 519 506 547 machinati.
524 519 592 553 Quis
607 524 643 545 est
659 516 723 544 adeo
734 515 829 551 miser,
847 521 875 543 ut
891 521 994 544 tantum

254 565 317 593 xctit
328 565 465 593 vociferari
481 586 488 597 ,
503 571 531 591 ιιι
545 574 572 591 se
581 563 643 590 velit
656 560 780 589 indecore
795 571 900 599 gerere,
915 567 996 589 utve.

251 611 283 639 lit
298 610 406 649 publice
426 610 522 638 defflere
536 616 560 636 et
576 607 713 635 lamentari
729 617 792 635 eum
807 605 878 635 nuda
892 616 992 641 uxore,

251 667 312 685 cum
327 657 388 684 liliis
401 655 537 694 conspergi
551 654 637 681 cinere
647 653 660 680 ζ’
676 653 736 682 llaec
748 660 810 681 sunt
821 654 916 691 quavis
929 663 994 692 pau-

252 709 353 740 pertate
363 701 502 729 deteriora.
519 699 573 727 Sed
589 705 696 738 propter
708 698 765 727 hzec
780 709 826 727 nos
838 709 890 727 non
906 699 993 728 solum

250 757 341 775 eorum
357 757 408 774 non
422 746 594 780 miseremur,
605 743 653 772 sed
667 744 748 773 etiam
763 754 807 773 eos
822 754 991 773 accusamus.

252 792 286 820 Et
299 791 388 819 adhue
397 790 610 819 succensebimus
623 789 695 827 quod
706 791 795 819 Deum
808 797 930 829 rogantes
940 801 992 819 non

249 836 448 865 exaudiamur?
462 842 487 863 et
501 835 591 863 adhuc
604 846 674 874 aegre
686 835 812 872 feremus,
831 835 902 874 quod
916 846 993 865 oran-

250 889 287 910 tes
304 892 355 910 non
375 881 602 920 persuadeamus?
626 882 686 910 Non
709 881 905 917 horrescimus,
919 892 935 910 o
949 882 992 911 di-

250 927 332 956 lecti?
347 930 382 956 At
393 938 472 966 soepe,
484 927 581 965 inquit,
598 927 673 959 dedi,
689 928 732 956 Tu
749 934 838 957 autem
852 938 906 957 non
916 939 990 957 sem-

251 984 298 1012 per
320 973 459 1002 comedis?
474 984 569 1013 pueros
587 980 676 1002 autem
697 983 766 1013 saepe
788 981 905 1013 petentes
925 985 990 1003 num

249 1019 358 1058 abigis?
368 1020 392 1048 Ο
406 1018 601 1058 impudentiam
614 1018 621 1048 ἔ
639 1019 786 1058 Paupercm
803 1029 881 1048 vocas
900 1019 989 1060 impu-

248 1064 378 1093 dentem?
391 1071 417 1093 et
430 1071 458 1092 tu
472 1064 582 1102 quidem
595 1064 700 1103 rapiens
714 1075 766 1094 non
782 1075 810 1094 es
826 1065 967 1103 impudens
979 1077 987 1103 ς

251 1111 296 1139 ille
314 1118 404 1140 autem
418 1121 514 1150 rogans
533 1117 563 1139 ut
583 1111 630 1140 des
648 1121 742 1150 panem
766 1118 805 1140 cst
825 1112 990 1151 impudens?

250 1157 310 1185 Non
326 1157 427 1195 cogitas
441 1163 540 1194 quanta
553 1156 588 1185 sit
606 1157 707 1185 ventris
728 1157 892 1186 necessitas?
903 1168 989 1186 annon

250 1210 358 1241 propter
378 1203 426 1230 hoc
440 1202 505 1230 sacis
519 1202 630 1230 omnia?
643 1213 731 1230 annon
748 1209 885 1242 propterea
901 1203 987 1242 negli-

249 1249 292 1286 gis
310 1248 483 1288 spiritualia?
501 1258 589 1277 annon
613 1249 780 1287 propositum
799 1255 838 1277 cst
855 1249 949 1278 caelum
965 1257 989 1278 et

249 1302 362 1330 regnum
376 1292 521 1320 caelorum?
540 1299 569 1320 tu
584 1299 672 1321 autem
692 1293 765 1321 illius
782 1293 877 1321 timens
892 1300 989 1332 tyran-

249 1336 340 1366 nidem
354 1338 443 1366 omnia
457 1337 582 1373 sustines,
597 1345 622 1366 et
646 1348 698 1366 non
721 1337 857 1377 despicis?
874 1339 937 1367 Haec
951 1347 989 1367 est

250 1382 424 1422 impudentia.
440 1384 498 1412 Non
520 1383 595 1411 vides
609 1394 682 1412 senes
693 1394 799 1412 mancos
811 1390 837 1412 et
856 1384 988 1413 mutilos?

249 1428 314 1462 Sed,
331 1439 346 1456 ο
361 1428 487 1456 delirium
499 1426 505 1456 Ῐ
517 1428 567 1456 Hic
577 1451 584 1464 ,
599 1429 698 1466 inquit,
715 1436 753 1458 tot
765 1439 858 1457 aureos
872 1429 918 1458 dat
941 1430 988 1458 soe·

250 1474 322 1509 nori;
338 1473 382 1501 ille
395 1480 482 1501 autem
502 1480 548 1507 tot,
565 1480 590 1501 et
605 1473 745 1503 mendicat.
760 1475 907 1503 Parvorum
924 1486 988 1514 pue-

249 1529 339 1547 rorum
357 1519 469 1547 narratis
483 1519 601 1554 fabulas,
614 1529 749 1558 nugasque
762 1526 787 1548 et
801 1519 896 1549 deliria
908 1532 914 1548 z
926 1531 987 1550 nam

248 1564 288 1592 illi
309 1564 413 1592 fabulas
429 1564 494 1593 tales
509 1575 522 1592 a
539 1565 641 1593 nutrice
655 1565 776 1594 audiunt.
788 1566 845 1594 Non
860 1566 911 1595 hoc
922 1578 987 1606 per-

249 1620 356 1638 suasum
371 1609 469 1646 habeo,
486 1620 538 1639 non
557 1610 652 1647 credo,
671 1611 751 1640 absit.
768 1612 923 1642 Foeneratur
934 1614 987 1642 ali-

596 184 625 206 S.
655 184 734 207 JOAN
743 184 793 207 MS
819 183 999 206 citnx'SOST.

283 1711 293 1722 Ι
311 1703 398 1734 [Fert.
410 1707 446 1729 οὖα
460 1708 485 1728 ἂν
500 1705 561 1734 τηεμ]

1032 182 1186 205 ΑΒΕΙΙΙῙΞΡ.
1215 183 1481 209 CONSTANTtNor.

1051 243 1135 279 σμένα
1152 243 1220 280 μέλη
1242 247 1384 282 γυμνοῦσις
1398 245 1450 274 Διὰ
1464 246 1505 275 σέ·
1532 247 1554 275 εἰ
1577 247 1715 284 ἐλεήμονες
1739 243 1816 285 ἦμεν,

1050 289 1115 316 “eim
1130 288 1182 317 ἔδει
1195 289 1292 318 τούτων
1315 290 1400 323 αὐτοῖς
1422 292 1474 319 τῶν
1491 293 1604 331 τεχνῶν·
1621 295 1643 321 εἰ
1667 295 1696 322 ἐκ
1711 293 1816 332 πρώτης

1050 333 1178 372 προσόδου
1205 334 1317 370 ἔπειθον,
1334 337 1380 364 οὐχ
1405 335 1436 364 ἂν
1463 339 1578 366 τοσαῦτα
1602 338 1815 376 ἐμηχανήσαντο.

1050 380 1099 412 Τίς
1118 380 1188 408 ἐστιν
1207 380 1288 413 οὕτως
1305 381 1409 416 ἅθλιος,
1425 383 1460 415 ὡς
1482 382 1579 412 ἐθέλειν
1603 386 1719 412 τοσαῦτα
1743 386 1816 423 βοᾷν,

1049 426 1085 457 ὡς
1099 425 1196 454 ἐθέλειν
1220 427 1394 464 ἀσχημονεῖν,
1409 429 1444 460 ὡς
1461 428 1558 457 ἐθέλειν
1581 429 1755 469 ἀποδύρεσθαι
1770 430 1815 465 δη-

1051 470 1130 511 μοσία
1146 471 1213 509 μετὰ
1228 473 1274 505 τῆς
1287 472 1408 510 γυναικὸς
1432 473 1650 511 γεγυμνωμένης,
1671 474 1737 512 μετὰ
1761 476 1813 503 τῶν

1049 516 1150 545 παίδων
1165 517 1260 546 σποδὸν
1285 517 1516 551 καταπάττεσθαιῑ
1531 516 1544 534 ¹³
1556 519 1646 554 Πόσης
1660 521 1743 548 ταῦτα
1761 531 1812 548 πε-

1050 562 1105 595 νίας
1119 563 1242 601 χείρονα;
1255 564 1325 591 Ἀλλ’
1337 563 1404 602 ὑπὲρ
1413 563 1511 592 τούτων
1526 566 1554 592 οὖ
1568 563 1645 601 μόνον
1660 566 1705 593 οὔκ
1716 566 1813 594 ἐλεοῦν-

1048 619 1108 644 ται,
1124 609 1192 637 ἀλλὰ
1214 608 1259 636 καὶ
1280 611 1487 647 κατηγοροῦνται
1501 610 1564 648 παρ’
1577 610 1663 646 ἡμῶν.
1685 609 1748 637 ‘'E-tt
1768 604 1811 638 οὖν

1047 655 1274 692 ἀγανακτήσομεν,
1287 654 1328 684 ὅτι
1341 657 1386 684 τοῦ
1401 656 1470 683 Θεοῦ
1485 655 1602 692 δεόμενοι
1618 656 1664 683 οὐκ
1679 655 1812 684 εἷσακουό-

1048 703 1129 737 μεθας
1143 701 1181 729 ἔτι
1195 696 1239 729 οὖν
1253 701 1476 739 δυσχερανοῦμεν,
1490 701 1532 729 ὅτι
1548 702 1577 729 οὐ
1589 700 1712 738 πείθομεν
1726 711 1812 741 παρα-

1046 746 1185 778 καλοῦντες
1190 758 1198 781 ;
1212 747 1252 775 Οὐ
1266 746 1416 785 φρίττομεν,
1427 745 1561 784 ἀγαπητοί
1568 758 1576 782 5
1591 745 1670 775 Ἀλλὰ
1684 746 1812 779 πολλάκις

1046 790 1148 826 ἔδωκα,
1165 791 1237 831 φησί.
1253 791 1291 820 Σὺ
1307 791 1335 820 δὲ
1350 793 1396 821 οὐκ
1411 792 1452 821 ἀεὶ
1467 791 1574 828 ἕσθίεις;
1587 791 1647 824 τοὺς
1668 791 1696 822 δὲ
1716 793 1812 824 παῖδας

1045 837 1172 870 πολλάκις
1182 840 1355 870 ἀπαιτοῦντας
1368 837 1536 876 ἀπάγεις;Ὢ
1553 839 1600 872 τῆς
1613 838 1810 877 ἀναισχυντίας.

1046 883 1154 919 Πένητα
1177 883 1348 923 ἀναίσχυντον
1363 884 1467 918 καλεῖς;
1489 884 1536 912 καὶ
1561 883 1592 912 σὺ
1617 884 1664 922 μὲν
1687 884 1811 923 ἁρπάζων

1045 931 1091 958 οὐκ
1117 930 1306 969 ἀναίσχυντος·
1330 931 1426 961 ἐκεῖνος
1451 928 1479 958 δὲ
1501 928 1567 968 ὑπὲρ
1591 929 1670 969 ἄρτου
1693 929 1812 967 δεόμενος

1045 975 1231 1015 ἀναίσχυντος
1246 977 1303 1004 Οὐκ
1317 977 1410 1007 ἐννοεῖς
1423 974 1471 1010 ὅση
1487 976 1533 1008 τῆς
1545 974 1657 1014 γαστρὸς
1667 977 1684 1010 ἡ
1695 974 1813 1013 ἀνάγκῃ

1042 1021 1101 1061 οὐχὶ
1112 1022 1198 1051 πάντα
1218 1021 1260 1049 διὰ
1270 1023 1347 1050 τοῦτο
1365 1024 1462 1053 ποιεῖς;
1475 1021 1533 1060 οὐχὶ
1556 1022 1610 1049 τῶν
1627 1021 1811 1058 πνευματικῶν

1043 1067 1087 1096 διὰ
1095 1071 1171 1096 τοῦτο
1185 1069 1304 1105 ἀμελεῖς;
1321 1067 1379 1105 οὐχὶ
1397 1066 1504 1106 οὐρανὸς
1518 1065 1654 1105 πρόκειται
1668 1065 1714 1094 καὶ
1727 1067 1810 1104 οὖρα-

1043 1115 1094 1142 νῶν
1107 1112 1244 1151 βασιλεία;
1259 1112 1290 1141 σὺ
1303 1112 1329 1141 δὲ
1340 1112 1389 1146 τὴν
1404 1111 1505 1146 ἐκείνης
1518 1111 1641 1144 δεδοικὼς
1651 1110 1791 1151 τυραννίδα
1802 1131 1810 1147 ,

1042 1159 1130 1189 πάντα
1146 1158 1295 1197 ὑπομένεις,
1312 1158 1357 1186 καὶ
1372 1157 1473 1192 ἐκείνης
1487 1159 1515 1186 οὗ
1531 1161 1720 1197 καταφρονεῑς;
1735 1156 1809 1191 Αὕτη

1043 1205 1112 1235 ἐστὶν
1130 1204 1311 1243 ἀναισχυντία.
1329 1206 1389 1243 Οὐχ
1409 1205 1471 1243 ὁρᾷς
1493 1203 1617 1243 γέροντας
1642 1203 1810 1243 ἀνατιῆρουςς

1043 1251 1125 1287 Ἀλλ’,
1140 1251 1162 1279 ὦ
1177 1253 1224 1285 τῆς
1233 1250 1377 1290 ληρωδίας·
1389 1252 1402 1278 ὁ
1413 1250 1483 1278 δεῖνα
1494 1272 1501 1285 ,
1513 1249 1594 1288 φησὶ,
1608 1248 1732 1278 τοσούσδε
1744 1259 1810 1288 χρυ-

1043 1299 1102 1330 σοῦς
1117 1297 1238 1330 δανείζει·
1254 1298 1268 1324 ὁ
1280 1297 1351 1324 δεῖνα
1362 1295 1390 1324 δὲ
1404 1294 1504 1330 τόσους,
1518 1294 1564 1323 καὶ
1578 1296 1689 1324 ἐπαιτεῖ.
1702 1295 1812 1324 Παίδων

1043 1344 1143 1381 μικρῶν
1156 1341 1250 1378 μύθους
1267 1342 1398 1378 διηγεῖσθε
1414 1340 1459 1369 καὶ
1473 1340 1568 1379 λήρους
1577 1351 1584 1358 ·
1597 1339 1643 1369 καὶ
1657 1339 1708 1379 γὰρ
1716 1341 1810 1370 ἐκεῖνοι

1041 1387 1163 1417 τοιούτων
1178 1387 1219 1415 ἀεὶ
1232 1387 1319 1424 μύθων
1333 1386 1406 1425 παρὰ
1417 1388 1464 1421 τῆς
1477 1386 1589 1419 τιτθίδος
1603 1385 1753 1415 ἀκούωσιν.
1769 1387 1810 1416 Οὖ

1041 1433 1167 1470 πείθομαι
1176 1455 1183 1468 ,
1199 1433 1227 1461 οὐ
1239 1432 1356 1461 πιστεύω
1365 1454 1372 1468 ,
1387 1431 1423 1470 μὴ
1433 1431 1542 1470 γένοιτο.
1557 1431 1677 1465 Δανείζει
1688 1444 1728 1464 τις
1737 1454 1744 1468 ,
1764 1431 1810 1460 καὶ

1041 1481 1067 1508 ἐν
1082 1478 1190 1517 ἀφθονίᾳ
1202 1478 1237 1506 ὧν
1251 1481 1405 1517 προσαιτεῖ;
1417 1477 1485 1509 τίνος
1497 1476 1593 1513 ἕνεκεν,
1603 1477 1661 1506 εἶπέ
1675 1489 1735 1515 μοις
1744 1477 1771 1506 τί
1782 1478 1810 1506 δὲ

1041 1523 1268 1564 ἀσχημονέστερον
1282 1527 1328 1552 τοῦ
1345 1525 1476 1559 ἐπαιτεῖν;
1488 1526 1609 1561 κρεῖσσον
1626 1523 1775 1558 ἀποθανεῖν,
1792 1522 1810 1557 ἢ

1040 1572 1165 1599 ἐπαιτεῖν.
1176 1570 1266 1609 Μέχρι
1279 1569 1347 1602 τίνος
1356 1570 1464 1603 ἀπηνεῖς
1476 1569 1571 1607 ἓσμενς
1589 1569 1614 1600 T
1617 1567 1625 1596 ί
1635 1563 1678 1596 οῧν
1689 1579 1697 1605 ;
1713 1567 1810 1601 πάντες

1041 1614 1200 1650 δανείζουσι;
1217 1614 1312 1646 πάντες
1327 1613 1443 1642 ἔπιθι-ἔται
1463 1612 1544 1649 εἷσίν;
1564 1612 1646 1645 οὐδεὶς
1666 1611 1746 1647 πένης
1766 1611 1810 1640 ὄν·

1087 1712 1100 1731 t»
1118 1707 1244 1740 [Interpr.
1260 1715 1309 1731 rec.
1324 1707 1498 1738 πάπςταῦτα]

671 1814 846 1844 MUTIANO
867 1815 1116 1845 SCHOLASTICO
1137 1813 1388 1845 INTERPRETE.

249 1921 293 1942 tur
307 1923 339 1941 ex
355 1913 486 1951 generosis
497 1923 561 1949 esse,
577 1913 626 1942 isto
643 1914 723 1943 modo
743 1914 910 1954 interpellat:
925 1915 948 1944 si
963 1916 1113 1945 viderimus
1130 1916 1157 1944 in
1171 1915 1303 1944 contrario
1314 1914 1420 1947 habitu,
1435 1920 1460 1942 et
1474 1913 1551 1942 illum
1567 1913 1718 1954 culpamus.
1735 1913 1809 1951 Quid

251 1966 330 1998 agant
342 1958 375 1987 de
382 1959 494 1988 caetero?
503 1961 527 1989 O
538 1959 682 1989 crudelitas
691 1960 868 2000 etsupinitas!
884 1962 982 1998 Quare,
995 1962 1095 2000 inquis,
1103 1961 1188 2000 aliqui
1202 1961 1321 1989 membra
1329 1970 1375 1988 sua
1385 1958 1523 1988 denudant
1531 1959 1544 1987 Ξ)
1553 1959 1665 1998 Propter
1672 1959 1716 1988 te':
1723 1959 1746 1988 si
1756 1959 1809 1988 mi-

257 2006 404 2035 seri‹·0rdes
417 2017 534 2035 essemus
548 2007 621 2042 istis,
641 2007 679 2036 eis
693 2008 796 2037 artibus
817 2019 885 2048 opus
899 2019 952 2038 non
975 2017 1061 2038 essct:
1077 2010 1099 2038 si
1121 2009 1208 2049 prima
1224 2007 1435 2047 interpellatione
1455 2006 1654 2046 persuasissent,
1669 2016 1722 2035 non
1735 2013 1808 2035 tanta

251 2060 400 2082 commenta
417 2054 605 2092 exquisissent.
619 2055 687 2089 Quis
704 2062 743 2084 est
759 2055 796 2084 ita
809 2056 906 2093 miser,
921 2063 952 2085 ut
967 2057 1033 2086 velit
1045 2063 1150 2085 tantum
1164 2056 1288 2091 clamare,
1299 2061 1330 2083 ut
1340 2054 1405 2082 velit
1416 2053 1451 2082 ad
1465 2053 1647 2082 confusionem
1660 2053 1767 2090 venire,
1777 2059 1810 2081 ut

249 2101 314 2129 velit
328 2101 436 2140 publice
448 2101 603 2140 deplorare,
615 2112 676 2130 cum
695 2101 767 2130 nuda
781 2103 905 2141 conjuge,
918 2113 980 2132 cum
995 2103 1082 2132 filiis?
1097 2104 1161 2132 Haec
1183 2113 1234 2141 qua
1255 2108 1410 2142 paupertate
1427 2111 1478 2129 non
1493 2107 1554 2129 sunt
1568 2100 1682 2140 pejora?
1694 2099 1747 2130 Sed
1759 2110 1809 2140 pro

250 2147 292 2177 his
306 2159 356 2177 non
373 2147 458 2176 solum
478 2148 690 2177 misericordiam
709 2148 810 2177 nullam
823 2160 839 2178 a
849 2149 929 2178 vohis
942 2151 1090 2190 accipiunt,
1101 2150 1187 2190 magis
1201 2156 1290 2178 autem
1303 2148 1383 2178 ctiam
1393 2154 1560 2177 accusantur.
1573 2147 1669 2176 Adhuc
1683 2154 1771 2176 antem
1783 2154 1810 2176 et

250 2195 436 2234 indignamur,
447 2195 573 2233 quoniam
590 2197 678 2225 Deum
691 2203 827 2235 precantes
841 2207 892 2225 non
908 2198 1070 2227 exaudimur
1083 2210 1090 2226 ε
1106 2198 1195 2227 adhuc
1210 2197 1328 2236 graviter
1340 2195 1459 2232 serimus,
1473 2194 1600 2234 quoniam
1611 2205 1663 2223 non
1679 2194 1810 2234 impetra-

251 2253 310 2271 mus
324 2249 456 2282 rogantes.
469 2244 529 2273 Non
544 2244 785 2281 contremiscimus,
797 2244 988 2273 dilectissimi?
999 2244 1052 2273 Sed
1068 2244 1166 2284 saepius
1180 2243 1240 2272 dedi
1250 2266 1258 2280 ,
1268 2243 1365 2282 inquis.
1378 2243 1422 2271 Tu
1437 2249 1526 2271 autem
1540 2252 1594 2271 non
1605 2252 1709 2281 semper
1719 2251 1810 2270 vesce-

250 2290 306 2319 ris}J
317 2289 462 2319 infantulos
477 2297 566 2319 autem
580 2290 677 2330 saepius
693 2298 810 2330 petentes
829 2302 880 2320 non
896 2291 1031 2321 advocas?
1045 2292 1069 2320 Ο
1084 2290 1291 2321 inverecundia!
1308 2300 1453 2330 pauperem
1473 2288 1684 2319 inverecundum
1706 2287 1809 2317 vocas?

250 2343 280 2364 tu
293 2336 398 2375 rapiens
410 2346 463 2365 non
476 2346 504 2365 es
517 2336 729 2374 inverecundus,
740 2337 785 2366 ille
800 2344 888 2367 autem
909 2348 958 2377 pro
977 2349 1045 2377 pane
1058 2338 1219 2378 deprecans,
1229 2336 1425 2366 inverecundus
1437 2335 1597 2376 judicatur?
1607 2335 1667 2364 Non
1680 2335 1809 2374 intelligis

251 2389 351 2420 quanta
363 2389 401 2411 est
415 2383 554 2412 necessitas
568 2383 689 2412 ventris?
704 2394 790 2413 nonne
803 2384 892 2413 omnia
908 2392 1045 2424 propterca
1059 2385 1144 2414 facis?
1159 2395 1245 2414 nonne
1257 2383 1408 2424 spiritualia
1423 2389 1532 2422 propter
1547 2382 1597 2411 hoc
1609 2381 1743 2420 negligis?
1752 2391 1805 2410 non

253 2428 346 2456 caelum
359 2429 407 2456 tibi
424 2429 591 2468 propositum
605 2436 654 2465 est,
668 2436 695 2458 et
709 2439 821 2468 regnum
835 2430 961 2459 caelorum
973 2431 986 2459 ‚⁹
1000 2438 1027 2460 tu
1044 2438 1133 2460 autem
1148 2431 1250 2460 ventris
1265 2431 1361 2459 timens
1378 2428 1547 2469 tyrannidem
1558 2450 1566 2465 ‚
1579 2426 1668 2457 omnia
1682 2427 1807 2465 sustines,

256 2479 281 2500 et
296 2473 340 2501 illa
356 2475 509 2503 contemnis.
525 2475 588 2504 ttaec
601 2482 640 2504 est
654 2475 852 2505 inverecundia.
867 2478 891 2506 Ο
904 2476 1025 2507 vanitas!
1038 2477 1103 2514 Ille,
1118 2477 1225 2516 inquis,
1239 2483 1325 2506 tantos
1339 2485 1432 2506 aureos
1451 2475 1604 2511 foeneratur‚
1617 2472 1664 2501 ille
1675 2479 1770 2510 tantos,
1781 2480 1809 2502 et

254 2518 394 2548 mendicat.
412 2522 558 2550 Puerorum
571 2522 612 2551 hae
625 2522 722 2552 sabulae
736 2529 811 2561 sunt,
822 2530 847 2552 et
860 2524 991 2553 vanitates
1003 2535 1009 2552 τ
1023 2525 1119 2554 etenim
1134 2524 1211 2564 pueri
1226 2525 1291 2553 tales
1301 2523 1405 2552 tabutas
1416 2532 1431 2550 a
1444 2520 1594 2550 nutricibus
1608 2519 1731 2549 audiunt.
1745 2521 1804 2549 Non

256 2565 321 2594 mibi
337 2566 521 2604 persuadetur,
536 2578 587 2596 non
601 2569 689 2604 eredo,
706 2569 786 2599 absit.
808 2570 847 2598 Ad
869 2581 976 2600 usuram
995 2571 1041 2600 dat
1062 2571 1133 2610 quis,
1146 2578 1170 2600 ct
1186 2571 1212 2599 in
1234 2569 1397 2599 abundantia
1411 2567 1570 2597 constitutus
1584 2565 1740 2596 mendicat?
1751 2575 1805 2605 qua
