1886 2846
459 192 490 214 tx
520 192 626 214 livtST.

100 253 147 289 τὴν
166 254 315 294 παρρησίαν
336 254 380 282 καὶ
399 255 428 283 τὸ
448 254 575 294 καύχημα
598 256 644 289 τῆς
664 254 768 287 ἐλπίδος
790 254 868 293 μέχρι

98 300 188 333 τέλους
206 300 316 339 peecatum
335 300 521 339 κατάσχωμεν.
534 301 667 330 Ἐνταῦθα
685 300 765 329 πάλιν
779 299 869 332 αὐτοὺς

98 346 240 385 προτρέπει
261 346 369 375 ἑστάναι
391 347 532 385 γενναίως,
556 347 601 375 καὶ
626 346 662 385 μὴ
685 346 870 375 καταπίπτειν.

99 387 181 425 Οἶκος
204 391 271 431 γὰρ,
294 393 386 432 φησὶν,
414 393 526 431 ἐσόμεθα
548 397 594 422 τοῦ
617 394 704 428 Θεοῦ,
725 392 815 432 ὥσπερ
838 388 869 428 ἦν

99 439 230 475 Mustio-Rq,
255 439 352 479 ἐάνπερ
377 439 425 475 τὴν
452 440 603 479 παρρησίαν
626 440 671 468 καὶ
690 440 720 469 τὸ
742 439 870 479 καύχημα

100 487 147 519 τ’ῆς
172 484 276 518 ἐλπίδος
307 486 386 525 μέχρι
411 485 500 518 τέλους
529 485 638 524 §etiaim
671 486 869 525 ›tardes-musis·

101 530 170 560 ὥστε
184 534 198 560 6
220 533 307 571 ἀλγῶν
328 534 354 561 ἐν
375 537 429 565 τοῖς
448 537 605 572 πειρασμοῖς
619 533 664 562 καὶ
678 533 869 566 καταπίπτων,

101 579 130 608 οὗ
151 584 285 618 καυχᾶται
296 591 301 597 ·
315 582 329 608 6
342 579 542 618 αἰσχυνόμενος,
561 581 574 608 6
593 579 785 619 κρυπτόμενος,
801 580 869 617 παῤ-

103 625 195 664 ῥησίαν
219 627 265 655 οὐκ
287 626 342 665 ἔχει
355 637 361 644 ·
381 628 394 655 ὁ
409 626 495 655 ἀλύων
519 627 547 655 οὗ
569 631 712 665 καυχᾶται.
738 621 804 654 Εἶτα
825 626 870 654 καὶ

101 672 261 710 ἐγκωμιάζει
282 671 374 705 αὐτοὺς
398 672 480 711 λέγων
494 684 499 689 ·
512 672 630 711 Ἐάνπερ
652 672 699 707 τὴν
719 672 870 711 παρ’ῥησίαν

101 717 146 745 καὶ
169 717 199 746 τὸ
219 718 347 757 καύχημα
366 720 413 753 -ι-’ἧς
432 718 536 751 ἐλπίδος
554 718 634 758 μέχρι
653 718 742 750 τέλους
760 718 869 756 pegasum

101 762 280 802 nottoizrkmuev
293 775 298 781 ·
321 763 419 797 δεικνὺς
434 764 475 792 ὅτι
498 765 543 793 καὶ
564 764 685 803 ἤρξαντο.
709 766 756 793 Δεῖ
778 764 804 793 δὲ
826 766 871 793 καὶ

101 811 147 836 τοῦ
164 808 270 844 τέλους,
294 810 339 839 καὶ
360 812 409 850 οὐχ
423 811 512 844 ἁπλῶς
531 811 654 845 ἑστάναι,
672 810 740 839 ἀλλὰ
761 811 871 849 βεὸαίαν

101 854 173 893 ἔχειν
188 855 235 891 τὴν
251 856 347 885 ἐλπίδα
363 858 389 886 ἐν
401 858 568 898 πληροφορίᾳ
583 857 712 893 πίστεως,
730 857 766 895 μὴ
783 869 872 897 παρα-

101 901 290 939 σαλευομένους
302 903 352 931 ὑπὸ
364 905 416 931 τῶν
428 905 594 943 πειρασμῶν.
608 904 660 932 Καὶ
675 903 712 941 μὴ
724 903 871 941 θαυμάσῃς,

101 948 125 975 εἷ
146 948 378 989 ἀνθρωπινώτερον
401 949 446 985 τὸ,
467 950 550 982 Αὐτὸς
574 949 738 989 πειρασθεὶς,
755 949 870 988 εἴρηται.

101 995 136 1023 Ei
149 994 200 1034 γὰρ
211 995 272 1035 περὶ
286 997 331 1023 τοῦ
343 996 464 1034 Πατρὸς,
478 999 525 1026 τοῦ
541 995 579 1033 μὴ
599 995 778 1034 σαρκωθέντος
792 995 871 1034 φησὶν

101 1043 118 1075 ἡ
146 1041 257 1080 Γραφὴ,
272 1040 324 1070 Ἐκ
348 1044 394 1070 τοῦ
419 1044 528 1081 οὐρανοῦ
545 1041 665 1080 διέκοψεν
683 1042 697 1069 6
712 1040 809 1080 Κύριος
827 1041 871 1070 καὶ

101 1081 152 1114 εἶδε
167 1086 267 1119 πάντας
281 1086 340 1120 τοὺς
363 1087 432 1120 υἱοὺς
448 1089 500 1116 τῶν
517 1086 678 1127 ἀνθρώπων,
701 1086 871 1120 *τουτέστιῃ

100 1132 216 1170 ἅκριδῶς
242 1133 330 1162 πάντα
354 1133 486 1172 κατέμαθε
509 1145 515 1150 ·
549 1133 593 1162 καὶ
621 1133 718 1168 πάλιν,
746 1133 873 1165 Koma<

100 1179 200 1217 ὄψομαι
216 1181 239 1208 εἷ
260 1179 328 1208 κατὰ
349 1180 397 1215 τὴν
420 1180 539 1219 κραυγὴν
560 1181 646 1208 αὐτῶν
669 1179 871 1208 συντελοῦνται·

101 1225 146 1254 καὶ
161 1226 250 1262 πάλιν,
265 1227 306 1255 Οὐ
319 1226 428 1255 δύναται
442 1226 529 1266 φέρειν
542 1229 556 1255 6
571 1226 638 1258 Θεὸς
654 1225 700 1258 τὰς
712 1225 807 1257 κακίας
819 1228 871 1254 τῶν

103 1271 247 1311 ἀνθρώπιον
261 1285 266 1291 -
283 1272 314 1301 τὸ
334 1272 400 1302 πολὺ
417 1275 464 1308 τῆς
477 1275 557 1313 ὀργῆς
581 1272 765 1310 ἐνδεικνυμένη
781 1274 797 1307 ἡ
815 1272 872 1301 θεία

103 1319 125 1347 Γ
128 1318 196 1358 ραφή
211 1330 217 1336 ·
235 1320 326 1359 πολλῷ
350 1320 450 1359 μᾶλλον
473 1320 534 1359 περὶ
555 1323 601 1348 τοῦ
617 1320 734 1358 Χριστοῦ
756 1321 801 1347 τοῦ
826 1318 871 1347 καὶ

102 1366 229 1398 παθόντος
250 1367 276 1394 ἐν
294 1367 372 1406 σαρκὶ
388 1366 498 1405 λέγοιντ’
510 1366 540 1395 ἂν
555 1370 638 1396 ταῦτα
658 1365 692 1394 τὰ
707 1366 872 1405 ἀνθρωπινο-

102 1413 185 1446 παθῆ.
200 1412 313 1447 Ἐπειδὴ
334 1411 385 1452 γὰρ
401 1411 494 1441 πολλοὶ
514 1414 566 1440 τῶν
588 1411 732 1451 ἀνθρώπων
747 1411 795 1447 τὴν
810 1415 872 1440 πεῖ-

104 1469 151 1496 ραν
166 1457 272 1487 πάντων
288 1453 354 1486 εἶναι
370 1458 527 1497 πιστοτέραν
539 1458 674 1495 νομίζουσι
685 1459 750 1498 πρὸς
765 1460 873 1497 γνῶσιν,

104 1504 229 1542 βούλεται
246 1504 343 1541 δεῖξαι,
359 1505 400 1533 ὅτι
415 1507 429 1533 6
446 1503 539 1533 παθὼν
555 1500 608 1533 οἶδε
624 1504 649 1532 τί
664 1504 763 1543 πάσχει
784 1507 800 1539 ἡ
824 1505 872 1533 ἆν-

103 1551 220 1589 θρωπίνη
242 1551 333 1591 φύσις,
347 1551 445 1588 υΟθεν,
469 1551 561 1591 φησὶν,
587 1551 693 1591 ἀδελφοὶ
722 1551 801 1590 ἅγιοι,
819 1552 872 1587 Τὸ,

101 1596 201 1630 ”Οθεν,
217 1598 274 1627 ἀντὶ
290 1601 349 1632 τοῦ,
373 1598 417 1627 διὰ
437 1601 527 1630 τοῦτο,
544 1597 617 1637 φησί.
644 1598 771 1633 Κλήσεως
791 1600 872 1627 ἐπου-

105 1644 192 1682 ρανίου
210 1644 328 1684 μέτοχοι.
343 1643 435 1679 Μηδὲν
461 1644 547 1673 τοίνυν
571 1645 685 1673 ἐνταῦθα
713 1646 822 1679 ζητῆτε,
849 1647 871 1674 εἰ

137 1736 149 1747 ¹¹
170 1735 244 1769 [Haec
255 1755 260 1765 ‚
276 1738 391 1762 τουτέστιν
395 1753 444 1760 .....
457 1739 586 1768 κατέμαθε,
601 1741 627 1760 et
638 1736 751 1767 proxima
765 1740 802 1761 καὶ
815 1740 860 1762 πά-

105 1778 147 1805 λιν,
173 1777 197 1800 οὐ
219 1777 310 1801 δύναται
324 1793 372 1800 .....
388 1779 400 1803 ἡ
423 1778 470 1800 θεία
490 1782 582 1809 γραφή.
604 1776 670 1800 inter
689 1783 767 1799 uncos
787 1774 862 1799 habet

656 193 700 214 ΑΙ)
728 192 882 214 ΗΕΒΒΕΟΞ
890 207 896 213 .

926 191 1003 214 cai».
1034 191 1081 214 ιιι.
1112 191 1229 214 nonu..
1263 192 1296 213 v.
1622 194 1666 228 π)

922 260 1044 293 paternas
1060 254 1211 292 ingreditur
1228 260 1255 282 ut
1273 254 1369 288 Filius,
1383 254 1425 282 hic
1442 264 1503 282 iero
1520 261 1547 282 ut
1563 266 1664 283 sot-xus.

923 300 1013 338 Cujus
1029 300 1132 329 domus
1148 310 1248 329 simzus
1270 310 1333 336 nos,
1350 300 1529 339 sifidioiam
1554 306 1581 328 et
1603 301 1666 339 glo-

922 348 997 374 riam
1016 348 1077 385 spei
1091 356 1182 385 usque
1192 346 1233 374 ad
1235 346 1331 385 Jinem
1335 346 1460 385 firmam
1477 348 1663 375 retineamus.

922 393 973 422 Hic
985 404 1077 422 rursus
1088 404 1132 422 eos
1143 393 1266 422 hortatur
1280 400 1309 422 ut
1321 393 1424 422 fortiter
1432 393 1566 429 resistant,
1575 400 1600 422 et
1613 405 1663 421 nor.

923 439 1027 468 cadant.
1036 441 1140 469 Domus
1150 439 1335 478 enim‚inquit‚
1345 440 1445 468 erimus
1458 440 1516 476 Dei,
1527 440 1597 468 sicut
1610 448 1665 468 erat

924 489 1043 527 Moyses,
1054 488 1076 516 si
1089 487 1218 517 fiduciam
1229 495 1254 517 et
1266 488 1321 527 spei
1337 488 1523 526 gloriationem
1537 499 1620 526 usque
1631 487 1666 516 ad

923 533 1004 562 finem
1026 533 1133 562 firmam
1154 533 1322 562 retineamus.
1345 533 1400 568 Qui
1425 533 1517 562 dolore
1543 533 1663 571 quidem.

924 579 1022 618 inquit,
1039 580 1157 608 afficitur
1171 580 1198 608 in
1212 580 1414 613 tentationibus,
1431 586 1456 608 et
1468 580 1557 608 animo
1573 580 1664 608 conci-

924 625 980 661 dit,
995 636 1048 654 non
1059 625 1208 665 gloriatur:
1223 626 1269 665 qui
1283 626 1388 666 pudore
1402 625 1581 662 suffunditur,
1599 632 1623 654 et
1640 636 1666 653 s(-

924 672 1074 708 abscondjt‚
1084 683 1134 702 non
1149 673 1229 702 habet
1242 673 1387 702 fiduciam:
1397 673 1443 711 qui
1456 679 1494 702 est
1507 672 1602 708 tristis,
1614 683 1665 701 non

925 718 1065 757 gloriatur.
1079 717 1182 748 Deinde
1198 729 1242 748 eos
1256 730 1362 758 quoque
1386 718 1494 755 laudat,
1517 718 1609 747 dicens
1620 731 1625 745 z
1637 719 1667 747 Si

924 764 1065 802 fiduciam
1079 771 1106 793 et
1116 765 1322 804 gloriationem
1346 767 1406 803 spei
1420 775 1510 804 usque
1524 765 1563 793 ad
1570 765 1667 804 finem

917 811 1044 849 firmam
1057 813 1234 840 retineamus
1240 824 1250 845 ;
1261 811 1402 840 ostendens
1409 811 1465 850 jam
1477 811 1538 840 illos
1548 811 1668 850 coepisse.

928 857 992 886 Fine
1010 864 1099 886 autem
1114 864 1152 886 est
1167 868 1246 897 opus,
1263 865 1287 887 et
1302 868 1353 886 non
1369 858 1457 886 solum
1471 864 1574 897 oportet
1587 865 1667 895 stare,

885 930 910 947 55
926 903 972 932 sed
986 905 1067 933 etiam
1078 905 1184 933 firmam
1201 912 1226 933 et
1237 906 1361 934 stabilem
1375 905 1474 934 habere
1484 916 1560 944 spem
1572 905 1599 934 in
1615 916 1670 934 cer-

890 957 909 978 Α
927 950 1044 979 titudine
1054 951 1248 985 fidei‚minime
1257 952 1429 981 labefactatos
1442 964 1456 981 a
1470 952 1670 981 tentationibus.

927 999 965 1026 Ac
981 1007 1014 1025 ne
1028 997 1142 1033 mireris,
1157 997 1178 1026 si
1194 997 1339 1028 humanius
1357 999 1438 1036 illud,
1452 1001 1518 1038 Ipse
1528 1006 1669 1036 tentatus,

925 1042 1042 1071 dicatur.
1056 1043 1086 1072 Si
1097 1044 1168 1071 enim
1182 1043 1215 1072 de
1225 1044 1303 1073 Patre
1313 1045 1359 1083 qui
1371 1056 1478 1074 carnem
1489 1056 1542 1074 non
1555 1046 1671 1085 suscepit

925 1088 991 1117 dicit
1005 1089 1155 1128 Scriptura,
1166 1091 1212 1118 De
1228 1091 1298 1118 coelo
1314 1094 1462 1130 prospexit
1478 1093 1633 1128 Dominus,
1644 1099 1672 1121 et

928 1137 1003 1164 vidit
1028 1146 1126 1165 omnes
1138 1137 1225 1176 filios
1246 1137 1397 1165 hominum
1406 1150 1417 1171 ,·
1430 1138 1480 1166 hoc
1503 1146 1560 1175 est,
1581 1139 1671 1167 omnia

925 1189 1018 1211 exacte
1032 1189 1057 1211 et
1071 1189 1196 1211 accurate
1205 1181 1300 1211 didicit
1310 1195 1317 1218 ;
1328 1188 1352 1211 et
1365 1194 1470 1221 rursus,
1483 1185 1671 1214 Descendens

925 1229 1047 1266 videbo,
1062 1240 1102 1258 an
1115 1230 1272 1258 secundum
1285 1230 1442 1258 clamorem
1456 1241 1554 1259 eorum
1564 1232 1618 1269 siat
1626 1244 1636 1265 ;
1648 1239 1673 1260 et

926 1287 1028 1313 rursus,
1041 1277 1109 1305 Non
1121 1283 1217 1315 potest
1228 1277 1309 1305 Deus
1318 1277 1398 1316 ferre
1409 1279 1485 1306 vitia
1499 1279 1648 1306 hominum
1663 1291 1670 1305 :

926 1322 1077 1363 Scriptura,
1094 1323 1220 1362 inquam,
1236 1322 1329 1352 divina
1350 1323 1396 1352 irae
1407 1323 1548 1353 ostendens
1562 1325 1671 1363 magni—

926 1369 1048 1399 tudinem
1060 1370 1161 1399 :multo
1173 1370 1260 1410 magis
1271 1370 1305 1399 de
1316 1371 1424 1400 Christo
1437 1371 1484 1410 qui
1499 1379 1537 1400 est
1552 1372 1578 1400 in
1595 1383 1672 1400 carne

927 1428 1021 1457 passus
1033 1417 1090 1446 haec
1103 1416 1240 1446 dicuntur.
1253 1418 1322 1446 Nam
1339 1418 1466 1456 quoniam
1486 1418 1566 1447 multi
1581 1419 1673 1448 homi-

892 1466 909 1488 Β
928 1474 974 1492 nes
998 1463 1154 1492 existimant
1177 1463 1373 1503 experientiam
1388 1475 1445 1493 esse
1461 1465 1587 1494 omnibus
1604 1465 1672 1494 fide-

927 1504 1022 1532 liorem
1039 1503 1074 1532 ad
1090 1503 1279 1543 cognitionem,
1297 1504 1357 1532 vult
1372 1504 1509 1534 ostendere
1533 1516 1594 1534 eum
1605 1528 1612 1542 ‚
1629 1506 1676 1544 qui

927 1558 967 1580 est
989 1561 1099 1591 passus,
1115 1561 1191 1580 nosse
1210 1550 1277 1590 quid
1292 1551 1411 1590 patiatur
1427 1551 1545 1581 humana
1570 1559 1674 1581 natura.

932 1599 1141 1638 Unde-fratres
1158 1600 1264 1627 sancti.
1286 1599 1381 1632 Unde,
1399 1597 1428 1626 id
1451 1605 1507 1635 est,
1525 1606 1675 1638 propterca,

931 1646 1098 1674 Vocationis
1114 1645 1236 1674 caelestis
1251 1646 1417 1684 participes.
1432 1645 1508 1674 Nihil
1530 1645 1574 1674 hic
1597 1657 1675 1685 qua:—

914 1735 1006 1768 83τὶῐῆ

509 1880 682 1910 MUTIANO
703 1880 959 1910 SCHOLASTICO
982 1880 1236 1910 INTERPRETE.

105 1973 151 2002 ille
166 1973 277 2012 quidem
289 1973 315 2001 in
331 1979 454 2013 paternas
469 1982 510 2001 res
523 1973 591 2001 sicut
606 1972 740 2001 Dominus
755 1971 915 2011 ingreditur,
930 1971 979 2000 iste
999 1978 1089 2000 autem
1105 1971 1175 2000 sicut
1189 1981 1282 2000 servus
1301 1973 1359 2002 Dei.
1373 1974 1486 2002 Domus
1502 1984 1602 2004 sumus
1615 1977 1672 2005 Dei

106 2031 169 2057 nos,
181 2024 207 2051 si
222 2022 338 2060 quidem
351 2021 504 2058 fiduciam,
517 2027 545 2049 et
557 2021 684 2060 gloriam
698 2022 758 2059 spei
771 2030 861 2059 usque
873 2021 904 2047 in
912 2019 1003 2057 finem
1007 2019 1133 2058 firmam
1146 2025 1306 2048 teneamus.
1321 2020 1371 2049 Hic
1383 2020 1480 2049 iterum
1493 2032 1536 2050 eos
1546 2022 1671 2051 hortatur

104 2075 174 2097 stare
187 2068 300 2102 fortiter,
313 2073 338 2095 et
349 2077 402 2095 non
416 2067 554 2095 subruere.
570 2067 674 2095 Domus
686 2066 787 2106 quippe
800 2066 850 2094 Dei
864 2065 973 2100 erimus,
988 2065 1061 2104 quod
1079 2072 1134 2094 erat
1150 2067 1248 2101 Moses,
1265 2065 1287 2094 si
1303 2066 1431 2095 fiduciam
1445 2074 1470 2096 et
1485 2067 1599 2106 gloriam
1613 2070 1669 2108 spei

104 2125 189 2153 usque
202 2114 236 2143 ad
252 2114 333 2143 fidem
347 2113 455 2142 firmam
472 2120 618 2142 teneamus.
634 2112 689 2148 Qui
704 2113 775 2141 enim
790 2112 874 2146 dolet,

892 2111 994 2150 inquit,
1009 2112 1036 2140 in
1050 2111 1250 2146 tentationibus,
1267 2119 1292 2140 et
1307 2113 1353 2151 qui
1368 2113 1484 2149 subruit,
1500 2124 1552 2142 non
1566 2115 1669 2153 gloria—

104 2168 150 2190 tur
162 2163 226 2200 :qui
240 2161 382 2194 erubescit,
395 2160 443 2199 qui
455 2160 641 2197 absconditur,
657 2159 786 2188 fiduciam
804 2170 855 2188 non
871 2158 950 2187 habet
962 2170 967 2186 :
980 2158 1027 2197 qui
1041 2157 1125 2194 dolet,
1142 2168 1193 2186 non
1209 2157 1349 2196 gloriatur.
1363 2158 1468 2187 Deinde
1482 2159 1574 2188 laudat
1588 2160 1668 2189 etium

104 2215 158 2244 eos,
170 2207 262 2237 dicens
275 2220 280 2236 :
293 2208 324 2237 Si
338 2208 453 2247 quidem
459 2208 609 2247 fiduciam
623 2213 651 2236 et
660 2207 786 2246 gloriam
801 2208 863 2244 spei
879 2217 969 2246 usque
983 2208 1014 2234 in
1025 2205 1122 2245 finem
1127 2205 1254 2244 firmam
1277 2212 1436 2235 teneamus.
1459 2206 1584 2236 Ostendit
1606 2207 1669 2246 quia

102 2256 159 2294 jam
173 2262 317 2294 coeperunt.
332 2256 444 2295 Oportet
458 2262 547 2284 autem
564 2266 648 2294 usque
662 2255 689 2284 in
705 2255 797 2292 finem,
812 2261 837 2283 et
850 2265 902 2283 non
917 2253 1077 2294 simpliciter
1089 2260 1172 2288 stare,
1188 2253 1235 2282 sed
1251 2253 1358 2282 firmam
1382 2254 1480 2283 habere
1492 2265 1567 2294 spem
1582 2255 1609 2284 in
1627 2266 1670 2284 sa-

105 2301 282 2331 tisfactionem
298 2302 362 2331 fidei
373 2313 424 2331 non
438 2310 584 2332 commotos
596 2314 611 2332 a
625 2302 828 2331 tentationibus.
840 2302 913 2331 Dicit
926 2301 998 2331 enim
1012 2301 1151 2341 Scriptura
1163 2300 1196 2329 de
1211 2301 1300 2337 Patre,
1316 2301 1362 2340 qui
1378 2312 1428 2330 non
1443 2309 1483 2330 est
1503 2302 1667 2337 incarnatus,

105 2348 152 2376 De
165 2349 237 2377 caelo
248 2350 396 2387 prospexit
411 2349 568 2385 Dominus,
579 2356 606 2378 et
621 2350 698 2378 vidit
713 2349 805 2377 Filios
817 2349 967 2377 hominum
979 2361 987 2376 :
998 2347 1050 2376 hoc
1070 2354 1119 2382 est,
1137 2347 1227 2376 omnia
1243 2347 1345 2386 integre
1357 2349 1502 2387 cognovit;
1519 2355 1545 2377 et
1559 2349 1667 2385 iterum,

104 2396 293 2425 Descendens
306 2396 436 2432 videam,
449 2398 607 2426 secundum
620 2397 777 2425 clamorem
788 2407 887 2425 eorum
894 2398 920 2426 si
933 2402 1125 2425 consumatur
1133 2408 1144 2429 ,·
1157 2402 1180 2424 et
1195 2395 1302 2431 iterum,
1313 2396 1381 2424 Non
1391 2402 1485 2435 potest
1496 2397 1578 2425 Deus
1591 2398 1670 2434 serre

105 2446 252 2482 nequitias
264 2445 425 2472 hominum.
442 2444 642 2474 Abundantiam
656 2444 701 2473 irae
716 2444 832 2473 ostendit
846 2444 987 2484 Scriptura
1006 2443 1108 2473 divina.
1126 2443 1215 2472 Multo
1238 2443 1324 2482 magis
1337 2443 1371 2472 de
1387 2443 1495 2472 Christo
1506 2467 1514 2480 ,
1529 2443 1575 2482 qui
1590 2444 1669 2473 etiam

104 2501 198 2531 passus
212 2492 290 2520 estin
306 2503 396 2527 carne,
412 2491 541 2521 dicuntur
556 2493 614 2522 ista.
627 2493 697 2528 Quia
708 2493 779 2521 enim
794 2492 934 2521 hominum
949 2492 1164 2532 experimentum
1178 2491 1304 2520 omnibus
1319 2491 1398 2520 rebus
1413 2491 1570 2520 credibilius
1583 2499 1670 2531 putat,

104 2546 130 2568 et
144 2539 339 2579 praescientiam
353 2540 413 2569 vult
427 2540 575 2575 ostendere,
589 2541 661 2577 Quia
675 2541 723 2580 qui
737 2551 830 2581 passus
843 2548 892 2576 est,
907 2541 967 2577 scit,
984 2540 1083 2578 inquit,
1098 2538 1163 2578 quid
1179 2539 1290 2579 patitur,
1304 2539 1356 2568 lioc
1369 2546 1416 2576 est,
1432 2539 1552 2568 humana
1567 2547 1670 2568 natura.

109 2587 206 2626 Quare
214 2588 323 2625 fratres
338 2590 443 2617 sancti.
462 2588 543 2624 Quod
557 2587 639 2625 dixit,
653 2589 761 2627 Quare,
778 2600 825 2628 pro
835 2595 999 2628 quapropter
1013 2588 1110 2627 posuit.
1122 2588 1290 2616 locutionis
1302 2594 1411 2616 sanctoe
1421 2589 1584 2626 participes.
1598 2587 1673 2616 Num

1684 1010 1822 1031 lleL1.2.1⁴3.

1685 1105 1743 1126 Pom!
1766 1105 1789 1126 13
1807 1111 1826 1124 3,.

1687 1200 1733 1219 Gari
1751 1196 1828 1218 182¹-

1686 1291 1827 1318 Experit'niia

1684 1325 1779 1343 multum
1801 1327 1826 1345 ι-,ιί

1684 1354 1791 1382 cognitio-

1685 1395 1733 1407 nk'ss‘·
1747 1394 1797 1407 cell·

1686 1418 1740 1439 seit.
