1886 2846
73 663 158 683 Mans.
178 669 212 689 ¹9-

73 699 97 713 2·
129 695 154 715 25

228 183 295 228 25⁴3
568 196 596 217 s.

227 266 254 283 rt·
275 266 304 283 ac
324 256 449 284 detincre.
462 256 501 284 lta
515 255 593 283 etiam
616 256 701 284 evenit
719 256 744 283 in
763 255 848 284 divite
866 268 871 283 τ
890 267 967 284 man-

227 301 313 340 cipia,
342 311 455 332 aurum,
480 300 590 339 praedia,
616 301 720 339 negotia
745 301 967 333 innumerabilia,

227 346 433 375 innumerabiles
456 345 666 379 sollicitudines,
688 356 828 378 aerumnae.
845 356 922 374 casus
942 353 968 374 et

225 393 390 420 necessitates
406 415 413 425 ,
445 392 565 419 efficiunt
589 398 616 419 ut
645 392 722 420 facile
737 391 797 430 capi
822 392 906 430 possit
935 391 970 419 ab

225 437 358 465 omnibus.

265 483 291 510 5.
313 483 397 511 Nemo
411 493 473 521 ergo
486 483 541 521 jam
557 483 692 511 existimet
710 489 893 522 paupertatem
910 493 967 512 esse

225 537 331 555 causam
346 527 473 556 infaniiae.
488 528 555 555 Nam
567 527 588 555 si
599 527 671 556 adsit
683 528 779 563 virtus,
791 538 882 557 omnes
893 528 966 557 orbis

225 580 356 602 terrarum
367 574 469 602 divitiae
482 584 513 602 ne
525 581 585 602 sunt
595 574 705 612 quidem
718 574 816 604 lutum.
827 585 874 603 nec
886 575 963 603 festu-

225 629 265 653 ca,
279 619 300 647 si
320 629 379 647 cum
398 629 425 647 ea
441 619 617 647 conferamur.
635 619 702 648 Eam
720 619 803 659 igitur
817 627 961 655 sectemur,
981 622 998 644 D

225 664 246 693 si
263 665 376 693 velimus
391 664 494 703 ingredi
506 674 616 703 regnum
626 665 760 694 caelorum.
774 666 872 694 Vende
882 665 963 700 enim,

224 708 327 746 inquit,
341 710 439 736 omnia
450 719 514 747 quoe
529 710 632 743 habes,
644 716 672 738 et
686 710 725 738 dn
736 711 920 748 pauperihus,
936 717 965 738 et

222 755 341 782 habebis
351 755 519 782 thesaurum
529 756 559 782 in
569 755 657 788 coel05
669 761 694 783 et
705 764 797 783 rursus
808 767 814 782 z
828 755 964 793 Difficile

220 806 262 827 est
279 801 398 828 divitem
409 801 521 828 intrare
533 802 564 828 in
579 811 700 840 regnum
715 801 862 829 coelorum.
878 800 963 830 Vides

220 844 291 882 quod
307 844 410 873 etiamsi
431 855 482 873 non
503 845 589 880 adsit,
608 856 666 874 eam
685 853 788 885 oportet
808 846 962 874 attrahere?

220 889 338 917 Tamum
352 889 452 917 bonum
467 896 505 918 est
520 896 664 929 paupertas
679 901 685 917 t
701 897 739 918 cst
753 890 823 918 enim
837 889 961 928 quaedam

218 935 346 964 deductio
365 935 399 964 ad
418 936 492 964 viam
513 947 572 974 quae
592 936 668 966 ducit
686 936 721 965 ad
737 937 849 973 caelum,
870 938 961 966 unctio

218 981 352 1018 athletica,
365 993 461 1021 magna
475 982 597 1021 quaedam
610 990 635 1011 et
647 983 813 1012 admirabilis
827 983 960 1011 exercita-

218 1028 269 1062 tio,
288 1035 382 1067 portus
399 1029 569 1067 tranquillus.
587 1028 639 1058 Sed
653 1029 757 1063 multis,
773 1030 877 1067 inquit,
890 1040 958 1069 opus

626 195 765 218 10³1*le
792 196 972 218 cnm'sos‘T.

967 1052 1002 1070 178
1013 1055 1018 1063 ¹

1004 198 1020 217 Α
1029 197 1158 219 neuim».
1188 198 1453 222 CONSTANTINOP-

1024 258 1116 295 ἀγροὶ,
1132 258 1213 297 μυρία
1223 259 1368 297 πράγματα
1379 282 1385 293 ,
1401 261 1492 299 μυρίαι
1503 263 1649 300 φροντίδες,
1665 264 1788 302 περιττοί

1023 315 1089 337 σεις,
1108 304 1220 341 ἀνάγκαι
1240 309 1320 333 πᾶσιν
1335 306 1412 334 αὐτὸν
1426 307 1580 346 εὐχείρωτον
1594 309 1754 348 ἐργάζονται,

1062 477 1162 511 Μηδεὶς
1183 477 1267 505 τοίνυν
1282 478 1372 506 λοιπὸν
1387 479 1434 512 τὴν
1448 479 1540 508 πενίαν
1563 481 1610 513 τῆς
1625 481 1731 518 ἀτιμίας
1745 482 1788 509 αἰ-

1020 522 1077 550 τίαν
1089 518 1155 551 εἶναι
1174 523 1312 560 νομιζέτω.
1330 523 1396 552 Ἐὰν
1412 523 1464 563 γὰρ
1484 523 1564 563 ἀρετὴ
1579 527 1651 564 παρῇ
1664 548 1671 561 ,
1686 526 1754 558 ἅπας
1773 528 1787 554 ὁ

1018 570 1066 603 τῆς
1079 568 1232 606 οἰκουμένης
1243 570 1352 602 πλοῦτος
1368 569 1426 598 οὐδὲ
1442 570 1525 604 πηλὸς
1534 592 1541 604 ,
1553 569 1611 598 οὐδὲ
1622 570 1720 609 κάρφος
1730 571 1785 600 ἐστὶ

1017 614 1081 652 πρὸς
1096 615 1186 649 αὐτήν.
1203 614 1311 649 Ταύτην
1327 615 1412 643 τοίνυν
1427 614 1573 652 διώκωμεν,
1589 616 1611 643 εἰ
1628 616 1785 653 βουλοίμεθα

1016 661 1142 690 εἰσελθεῖν
1164 662 1200 693 εἷς
1221 661 1270 695 τὴν
1295 661 1431 699 βασιλείαν
1446 663 1497 690 τῶν
1512 663 1638 701 οὐρανῶν.
1654 662 1784 696 Πώλησον

1015 707 1066 745 γάρ
1081 718 1126 735 σου
1138 729 1144 738 .
1172 707 1236 745 φησὶ
1250 728 1257 740 ,
1282 707 1315 735 τὰ
1329 707 1498 746 ὑπάρχοντα,
1525 707 1570 735 καὶ
1586 707 1628 740 δὸς
1651 711 1784 747 πτωχοῖς,

1016 753 1061 782 καὶ
1082 753 1147 786 ἕξεις
1160 753 1288 792 θησαυρὸν
1303 755 1329 782 ἐν
1342 755 1444 792 οὐρανῷ
1455 763 1460 769 ·
1474 754 1520 782 καὶ
1539 754 1630 789 πάλιν,
1652 753 1784 783 Δύσκολον

1015 798 1139 827 πλούσιον
1165 799 1289 827 εἰσελθεῖν
1312 800 1348 831 εἰς
1368 798 1415 833 τὴν
1439 799 1576 837 βασιλείαν
1589 801 1641 828 τῶν
1656 801 1780 839 οὐρανῶν.

1015 845 1097 883 (Ορᾷς
1108 844 1149 874 ὅτι
1162 844 1205 873 καὶ
1219 844 1255 882 μὴ
1274 848 1407 883 παροῦσαν
1423 845 1503 879 αὐτὴν
1518 845 1716 874 ἐπισπάσασθαι
1729 845 1783 880 δεῖ;

1014 890 1144 920 Τοσοῦτον
1162 891 1232 918 ε’στιν
1245 891 1340 928 ἀγαθὸν
1351 892 1368 924 ἡ
1383 890 1460 918 πενία
1470 899 1477 905 ·
1493 889 1657 929 χειραγωγία
1674 890 1726 928 γάρ
1744 890 1784 923 τίς

1013 939 1069 965 ἐστι
1083 939 1129 971 τῆς
1150 936 1214 975 πρὸς
1236 936 1279 964 τὸν
1295 936 1403 974 οὐρανὸν
1419 935 1546 974 φερούσης
1571 936 1629 963 ὁδοῦ
1642 956 1650 969 ‚
1663 935 1782 973 ἄλειμμα

1013 982 1165 1016 ἀθλητικὸν,
1178 981 1313 1019 γυμνασία
1327 993 1365 1014 τις
1386 982 1491 1019 μεγάλη
1511 981 1556 1009 καὶ
1570 980 1725 1019 θαυμαστὴ,
1742 982 1782 1009 λι-

1014 1027 1065 1061 ιιὴν
1081 1027 1213 1060 εὖδιεινός.
1231 1027 1309 1055 Ἀλλὰ
1333 1027 1424 1066 χρείαν
1439 1026 1492 1065 ἔχω
1506 1028 1620 1062 πολλῶν,
1636 1026 1715 1065 φησὶ,
1736 1027 1782 1056 καὶ

217 1073 317 1109 habeo,
331 1084 379 1102 nec
392 1074 454 1102 volo
467 1074 568 1102 donum
583 1074 728 1112 gratuitum
739 1074 773 1102 ab
785 1075 876 1112 aliquo
890 1075 958 1103 acci·
976 1080 995 1101 Α
1012 1074 1040 1100 οὐ
1057 1073 1185 1110 βούλομαί
1198 1085 1267 1106 τινος
1280 1073 1359 1112 χάριν
1378 1073 1468 1101 λαὸεῖν
1479 1082 1485 1088 ·
1502 1072 1570 1101 ἀλλὰ
1584 1072 1629 1101 καὶ
1654 1074 1681 1101 ἕν
1696 1072 1780 1112 τούτῳ

217 1130 288 1159 pere.
299 1121 354 1150 Sed
365 1122 392 1149 in
406 1121 458 1149 hoc
469 1131 575 1159 quoque
586 1121 664 1159 longe
673 1121 761 1149 minus
772 1131 853 1159 quam
863 1128 890 1149 tu
903 1121 957 1149 ha-

216 1166 260 1195 bet
274 1167 358 1196 dives.
372 1167 440 1196 Nam
455 1173 483 1195 tu
499 1167 608 1205 quidem
624 1168 742 1203 fortasse,
756 1174 786 1195 ut
799 1167 895 1202 alaris,
906 1168 956 1197 tibi

215 1213 319 1252 aliquid
333 1214 427 1243 donari
445 1214 513 1253 petis
529 1227 534 1242 :
549 1214 595 1242 ille
607 1221 694 1242 autem
709 1214 878 1253 impudenter
892 1216 958 1255 petit

216 1270 265 1297 pro
283 1259 362 1288 rebus
381 1259 640 1294 innumerabilibus,
655 1266 678 1287 et
696 1266 725 1287 ut
742 1260 802 1298 plus
815 1271 895 1298 quam
910 1261 956 1289 alii

216 1305 360 1344 possideat.
378 1306 559 1340 Quamobrem
575 1305 674 1334 divites
686 1316 755 1344 saepe
767 1305 858 1334 multis
870 1313 956 1344 egent.

217 1351 290 1386 Quid
307 1351 368 1380 dico
383 1352 498 1380 multis?
515 1362 584 1390 saepe
599 1352 631 1379 iis
648 1362 707 1389 quae
721 1351 786 1390 ipsis
803 1359 864 1380 sunt
881 1351 956 1380 indi-

217 1407 268 1434 gna
288 1409 294 1424 :
313 1404 342 1425 ut
356 1397 472 1436 exempli
493 1408 586 1427 causa.
605 1407 674 1436 saepe
691 1397 808 1435 indigent
823 1397 958 1426 militibus

217 1442 262 1480 qui
275 1449 337 1471 sunt
352 1443 378 1471 in
394 1443 512 1471 ordinem
523 1443 609 1476 relati,
623 1449 647 1471 et
659 1442 774 1480 quisunt
788 1442 869 1471 servi.
883 1443 957 1471 Pau-

217 1500 265 1528 per
279 1497 366 1518 autem
383 1500 413 1518 ne
430 1490 487 1530 ipso
500 1490 608 1528 quidem
626 1496 683 1528 eget
698 1500 773 1528 rege;
789 1496 815 1518 et
832 1491 854 1518 si
867 1497 957 1528 egeat,

1011 1130 1056 1146 σου
1080 1121 1093 1146 ὁ
1115 1118 1236 1151 πλούσιος
1257 1118 1419 1152 ἠλάττωται.
1436 1117 1474 1147 Σὺ
1498 1117 1544 1155 μὲν
1559 1117 1610 1156 γὰρ
1628 1117 1691 1151 ἴσως
1713 1117 1780 1157 ὓπὲρ

1009 1166 1107 1202 τροφῆς
1129 1164 1176 1198 τὴν
1200 1165 1279 1203 χάριν
1301 1166 1399 1196 αἰτεῖς·
1421 1165 1518 1195 ἐκεῖνος
1544 1163 1571 1192 δὲ
1591 1163 1657 1202 ὑπὲρ
1679 1163 1779 1203 μυρίων

1010 1211 1190 1248 ἀναιτιυντῶν
1209 1209 1384 1249 πραγμάτων,
1400 1209 1466 1248 ὑπὲρ
1480 1208 1640 1241 πλεονεξίας.
1656 1208 1742 1237 Ὥστε
1755 1211 1779 1237 οἱ

1010 1254 1130 1283 πλούσιοί
1142 1256 1205 1284 εἰσιν
1221 1257 1244 1283 οἱ
1256 1256 1360 1283 πολλῶν
1379 1254 1506 1292 δεόμενοι.
1518 1254 1554 1282 Τί
1569 1254 1638 1291 λέγω
1658 1255 1780 1289 πολλῶν;

1010 1300 1054 1329 καὶ
1068 1300 1179 1333 ἀναξίων
1196 1302 1295 1328 ἑαυτῶν
1310 1300 1438 1332 πολλάκις
1451 1308 1456 1313 ’
1479 1295 1531 1328 οἶόν
1546 1311 1572 1328 τι
1586 1299 1655 1338 λέγω
1664 1322 1672 1335 ‚
1686 1301 1738 1328 τῶν
1753 1301 1779 1328 ἐν

1010 1351 1067 1378 ταῖς
1087 1346 1175 1378 τάξεσι
1197 1347 1366 1384 στρατιωτῶν
1386 1345 1431 1374 καὶ
1446 1345 1542 1374 δούλων
1557 1345 1637 1374 ὄντων
1651 1345 1780 1378 πολλάκις

1010 1393 1037 1420 ἐν
1051 1391 1128 1430 χρείᾳ
1148 1392 1329 1420 καθίστανται.
1345 1391 1379 1421 ‘O
1401 1391 1427 1420 δὲ
1439 1391 1519 1427 πένης
1533 1391 1591 1420 οὐδὲ
1603 1392 1682 1420 αὐτοῦ
1695 1392 1779 1420 δεῖται

1010 1440 1055 1466 τοῦ
1072 1437 1214 1475 βασιλέως,
1237 1437 1286 1465 κᾶν
1307 1437 1402 1476 δεηθῇ,
1424 1437 1585 1474 θαυμάζεται
1599 1436 1640 1465 ὅτι
1654 1437 1690 1469 εἷς
1702 1438 1779 1465 τοῦτο

1010 1483 1169 1518 κατέστησεν
1182 1483 1285 1518 ἑαυτὸν,
1298 1484 1380 1521 παρὸν
1394 1485 1464 1522 abu}
1475 1484 1596 1512 πλουτεῖν
1605 1495 1611 1500 ·
1624 1482 1716 1521 μηδεὶς
1729 1482 1780 1511 τοί·

217 1534 385 1564 admirabilis
400 1535 514 1564 habetur
527 1535 600 1574 quod
616 1546 644 1564 se
658 1545 688 1564 eo
708 1535 846 1574 redegerit,
862 1547 922 1565 cum
933 1536 958 1564 ei
975 1539 991 1561 Β
1010 1541 1054 1556 νυν
1071 1529 1199 1557 αἷτῑάΰθω
1222 1528 1270 1564 Τὴν
1293 1529 1394 1564 πενίαν,
1415 1531 1450 1562 ὡς
1469 1528 1568 1568 μυρίων
1590 1532 1668 1558 θῦσαν
1689 1530 1777 1558 κακῶν

217 1581 295 1609 liceat
312 1581 448 1610 ditescere.
468 1583 553 1610 Nemo
570 1592 633 1620 ergo
650 1588 754 1610 accuset
771 1588 957 1621 paupertatem

219 1634 248 1655 ut
259 1638 319 1665 quae
330 1638 407 1655 causa
421 1628 453 1656 sit
467 1628 597 1656 malorum
610 1628 859 1663 innumerabilium,
871 1638 956 1667 neque

219 1673 380 1702 contradicat
393 1673 509 1709 Christo,
517 1674 562 1712 qui
571 1684 629 1702 eam
641 1673 709 1703 dicit
720 1673 828 1702 virtutis
837 1684 892 1702 esse
900 1684 957 1713 per-

1010 1574 1106 1610 αἰτίαν,
1130 1574 1196 1612 μηδὲ
1221 1574 1431 1614 οἰντιφθεγγέσθω
1452 1576 1489 1614 τῷ
1504 1575 1628 1613 Χριστῷ,
1643 1574 1670 1606 ὃς
1681 1574 1778 1603 τελειό-

1010 1634 1077 1657 τητα
1093 1622 1191 1657 ταύτην
1207 1623 1301 1661 ἔφησεν
1314 1618 1380 1652 εἶναι
1394 1625 1441 1658 τ’ἧς
1456 1625 1550 1663 ἀρετ-’ἧς
1559 1646 1567 1659 ,
1581 1622 1660 1652 εἰπών
1671 1633 1676 1639 ·
1690 1624 1724 1652 Εἰ
1735 1623 1778 1652 05¹-

1009 1675 1062 1706 λεις
1078 1673 1175 1706 τέλειος
1195 1669 1261 1702 εἶναι
1275 1684 1280 1688 ·
1302 1676 1378 1702 τοῦτο
1391 1673 1441 1712 γὰρ
1456 1674 1501 1702 καὶ
1513 1673 1555 1702 διὰ
1570 1675 1620 1702 τῶν
1635 1672 1719 1711 λόγων
1733 1675 1779 1702 αὖ·

639 1802 812 1831 MUTIANO
834 1802 1085 1831 SCHOLASTICO
1107 1801 1320 1830 INTERPRET
1326 1801 1356 1830 E.

220 1915 253 1942 sit
263 1924 323 1942 eum
337 1913 544 1953 apprehendere.
555 1914 599 1942 Sic
612 1914 690 1942 etiam
700 1914 725 1941 in
736 1913 821 1941 divite
829 1914 958 1951 contingit
973 1925 978 1940 :
991 1921 1053 1941 sunt
1066 1913 1136 1941 enim
1152 1913 1240 1945 servi,
1256 1923 1352 1940 aurum
1363 1935 1372 1950 ,
1390 1919 1539 1951 argentum,
1553 1919 1578 1941 et
1586 1912 1677 1942 decem
1691 1913 1776 1942 millia

220 1972 320 1996 rerum,
333 1968 359 1990 et
369 1960 460 1990 decem
476 1961 562 1989 millia
577 1971 662 1997 curae,
677 1968 702 1989 et
721 1960 875 1990 discrimina
890 1961 973 1989 multa
983 1983 991 1998 ‚
1005 1960 1174 1989 necessitates
1187 1960 1328 2000 plurimae,
1343 1970 1402 1998 quae
1415 1959 1539 1989 omnibus
1552 1970 1613 1989 eum
1628 1960 1778 2000 captivabi-

219 2009 271 2037 lem
283 2008 392 2036 faciunt.

259 2060 358 2088 Nullus
384 2059 468 2098 igitur
487 2060 543 2098 jam
561 2066 745 2100 paupertatem
759 2060 920 2088 calamitatis
932 2070 1038 2088 causam
1058 2070 1114 2088 esse
1129 2067 1202 2099 putet
1218 2072 1223 2087 :
1238 2060 1260 2088 si
1275 2060 1347 2089 enim
1363 2060 1451 2089 virtus
1471 2060 1557 2096 adsit,
1569 2071 1661 2089 omnes
1673 2061 1778 2090 divitiae

219 2107 312 2136 mundi
326 2117 412 2145 neque
426 2113 454 2134 ut
469 2106 557 2141 lusus,
573 2117 659 2145 neque
673 2113 703 2135 ut
717 2107 825 2146 stipula,
841 2114 918 2135 erunt
930 2106 1002 2146 apud
1017 2117 1086 2136 eum.
1100 2107 1175 2135 Hanc
1192 2107 1278 2145 igitur
1295 2113 1489 2143 consectemur,
1503 2107 1524 2135 si
1539 2106 1664 2135 volumus
1678 2107 1778 2136 intrare

220 2164 332 2192 regnum
345 2152 480 2181 caelorum.
494 2153 592 2180 Vende
612 2154 690 2181 enim
712 2155 811 2181 omnia
828 2159 889 2188 tua,
906 2153 1005 2191 inquit,
1021 2160 1050 2182 et
1064 2154 1103 2182 da
1115 2154 1301 2192 pauperibus,
1319 2159 1345 2181 εἰ
1361 2154 1480 2181 habebis
1495 2154 1662 2182 thesaurum
1675 2156 1708 2182 in
1717 2165 1776 2184 ειε-

221 2200 268 2234 Ιο,-
279 2207 303 2229 et
318 2200 426 2234 iterum,
438 2199 572 2238 Difficile
584 2206 625 2227 est
637 2201 755 2228 divitem
764 2203 875 2229 intrare
885 2202 916 2228 in
927 2211 1046 2240 regnum
1057 2201 1205 2229 caelorum.
1218 2200 1332 2228 Intueris
1347 2199 1409 2238 quia
1423 2207 1448 2228 et
1462 2200 1483 2228 si
1497 2211 1549 2229 non
1563 2201 1635 2230 adsit
1645 2209 1775 2242 tempore,

221 2254 245 2274 et
267 2257 325 2275 eam
347 2246 464 2285 arripere
484 2246 588 2274 bonum
608 2253 656 2274 est.
672 2248 818 2286 Paupertas
832 2253 870 2275 est
883 2247 1075 2275 manuductrix
1089 2247 1213 2285 quaedam
1230 2247 1257 2274 in
1273 2247 1332 2283 via,
1347 2257 1406 2284 quae
1421 2246 1496 2275 ducit
1511 2247 1546 2275 ad
1567 2247 1672 2284 caelum,
1687 2249 1778 2278 unctio

221 2293 344 2322 athletica
355 2317 361 2329 ‚
374 2292 528 2322 exercitatio
551 2292 674 2331 quaedam
689 2304 785 2331 magna
800 2301 825 2322 ct
839 2294 1020 2331 admirabilis,
1035 2301 1128 2334 portus
1140 2294 1312 2333 tranquillus,
1328 2293 1383 2323 Sed
1402 2304 1470 2333 opus
1489 2294 1574 2323 habeo
1594 2295 1718 2334 plurimis
1728 2318 1736 2332 ,
1753 2303 1778 2325 et

223 2341 283 2368 volo
298 2341 331 2369 ab
346 2341 438 2379 aliquo
452 2340 566 2379 gratiam
581 2339 707 2379 accipere.
723 2341 776 2369 Sed
791 2348 815 2369 et
827 2342 878 2370 hoe
893 2341 968 2370 dives
984 2349 1009 2370 te
1023 2341 1144 2370 miserior
1159 2348 1197 2370 est
1210 2353 1216 2368 :
1231 2348 1258 2369 tu
1273 2340 1381 2379 quidem
1398 2341 1517 2370 fortassis
1528 2342 1641 2380 gratiam
1656 2353 1704 2382 pro
1716 2343 1778 2372 cibo

224 2387 351 2425 postulas,
366 2387 411 2415 ille
425 2394 513 2414 autem
527 2396 576 2426 pro
590 2385 681 2414 decem
697 2386 819 2415 millibus
836 2388 922 2417 causis
936 2388 1078 2427 impudens
1089 2388 1205 2422 exsistit,
1221 2394 1250 2416 ut
1265 2387 1342 2426 plura
1356 2387 1462 2416 habeat.
1472 2388 1589 2417 Proinde
1603 2389 1704 2417 divites
1714 2400 1776 2418 ma·

224 2433 264 2469 gis
275 2440 335 2461 sunt
349 2433 394 2471 qui
410 2433 508 2462 multos
521 2433 667 2472 postulant,
683 2440 707 2462 et
722 2434 818 2473 saepius
832 2435 912 2462 etiam
928 2435 1052 2473 indignos
1066 2447 1072 2463 :
1089 2442 1183 2474 utputa
1197 2435 1280 2463 veluti
1295 2434 1362 2473 quid
1376 2435 1448 2470 dico,
1459 2435 1556 2474 saepius
1566 2446 1621 2471 eos,
1636 2436 1682 2474 qui
1695 2436 1723 2465 in
1733 2447 1777 2465 or—

224 2478 287 2506 dine
306 2478 417 2507 militari
441 2486 502 2507 sunt
513 2502 521 2516 ,
536 2486 560 2508 et
576 2491 666 2508 servos
682 2480 842 2508 necessarios
856 2479 964 2510 habent.
982 2482 1086 2520 Pauper
1100 2487 1189 2509 autem
1207 2491 1293 2519 neque
1317 2480 1377 2520 ipso
1398 2481 1561 2519 Imperatore
1574 2480 1675 2519 indiget
1686 2493 1695 2519 5
1709 2492 1741 2510 ac
1753 2482 1776 2510 si

224 2534 290 2562 opus
304 2523 410 2558 habeat,
425 2526 510 2564 magis
525 2526 550 2554 in
564 2526 768 2555 admirationem
778 2526 837 2562 erit,
848 2527 974 2563 quoniam
986 2527 1020 2556 ad
1037 2528 1088 2556 hoc
1099 2528 1270 2567 semetipsum
1285 2527 1423 2567 deposuit,
1434 2538 1494 2555 cnm
1509 2527 1591 2566 possit
1603 2528 1683 2556 etiam
1697 2527 1774 2557 dives

225 2568 289 2597 sit-ri.
306 2570 388 2597 'Nemo
409 2571 490 2608 igitur
512 2579 633 2601 causetur
652 2573 685 2600 de
705 2579 874 2612 paupertate,
889 2580 1024 2611 tamquam
1042 2584 1119 2602 causa
1135 2574 1168 2602 sit
1183 2574 1330 2602 muliorum
1348 2573 1496 2610 malorum,
1511 2584 1595 2612 neque
1614 2574 1776 2613 obloquatur
