1906 2846
276 193 335 233 (⁸5,

266 264 416 294 umlcxlicm,
444 260 568 294 ludibria,
593 259 690 299 plngm.
706 268 782 287 omne
795 267 878 296 genus
892 258 1000 296 suppli-

266 310 311 338 cii.
334 318 410 337 omne
424 315 504 344 genus
519 304 648 332 irrisionis
671 311 696 332 et
710 303 847 342 opprobrii
865 309 912 339 ;at
932 310 1003 331 taul—

265 364 345 392 quam
357 353 402 390 qui
415 352 447 379 sit
461 357 534 378 extra
549 350 641 378 orbem
657 355 732 377 terrae
745 355 770 376 et
785 348 853 377 liber
864 348 898 376 ab
918 348 1004 377 omui-

266 400 315 426 bus
342 397 458 436 corporis
475 394 669 431 affectionibus,
699 394 734 422 ita
760 394 850 422 omnia
869 393 1003 422 irridebit.

265 444 347 479 Quod
374 449 462 471 autem
486 441 542 469 lia‘c
560 440 642 469 verba
669 449 721 468 non
746 445 843 468 temere
858 439 1003 478 jactentur,

266 490 363 518 multos
386 487 509 517 existimo
534 495 604 514 nunc
629 495 734 524 quoque
757 494 813 513 esse
836 484 1003 523 hujusmodi,

265 542 295 563 ut
313 545 346 563 ex
369 534 401 562 iis
417 534 463 572 qui
479 543 506 561 se
530 537 683 570 receperunt
707 530 735 558 in
757 530 925 559 solitudines,
951 530 1006 558 Sed

265 591 317 609 non
343 587 392 613 cst,
419 579 518 617 inquit,
533 579 641 607 mirum.
672 576 729 615 Ego
744 582 832 605 autem
853 575 914 604 dico
940 575 1006 604 tales

265 626 344 654 etiam
366 635 420 654 csse
433 626 458 653 in
472 624 637 659 civitatibus,
648 632 716 661 quos
732 621 843 650 minime
857 621 1004 650 existimes.

266 671 294 699 Si
309 672 351 699 vis
377 677 474 705 autem,
498 680 606 709 possum
629 667 767 697 ostendere
791 667 896 706 aliquos
919 677 952 696 ex
974 667 1006 695 iis

267 718 311 755 qui
338 718 443 745 suerunt
464 717 538 744 olim.
561 715 597 744 Et
625 721 653 743 ut
674 713 817 753 intelligas,
842 714 931 742 veniat
957 713 1007 742 tibi

267 762 293 789 in
320 768 434 789 mentem
459 760 573 787 Paulus:
591 758 658 797 quid
672 768 724 786 non
745 768 826 796 grave
839 763 878 786 est
893 757 1007 796 passus?

265 806 330 844 quid
357 816 408 834 non
433 805 560 833 sustinuit
574 804 647 833 ?sed
667 803 757 832 omnia
780 803 881 831 ferebat
894 803 1005 832 fortiter.

266 851 487 879 Huncimitemur
500 862 505 877 ε
519 851 554 879 ita
569 850 638 878 enim
653 849 800 889 poterimus
815 855 839 877 et
850 859 939 877 coram
951 850 1007 877 Deo

266 899 379 937 placere,
393 904 417 925 et
429 897 463 926 ad
478 903 571 936 portus
585 896 744 934 tranquillos
759 906 819 924 cum
833 895 926 924 multis
936 905 1006 923 mer-

265 942 342 970 cibus
365 942 513 981 pcrvenire.
536 942 654 969 Mentem
681 949 744 978 crgo
762 946 879 968 nostram
903 939 930 967 in
952 949 1006 967 cae-

266 988 323 1016 lum
345 986 677 1021 extendamus,teneamur
698 985 745 1013 illo
765 984 908 1020 desiderio,
917 984 1006 1022 ignem

266 1033 433 1072 spiritualem
455 1032 609 1068 induamus,
625 1031 733 1059 flamma
743 1040 790 1059 nos
810 1040 1006 1059 conservemus.

268 1080 352 1107 Nemo
376 1079 513 1107 flammam
526 1087 618 1106 secum
635 1077 730 1111 ferens,
745 1076 820 1104 timet
840 1085 883 1104 eos
905 1076 950 1113 qui
964 1085 1007 1103 oc-

268 1130 397 1152 currunt:
415 1124 471 1152 sive
493 1123 528 1152 sit
557 1123 621 1158 fera,
649 1122 705 1150 sive
728 1121 824 1157 homo,
838 1121 896 1149 sive
921 1121 1007 1159 laquei

268 1168 486 1204 innumerabiles,
515 1167 646 1206 quamdiu
670 1166 750 1195 fuerit
770 1166 891 1204 ignitus,
917 1166 1007 1194 omnia

267 1214 376 1249 cedunt,
398 1214 487 1242 omnia
511 1213 577 1242 dant
591 1213 688 1241 locum.
706 1212 826 1240 Flamma
843 1221 894 1240 non
923 1218 1007 1250 potest

268 1261 341 1296 ferri,
354 1259 508 1288 incendium
524 1265 562 1288 cst
576 1257 750 1294 intolerabile,
766 1257 855 1286 omnia
864 1257 1006 1285 consumit.

269 1308 326 1336 Hoc
341 1308 403 1346 igne
422 1317 469 1335 nos
482 1306 635 1341 induamus,
660 1305 774 1344 gloriam
787 1305 932 1333 referamus
946 1305 1006 1332 Do-

269 1354 341 1382 mino
355 1360 445 1382 nostro
461 1354 522 1382 Jesu
544 1352 662 1388 Christo,
680 1361 742 1380 cum
757 1361 809 1389 quo
833 1351 904 1380 Patri
926 1351 1006 1379 simul

268 1409 330 1427 cum
349 1405 438 1427 sancto
467 1398 570 1438 Spiritu
588 1397 672 1436 gloria
688 1419 695 1431 ,
711 1397 829 1436 potentia
851 1403 876 1424 et
898 1396 984 1424 honor
999 1418 1006 1431 ‚

271 1455 341 1474 nunc
360 1452 386 1474 et
401 1455 514 1483 semper,
531 1450 555 1472 et
575 1444 600 1472 in
619 1443 713 1472 saecula
730 1442 897 1471 saeculorum.
910 1444 1003 1470 Amen.

305 1532 317 1543 ¹
337 1529 497 1563 [διαζώςωμεν
508 1529 622 1555 Savilius.
638 1527 778 1560 Legebatur
799 1530 950 1558 διααὼζωμεν,
967 1535 1020 1558 Γετ-

272 1577 365 1600 peram.
380 1569 417 1592 Ex
428 1568 515 1593 eodem
529 1567 605 1592 Savss.
623 1574 681 1591 mox
693 1566 807 1591 dedimus
818 1572 965 1595 ἀπαντῶντας
976 1575 1022 1597 pro

1023 394 1040 416 B

606 199 633 221 S.
663 198 801 221 JOANMS
828 197 1008 221 CHRYSOST.
1040 196 1194 220 Altonum.
1222 196 1491 220 CONSTtNTtNOP.

1055 259 1155 296 διο-μῶν
1168 258 1212 286 καὶ
1223 257 1336 296 ὕὸρεων·
1360 259 1417 286 ἀλλ’
1433 257 1523 296 ὥσπερ
1537 258 1609 291 ἐκτὸς
1626 258 1660 287 ὢν
1675 260 1722 294 τῆς
1736 261 1820 288 οἰκου-

1057 303 1135 340 μένης
1152 303 1196 331 καὶ
1218 305 1270 332 τῶν
1292 306 1336 332 τοῦ
1357 303 1478 340 σώματος
1497 303 1697 342 ἀπηλλαγμένος
1716 307 1821 339 παθῶν,

1057 347 1138 380 οὕτως
1149 347 1271 376 ἁπάντων
1285 348 1502 387 καταγελάσεται.
1518 348 1569 377 Καὶ
1583 347 1628 378 ὅτι.
1637 349 1665 376 οὗ
1678 348 1777 385 κόμπος
1789 349 1822 377 τὰ

1058 392 1179 432 ῥήματα,
1191 394 1301 426 πολλοὺς
1324 394 1370 432 μὲν
1383 389 1457 432 οἶμαι
1469 389 1534 422 εἶναι
1555 394 1599 423 καὶ
1614 397 1670 422 νῦν·
1685 390 1737 422 οἷον
1747 416 1755 430 ,
1770 397 1822 423 τῶν

1058 438 1105 471 τὰς
1127 439 1236 478 ἐρημίας
1257 439 1462 478 κατειληφότων.
1483 439 1636 468 Ἀλλόὗδὲν
1658 438 1824 476 θαυμαστὸν,

1059 485 1148 524 φησίν.
1166 484 1237 523 Ἐγὼ
1250 486 1277 514 δὲ
1288 485 1358 523 λε’γω
1367 507 1374 521 ,
1388 484 1432 514 καὶ
1444 486 1495 513 τῶν
1508 486 1533 513 ἐν
1546 489 1602 517 ταῖς
1612 485 1718 513 πόλεσιν
1730 486 1826 513 ἀνυπο-

1059 530 1166 566 νοήτους
1187 531 1282 570 ἄνδρας
1302 527 1369 559 εἶναι
1393 530 1532 562 τοιούτους.
1551 531 1584 559 Εἰ
1604 529 1630 559 δὲ
1656 529 1759 568 βούλει,
1780 529 1825 558 καὶ

1059 579 1110 606 τῶν
1125 577 1209 606 πάλαι
1220 576 1292 608 τινὰς
1306 575 1432 609 ἐπιδεῖξαι
1443 576 1595 613 δυνήσομαι.
1610 576 1663 604 Καὶ
1675 575 1718 604 ἵνα
1730 575 1825 614 μάθῃς,

1059 623 1139 652 ἐννόει
1154 634 1199 660 μοι
1216 622 1259 650 τὸν
1274 623 1396 650 Παῦλον·
1421 621 1447 650 τί
1460 621 1507 659 μὲν
1523 621 1570 650 οὐκ
1586 621 1665 649 ἔπαθε
1686 621 1782 657 δεινὸν,
1798 621 1825 649 τί

1060 668 1087 697 δὲ
1102 669 1150 707 οὐχ
1169 668 1282 703 bueo-2723
1297 667 1364 696 ἀλλὰ
1382 667 1469 696 πάντα
1484 667 1558 706 ἔφερε
1571 666 1704 704 γενναίως.
1724 667 1824 695 Τοῦτον

1061 714 1092 750 δὴ
1109 713 1286 752 μιμησώμεθα
1300 714 1345 742 καὶ
1358 715 1434 751 ἡμεῖς
1443 725 1449 731 ·
1464 713 1532 742 οὕτω
1544 712 1594 752 γὰρ
1607 712 1769 750 δυνησόμεθα
1780 712 1825 742 καὶ

1061 760 1169 789 ἐνώπιον
1180 762 1225 788 τοῦ
1239 762 1308 788 Θεοῦ
1319 761 1504 798 εὐαρεστῆσαι,
1516 758 1561 786 καὶ
1574 758 1639 797 πρὸς
1649 757 1708 791 τοὺς
1717 758 1826 796 λιμένας

1060 807 1225 844 καταχθῆναι
1239 804 1297 837 τοὺς
1313 803 1450 837 εὖδιεινοὺς
1471 803 1537 842 μετὰ
1556 804 1656 837 πολλῆς
1675 804 1722 837 τῆς
1740 804 1825 841 ἐμπο-

1062 852 1127 891 ρίας.
1149 850 1284 889 Τείνωμεν
1303 850 1388 880 τοίνυν
1407 849 1454 885 τὴν
1474 850 1588 878 διάνοιαν
1605 851 1682 887 ἡμῶν
1700 848 1765 888 πρὸς
1782 848 1825 877 τὸν

1061 897 1184 936 οὐρανὸν,
1207 898 1245 936 τῷ
1264 895 1336 934 πόθῳ
1357 897 1562 935 κατασῇεθῶμεν
1577 894 1685 933 ἐκείνῳ,
1705 895 1743 934 τῷ
1763 894 1826 932 πυρὶ

1061 943 1245 983 περιὸάλωμεν
1259 941 1365 975 ἑαυτοὺς
1375 943 1412 981 τῷ
1422 942 1603 980 πνευματικῷ,
1613 942 1646 980 τῇ
1657 939 1733 979 φλογὶ
1748 940 1762 952 *
1771 939 1827 968 δια-

1062 988 1186 1026 ζώσωμεν
1197 987 1312 1020 ἑαυτούς.
1326 988 1420 1020 Οὐδεὶς
1432 987 1515 1027 νφλόγα
1529 985 1714 1025 ἐπιφερόμενος
1728 983 1827 1013 δέδοικε

1062 1033 1120 1066 τοὺς
1134 1035 1318 1065 ἀπαντῶντας·
1333 1033 1381 1061 κᾶν
1396 1033 1484 1071 Θηρίον
1497 1028 1514 1071 ᾗ
1523 1054 1530 1068 ,
1547 1032 1596 1060 κᾶν
1608 1032 1758 1069 ἄνθρωπος,
1777 1029 1826 1058 κᾶν

1063 1079 1153 1117 μυρίαι
1174 1079 1298 1118 παγίδες,
1322 1079 1371 1111 ἕως
1384 1079 1570 1117 πεπυρωμένος
1581 1075 1616 1117 ᾗ,
1637 1078 1724 1107 πάντα
1737 1076 1828 1110 ὑπεξί-

1062 1136 1173 1161 σταται,
1190 1124 1276 1153 πάντα
1287 1129 1449 1163 παραχωρεῖ.
1467 1123 1630 1156 Ἀνύποιστος
1641 1126 1658 1158 ἡ
1673 1122 1749 1162 φλὸξ,
1765 1122 1829 1161 ἀφό-

1063 1182 1138 1209 ρητος
1157 1172 1174 1205 ἡ
1190 1170 1277 1208 πυρὰ,
1297 1169 1384 1198 πάντα
1401 1169 1597 1198 καταναλίσκει.
1621 1170 1707 1197 Τοῦτο
1725 1168 1755 1196 τὸ
1775 1171 1828 1206 πῦρ

1061 1215 1245 1254 περιὲοίλωμεν
1265 1214 1387 1250 ἑαυτοὺς,
1412 1215 1457 1242 καὶ
1476 1214 1550 1247 δόξαν
1568 1213 1766 1251 ἀναπέμψωμεν
1789 1215 1828 1252 τῷ

1062 1262 1151 1302 Κυρίῳ
1164 1264 1240 1299 ἡμῶν
1255 1260 1342 1296 Ἰησοῦ
1355 1262 1478 1298 Χριστῷ,
1495 1261 1550 1297 μεθ’
1564 1254 1593 1287 οὗ
1607 1259 1644 1298 τῷ
1658 1258 1756 1297 Πατρὶ,
1772 1257 1828 1296 ἅμα

1061 1309 1098 1346 τῷ
1110 1307 1176 1345 ἁγίῳ
1187 1305 1324 1344 Πνεύματι
1335 1327 1342 1341 ,
1359 1305 1419 1338 δόξα
1427 1328 1434 1341 ,
1446 1305 1541 1344 κράτος
1549 1326 1557 1340 ,
1571 1304 1654 1343 τιμὴ,
1664 1307 1707 1334 νῦν
1721 1304 1766 1333 καὶ
1777 1304 1828 1341 ἀεὶ,

1061 1353 1106 1381 καὶ
1123 1354 1158 1384 εἷς
1171 1352 1230 1384 τοὺς
1246 1353 1341 1383 αἰῶνας
1356 1353 1407 1379 τῶν
1422 1350 1532 1380 αἰώνων.
1550 1350 1641 1389 Ἀμήν.

1073 1531 1216 1557 ἀπατῶντας,
1231 1532 1254 1550 et
1268 1526 1331 1550 iufra
1344 1528 1511 1559 ἀναπέμψωμευ
1522 1533 1567 1557 pro
1577 1523 1770 1557 duan÷,unaep=-1.]

654 1669 828 1698 MUTIANO
850 1668 1102 1698 SCHOLASTICO
1122 1668 1371 1697 INTERPRETE.

270 1762 358 1801 juriae,
372 1761 557 1796 detractiones,
576 1758 796 1798 vituperationes,
815 1759 908 1798 plagae,
920 1769 998 1787 omne
1012 1769 1094 1798 genus
1103 1758 1306 1798 deprecationis,
1320 1765 1346 1788 et
1362 1758 1585 1798 improperiorum
1598 1765 1623 1787 et
1641 1758 1801 1798 injuriarum
1819 1771 1826 1787 :

273 1808 318 1837 sed
338 1808 422 1837 veluti
446 1808 468 1836 si
490 1814 565 1835 extra
586 1806 716 1835 mundum
738 1806 819 1835 fuerit
834 1806 1002 1842 constitutus,
1018 1813 1043 1834 et
1062 1806 1146 1836 veluti
1166 1806 1189 1835 si
1210 1816 1225 1834 a
1250 1805 1420 1845 passionibus
1440 1805 1559 1845 corporis
1574 1805 1642 1834 liber
1663 1805 1827 1842 exsistat,sic

273 1862 366 1884 cuncta
387 1855 434 1883 illa
448 1854 514 1882 risui
544 1853 665 1882 habebit.
688 1853 725 1881 Et
747 1853 811 1892 quia
832 1863 884 1882 non
907 1853 963 1882 haec
983 1853 1072 1882 verbis
1090 1853 1258 1893 amplificare
1272 1853 1344 1889 volo,
1365 1853 1464 1882 multos
1486 1853 1566 1882 etiam
1590 1863 1662 1882 nunc
1677 1853 1743 1881 tales
1768 1853 1835 1881 exi-

272 1903 352 1931 stimo
366 1914 372 1929 :
388 1902 456 1930 sicut
470 1901 489 1930 ii
506 1900 554 1939 qui
569 1911 596 1929 se
611 1900 646 1929 ad
662 1911 781 1929 eremum
801 1901 978 1930 contulerunt.
993 1901 1047 1930 Sed
1071 1901 1140 1930 nihil
1153 1900 1204 1930 hoc
1223 1900 1323 1929 mirum
1340 1911 1347 1928 :
1363 1910 1425 1929 nam
1437 1901 1517 1929 etiam
1530 1900 1558 1928 in
1577 1899 1731 1930 civitatibus
1742 1900 1826 1929 latere

273 1949 339 1978 tales
354 1949 488 1977 existimo.
516 1947 597 1983 Quod
610 1947 633 1976 si
658 1948 729 1985 volo,
744 1958 853 1988 possum
872 1948 1029 1988 hujusmodi
1050 1949 1173 1987 antiquos
1186 1947 1324 1977 ostendere
1340 1959 1347 1975 :
1365 1954 1390 1977 et
1404 1954 1434 1976 ut
1456 1957 1595 1987 agnoscas,
1618 1947 1738 1986 intellige
1751 1948 1827 1976 Pau-

274 1996 331 2024 lum
348 2007 354 2023 :
371 1995 437 2034 quid
460 1995 505 2024 ille
521 2005 574 2024 non
596 1994 661 2023 mali
680 2005 774 2034 passus
789 2002 828 2024 est
840 1995 854 2023 Ρ
875 1994 943 2033 quid
961 2005 1013 2024 non
1029 1995 1156 2024 sustinuit
1170 1994 1183 2023 ἶν’
1198 1994 1287 2024 omnia
1302 1994 1407 2023 fortiter
1418 1994 1557 2023 tolerabat.
1584 1994 1663 2023 Hunc
1677 1994 1825 2032 imitemur,

275 2049 300 2070 et
319 2042 356 2071 sic
371 2042 516 2082 poterimus
539 2041 576 2071 ad
599 2049 692 2081 portus
715 2042 807 2071 venire
825 2042 992 2081 tranquillos,
1014 2042 1090 2071 lucra
1116 2042 1237 2071 maxima
1263 2041 1423 2071 deferentes.
1450 2041 1634 2070 Extendamus
1663 2041 1747 2080 igitur
1779 2051 1828 2070 no-

275 2096 356 2118 stram
370 2096 494 2125 mentem,
508 2096 534 2118 et
543 2089 676 2119 elevemus
688 2089 724 2118 ad
743 2089 848 2126 caelum,
869 2096 895 2118 et
908 2090 956 2119 illo
970 2100 1060 2118 amore
1073 2096 1220 2126 teneamur,
1241 2095 1267 2118 et
1289 2089 1346 2127 igni
1371 2087 1486 2127 spiritali
1499 2088 1706 2126 magnanimiter
1728 2088 1828 2118 indua-

275 2147 345 2165 mur.
374 2137 515 2166 Salvemus
535 2136 710 2176 nosmetipsos
721 2136 891 2165 flammarum
905 2136 1028 2166 incendio
1052 2136 1209 2166 divinarum
1222 2147 1229 2163 τ
1243 2135 1335 2164 nullus
1345 2135 1378 2164 iis
1392 2135 1507 2164 flammis
1531 2135 1723 2175 circumseptus
1736 2135 1827 2164 alicu-

273 2182 318 2220 jus
344 2180 471 2210 formidat
493 2181 627 2218 incursus,
641 2182 698 2211 sive
722 2181 801 2210 fuerit
819 2181 910 2219 homo,
935 2182 991 2211 sive
1007 2182 1102 2218 bestia,
1127 2181 1186 2211 sive
1207 2181 1281 2210 mille
1294 2181 1467 2220 muscipulae:
1483 2181 1612 2219 quamdiu
1624 2181 1696 2210 enim
1716 2181 1830 2220 quisque

277 2228 377 2267 ignitus
390 2227 500 2265 incedit,
513 2227 603 2257 omnia
623 2234 741 2267 superat,
757 2227 847 2257 omnia
869 2227 984 2265 excedit,
995 2228 1085 2257 omnia
1096 2227 1249 2257 contemnit.
1267 2227 1391 2256 Flamma
1403 2227 1504 2267 quippe
1522 2227 1711 2267 insuperabilis
1722 2238 1764 2257 res
1773 2235 1823 2266 est,

276 2280 303 2302 et
316 2274 487 2314 importabile
506 2281 547 2303 est
567 2274 670 2303 cunctis
687 2274 767 2303 rebus
789 2274 943 2303 incendium
958 2286 964 2302 :
977 2275 1048 2313 ignis
1065 2274 1167 2314 quippe
1192 2280 1286 2302 cuncta
1297 2273 1438 2303 consumit.
1457 2273 1514 2302 Hoc
1526 2274 1617 2312 itaque
1638 2273 1700 2313 igne
1712 2274 1829 2303 circum-

278 2321 410 2359 sepiamur
429 2321 567 2359 exhortor,
596 2321 710 2360 gloriam
723 2322 862 2351 offerentes
879 2322 995 2351 Domino
1022 2328 1112 2351 nostro
1126 2323 1189 2352 Jesu
1208 2321 1325 2359 Christo,
1336 2331 1397 2350 cum
1411 2331 1465 2360 quo
1477 2321 1562 2357 Patri,
1592 2331 1645 2351 una
1661 2331 1723 2351 cum
1737 2328 1827 2352 sancto

277 2368 380 2406 Spiritu
400 2369 494 2407 gloria,
511 2369 665 2409 imperium,
680 2368 778 2407 honor,
803 2379 874 2398 nunc
898 2376 923 2398 et
946 2380 1058 2409 semper,
1073 2376 1099 2399 et
1118 2369 1146 2398 in
1157 2369 1255 2398 saecula
1265 2368 1434 2399 saeculorum.
1454 2369 1548 2399 Amen.
