1875 2856
157 517 222 538 XIV.

119 549 181 569 visio
190 549 262 568 Rhos-

119 579 243 599 ravidi-uk-

119 611 150 629 lnt
164 617 241 629 sororis

119 640 234 660 Tiridatis,

224 1371 259 1388 821·

165 1466 216 1487 XV.

151 1497 246 1518 Iteratur

120 1536 183 1548 visio,

122 2025 205 2046 Ean-h.
223 2025 261 2053 35.

122 2057 146 2079 8.
162 2063 196 2077 io.

162 2208 230 2230 XVI.

169 2240 265 2260 Mittitur

126 2271 251 2291 Ananiam
277 2291 364 2330 ipsum
379 2291 428 2319 Dei
444 2291 543 2327 virum,
555 2301 633 2328 quem
646 2300 676 2318 ne
691 2289 822 2318 hominem
840 2290 948 2328 quidem
959 2291 1142 2329 reputavimus
1154 2301 1160 2317 :
1171 2289 1349 2328 proficiscere,
1364 2297 1426 2326 roga
1438 2285 1667 2323 medicum‚cujus
1676 2283 1766 2313 verbis
1777 2293 1829 2312 ¹¹⁰⁰
1863 2285 1871 2310 ε’

1859 2317 1875 2508 Ξ

1864 2526 1875 2604 4

1860 2621 1874 2710 i

125 2302 240 2329 przesectus

127 2340 189 2359 regia:
211 2332 250 2352 do-

127 2370 184 2386 mus,
197 2363 235 2389 qui

128 2393 256 2420 Gregoriuin

127 2432 138 2443 e
146 2424 267 2451 puteoedii*

128 2460 169 2475 eat.

285 128 371 161 ¹072
697 125 873 148 HNCOMIUM
898 124 927 147 S·
955 124 1113 147 GREGORit
1139 124 1422 156 ILLUMINATORIS,

271 202 372 220 anuum
391 193 448 231 jam
474 191 580 226 adesse,
594 200 646 228 quo
670 190 725 218 vita
747 191 847 229 potitur
869 191 990 230 sepultus
1011 190 1072 225 ille,
1091 201 1191 228 quem,
1205 190 1270 218 dum
1293 191 1402 220 rationis
1425 192 1556 232 particeps
1571 203 1627 222 eras
1641 216 1649 231 ,
1666 201 1801 223 mortuum
1816 218 1824 231 ,

273 239 351 277 cujus
365 249 423 267 ossa
437 239 492 267 sola
504 244 671 276 superessent
683 259 691 274 ,
707 237 893 268 arbitrabaris,

310 286 343 312 At
357 284 419 321 quia
434 306 441 318 ,
467 283 533 311 dum
547 282 597 311 sub
612 282 729 310 hnmana
751 282 886 311 videbaris
906 284 991 312 forma
1003 305 1010 318 ,
1023 282 1100 310 illum
1123 283 1148 310 in
1166 283 1330 311 mortiferam
1345 283 1449 311 foveam
1466 283 1605 323 impellens
1618 284 1752 323 dejecisti;
1767 285 1826 315 ideo

269 331 318 359 sub
332 341 451 370 aprugna
467 331 551 358 forma
566 330 639 357 irrue
660 329 696 358 ad
716 340 745 358 os
767 330 840 368 putei
856 343 863 358 ι
880 330 965 358 clama
986 329 1019 357 a‹l
1042 341 1102 358 enirn
1114 352 1120 364 ‚
1135 340 1213 368 quem
1229 337 1382 368 corruptum
1400 331 1541 369 reputabas
1552 353 1559 366 ‚
1576 332 1708 360 medicum
1725 339 1800 360 tuum
1818 358 1826 370 ⁷

269 382 297 402 ut
312 375 368 414 ipse
382 375 524 414 pristinum
537 374 585 402 tibi
597 385 694 413 corpus
715 375 846 404 restituat.
864 375 898 404 Et
916 375 1042 413 quoniam
1058 375 1181 403 curribus
1201 375 1319 403 insidens
1336 376 1487 404 involutum
1511 377 1567 415 ipso
1588 378 1644 405 Deo
1664 378 1825 415 Gregorium

268 422 470 460 aspernabaris3
490 420 556 449 vade
571 421 676 458 itaque,
692 431 769 448 curre
780 443 787 455 ‚
804 427 828 449 et
843 421 870 449 in
887 420 998 449 modum
1013 421 1070 459 apri
1085 421 1237 460 quadrupes
1252 421 1315 450 exili
1332 421 1366 449 ad
1380 422 1477 450 ostium
1492 423 1589 459 foveae,
1605 429 1684 461 atque
1709 424 1747 452 ibi
1769 424 1826 452 cla-

269 477 310 494 ma
325 479 332 496 :
350 467 486 505 Egredere
497 487 506 500 ‚
521 477 595 495 serve
608 467 657 494 Dei
672 466 806 494 altissimi.

311 513 348 542 Ea
363 522 451 542 antem
465 521 525 542 sunt
537 524 594 552 quae
608 514 726 553 oportuit
738 514 782 542 vel
796 513 886 542 decuit
901 521 963 542 tunc
980 514 1107 553 temporis
1120 513 1209 542 dicere
1221 525 1227 541 :
1241 521 1268 542 at
1281 514 1327 543 illa
1339 537 1346 551 ‚
1360 526 1419 553 quae
1433 516 1549 554 profecto
1566 515 1690 555 deinceps
1709 517 1825 556 contige-

276 568 355 596 runt,
369 562 491 600 accipite.

316 609 426 638 visione
438 607 536 636 caelesti
556 615 670 635 recreata
692 607 761 645 regis
774 609 814 644 (l)
827 617 902 635 soror
919 607 968 636 lias
994 614 1037 636 aut
1063 607 1162 635 similes
1185 617 1263 636 voces
1282 608 1392 637 auribus
1413 609 1536 648 excepit:
1552 609 1659 637 Frustra
1681 609 1750 638 nihil
1773 620 1825 638 non

270 657 376 686 tentatis
389 678 395 689 ,
410 654 505 683 medici
522 654 658 682 homines:
677 661 769 682 vestrae
783 664 834 681 non
849 660 887 682 est
899 655 964 682 artis
981 654 1173 682 immedicabili
1187 655 1279 682 morbo
1292 655 1439 683 remedium
1451 666 1568 693 quaerere
1581 668 1587 683 τ
1604 656 1676 684 solus
1687 657 1827 695 praestabit

267 714 345 742 opem
358 701 507 740 Gregorius
520 710 632 738 magnus
645 722 651 735 ‚
667 700 713 738 qui
730 699 850 727 medicus
864 710 878 727 a
891 701 948 728 Deo
963 701 1040 728 vobis
1061 700 1157 728 missus
1174 707 1229 736 est,
1245 707 1271 728 ct
1286 701 1328 729 cui
1351 711 1396 729 vos
1416 702 1510 730 mortis
1524 702 1633 730 calicem
1645 703 1806 741 propinastis
1818 715 1826 731 ι

271 762 330 779 sum
345 751 442 778 etenim
456 759 503 786 ego
516 749 589 776 Deus
600 747 671 775 servi
681 747 731 774 mei
743 746 881 784 Gregorii,
891 757 969 784 quem
980 757 1028 775 vos
1039 747 1115 775 morti
1131 746 1274 775 addixistis
1283 748 1318 776 ob
1335 747 1447 776 deorum
1458 755 1607 777 vestrorum
1615 749 1826 778 multitudinem.

266 798 348 827 Illum
369 796 502 825 suscitabo
524 795 600 823 vobis
620 793 753 822 medicum
772 794 817 831 qui
841 801 914 823 sanet
935 805 1001 830 vos;
1021 801 1047 822 ct
1067 794 1123 832 ejus
1141 804 1190 832 ope
1200 794 1431 832 fugientavobis,
1447 806 1506 833 quae
1522 795 1680 832 meremini,
1703 796 1819 834 flagella.

307 848 342 873 At
356 854 415 872 ecee
428 843 556 870 visionem
568 863 575 877 ‚
592 852 650 879 quae
664 841 715 869 sibi
731 841 890 879 contigerat,
905 841 1034 869 admirata
1049 841 1144 869 semina
1158 841 1262 869 nomine
1276 841 1526 870 Kbosrovidoukliit
1539 842 1740 880 quamprimum
1756 853 1821 871 nar-

266 891 354 919 ravit:
370 889 469 928 Aspexi
483 911 489 923 ‚
502 887 656 925 inquiebat,
671 887 816 925 fulgentem
831 887 932 915 lumine
946 888 1050 922 virum,
1063 888 1107 925 qui
1126 887 1151 915 in
1166 887 1272 916 visione
1293 888 1360 916 mihi
1378 888 1502 927 apparuit
1526 895 1551 916 et
1573 888 1628 916 haec
1650 887 1740 916 dixit:
1758 888 1825 917 Nul-

267 937 322 966 lum
344 936 418 966 aliud
437 935 650 968 calamitatibus,
668 945 726 971 quae
742 934 818 962 vobis
836 934 1004 970 acciderunt,
1020 934 1165 963 remedium
1180 941 1218 963 est
1232 957 1238 969 ‚
1254 945 1335 973 quam
1351 942 1379 963 ut
1395 938 1549 963 ,trtaxatam
1564 935 1675 974 petatis,
1694 942 1773 973 atque
1787 935 1825 964 ibi

267 994 299 1012 ex
315 990 395 1023 puteo
412 981 543 1021 profundo
559 981 679 1008 vinctum
694 979 812 1008 educatis
830 981 1012 1019 Gregorium3
1029 981 1084 1019 ipse
1099 981 1209 1008 veniens
1224 991 1302 1019 opem
1317 981 1396 1009 vobis
1409 981 1523 1008 conseret
1538 981 1689 1009 salutarem.

308 1033 340 1058 At
357 1030 487 1065 homines,
498 1035 529 1056 ut
543 1038 601 1055 eam
615 1027 767 1061 audierunt,
783 1027 950 1062 cachinnari,
964 1028 1092 1065 illamque
1106 1027 1224 1055 ludibrio
1242 1027 1347 1055 habere.
1359 1027 1433 1062 Quid
1449 1027 1487 1055 ais
1497 1027 1510 1054 ἶ)
1526 1027 1681 1064 inquiebant
1696 1039 1702 1054 ι
1719 1034 1743 1056 te
1757 1038 1824 1066 pro-

268 1079 334 1105 fecto
346 1077 509 1105 daemonium
524 1075 636 1113 agitavit
651 1086 657 1109 ;
672 1081 697 1102 et
711 1074 810 1102 idcirco
824 1074 914 1102 insana
928 1075 994 1102 sacta
1008 1085 1044 1102 es.
1059 1074 1200 1108 Quomodo
1215 1075 1285 1102 enim
1302 1074 1357 1102 [ieri
1375 1080 1459 1112 potest
1474 1074 1552 1102 illum
1565 1074 1640 1111 loqui
1652 1096 1660 1108 ‚
1677 1074 1720 1102 vel
1741 1084 1826 1112 reme-

267 1125 312 1152 dia
333 1124 452 1152 sanitatis
475 1122 610 1157 indicare,
632 1122 709 1159 cujus
730 1121 772 1149 vel
793 1132 850 1149 ossa
875 1122 1020 1160 putresticta
1041 1121 1128 1149 sunt?
1144 1120 1280 1158 Numquid
1299 1121 1383 1148 valuit
1406 1121 1478 1159 putei
1499 1120 1603 1158 abyssis
1619 1130 1767 1158 emergere,
1781 1120 1827 1158 qui

269 1172 366 1199 nedum
388 1177 540 1209 serpentum
561 1169 685 1196 vitaverit
711 1168 833 1203 aculeos,
850 1176 1019 1207 conspectum
1043 1169 1151 1196 illorum
1172 1168 1288 1206 effugere
1304 1168 1420 1205 nequivit
1435 1168 1447 1195 Ξ)
1462 1167 1564 1195 Eadem
1580 1167 1651 1194 enim
1666 1167 1724 1206 ipsa
1738 1167 1803 1195 hora
1819 1189 1827 1202 ‚

271 1230 322 1257 qua
350 1219 376 1246 in
402 1225 512 1258 puteum
539 1217 671 1255 projectus
695 1216 762 1251 fuit,
778 1216 850 1244 illico
865 1216 1055 1244 exterminatus
1068 1222 1124 1251 e›t;
1140 1215 1204 1252 quin
1224 1222 1248 1243 et
1269 1221 1328 1253 post
1350 1221 1455 1241 exactos
1473 1213 1627 1251 quindecim
1646 1224 1727 1242 annos
1741 1236 1749 1250 ,
1776 1225 1828 1242 non

269 1266 414 1304 putrefacta
428 1265 512 1293 solum
528 1287 534 1297 ,
550 1263 593 1291 sed
610 1263 636 1290 in
651 1263 751 1290 cineres
767 1262 872 1290 redacta
883 1262 1022 1290 esseillius
1040 1274 1098 1290 ossa
1114 1272 1271 1301 persuasum
1283 1261 1359 1289 nobis
1371 1267 1419 1289 est.
1435 1261 1494 1296 Abi,
1508 1260 1607 1288 nemini
1621 1259 1723 1288 dictum
1738 1261 1804 1289 velis
1817 1283 1826 1294 ‚

271 1324 303 1340 ne
315 1313 398 1340 risum
412 1321 544 1340 sermones
557 1310 593 1337 tui
612 1316 745 1337 moveant.
1442 1338 1444 1341 ,

311 1358 383 1393 Quid
401 1365 456 1386 tum
469 1357 481 1384 Ξ)
497 1356 586 1384 verbis
600 1356 709 1383 illorum
725 1355 837 1383 eredidit
849 1378 857 1389 ,
877 1355 944 1382 abiit
964 1355 1075 1382 domum
1086 1377 1093 1389 ,
1106 1354 1242 1391 siluitque.
1256 1353 1327 1387 Quin
1351 1360 1375 1380 et
1392 1351 1555 1391 jamdudum
1577 1352 1730 1391 neglexerat
1743 1351 1830 1380 vidua

270 1416 364 1445 panem
376 1404 578 1433 subministrare
592 1413 669 1440 quem
682 1403 755 1439 jussa
771 1410 825 1430 erat
837 1424 843 1435 ,
859 1401 979 1439 qnotidie
996 1402 1131 1439 injiciebat
1148 1400 1226 1438 [sicl
1241 1401 1251 1438 ]
1266 1401 1292 1428 in
1306 1401 1418 1429 foveam.

311 1452 366 1481 Vix
385 1452 485 1488 aliquot
504 1450 585 1489 elapsi
601 1456 674 1477 erant
688 1448 760 1483 dies,
775 1459 834 1475 cum
852 1458 903 1475 non
928 1448 1006 1475 modo
1033 1447 1112 1475 semel
1132 1454 1157 1475 et
1180 1447 1278 1474 iterum
1291 1468 1297 1480 ,
1313 1445 1358 1473 sed
1382 1445 1522 1483 quinquies
1548 1445 1673 1484 apparuit
1691 1445 1716 1474 ei
1738 1445 1808 1474 visio
1820 1467 1829 1482 ,

271 1499 432 1537 angelusque
447 1508 540 1535 magna
554 1503 578 1524 ct
590 1496 686 1524 minaci
706 1505 784 1529 voce,
801 1495 858 1522 Nisi
882 1496 1082 1533 quamprimum
1093 1517 1100 1530 ,
1118 1494 1204 1532 inquit
1217 1516 1224 1528 ‚
1238 1493 1402 1521 nuntiaveris
1405 1513 1511 1522 .....
1529 1492 1584 1520 noli
1599 1492 1691 1520 timere
1702 1503 1735 1520 ne
1745 1499 1771 1520 te
1785 1503 1830 1520 ca-

270 1546 374 1573 chinnis
386 1545 518 1583 excipiunt
532 1566 538 1577 ‚
556 1554 620 1571 neve
632 1542 797 1580 impossibile
812 1548 945 1580 reputent,
962 1542 1038 1569 illum
1060 1552 1107 1580 per
1130 1541 1285 1579 quindecim
1299 1550 1381 1568 annos
1400 1539 1496 1567 vivum
1518 1539 1674 1567 remansisse
1689 1550 1698 1576 5
1717 1539 1829 1577 angelus

270 1594 340 1620 enim
357 1592 403 1620 Dei
418 1592 513 1619 missus
527 1591 620 1627 estqui
636 1590 657 1617 ei
675 1590 857 1617 famularetur.
873 1589 931 1627 Ego
947 1600 1043 1628 panem
1058 1589 1220 1627 accipiebam
1235 1598 1324 1626 quem,
1337 1587 1405 1615 sicut
1416 1587 1484 1615 Etiae
1497 1609 1504 1622 ‚
1519 1586 1557 1614 sic
1569 1593 1594 1614 et
1610 1586 1743 1625 Gregorio
1765 1597 1831 1626 por—

271 1639 388 1675 rigebam
404 1651 408 1665 :
425 1638 464 1665 illi
490 1637 599 1674 quidem
619 1637 643 1664 in
667 1636 788 1670 deserto,
810 1636 873 1663 huic
892 1643 981 1664 autem
1005 1636 1031 1663 in
1055 1636 1160 1675 abyssis
1177 1643 1269 1669 terrae,
1294 1635 1339 1673 qui
1358 1634 1415 1661 loco
1435 1634 1498 1662 solis
1512 1633 1596 1661 lucidi
1618 1633 1744 1661 virtutem
1766 1633 1793 1661 in
1806 1644 1833 1662 se

270 1686 394 1713 habebat.
410 1685 501 1712 Priora
517 1695 575 1721 quae
595 1683 644 1711 tibi
669 1683 856 1710 nuntiaveram
872 1683 898 1710 in
916 1683 1030 1711 dubium
1047 1683 1175 1711 revocasti
1190 1689 1299 1721 propter
1319 1681 1459 1709 hominum
1475 1680 1687 1708 incredulitatem
1701 1691 1710 1716 5
1726 1689 1752 1708 at
1763 1690 1833 1708 nunc

270 1732 359 1760 verbis
376 1732 440 1759 mci<
464 1731 546 1759 fidem
559 1731 627 1758 liabe
642 1743 647 1757 z
668 1730 737 1757 nihil
759 1730 829 1757 enim
849 1729 1015 1768 impossibile
1027 1737 1063 1758 cst
1078 1729 1151 1768 apud
1170 1731 1267 1758 Deum.
1286 1727 1423 1765 Numquid
1446 1738 1497 1755 non
1510 1726 1602 1755 edocta
1618 1736 1645 1754 es
1655 1725 1789 1764 quomodo
1799 1726 1834 1754 de

269 1778 363 1806 laeuet
380 1790 393 1807 e
408 1779 495 1806 melio
517 1779 621 1805 leonum
637 1778 706 1805 same
730 1777 877 1804 furentium
900 1777 1027 1805 liberatus
1054 1778 1132 1804 suerit
1150 1777 1246 1805 Daniel
1263 1776 1276 1803 ,⁹
1290 1782 1336 1803 aut
1356 1774 1489 1812 quomodo
1510 1781 1562 1802 tres
1585 1773 1661 1812 pueri
1687 1772 1834 1801 incolumes

270 1826 442 1853 remanserint
464 1826 489 1853 in
505 1825 608 1853 ardenti
634 1825 742 1852 ssamma
757 1846 763 1859 ,
781 1824 858 1862 cujus
878 1824 992 1852 altitudo
1008 1824 1184 1862 quadraginta
1199 1833 1294 1851 nox-em
1314 1828 1467 1850 sanctorum
1486 1820 1650 1860 jejuniorum
1661 1819 1718 1848 dies
1731 1819 1832 1847 adum-
1872 1837 1875 1843 -

270 1872 370 1900 bmlm
382 1874 394 1900 Ἰ

315 1920 352 1945 An
370 1924 394 1945 te
406 1917 468 1945 latet
480 1916 615 1955 quomodo
639 1916 713 1944 arida
739 1927 797 1944 ossa
812 1927 857 1955 per
872 1917 964 1945 divina
981 1916 1165 1945 observantem
1181 1915 1307 1943 mandata
1327 1913 1490 1942 Ezechielem
1505 1936 1512 1949 ,
1528 1912 1639 1951 jubente
1654 1913 1724 1948 Deo,
1738 1922 1753 1940 a
1764 1922 1833 1950 qua-

271 1970 332 1990 tuor
343 1970 482 1991 rentorum
492 1963 612 2000 partibus
624 1963 650 1990 in
664 1973 757 2001 campo
772 1969 841 1990 mota
855 1962 963 1997 fuerint,
977 1968 1001 1989 et
1015 1961 1172 1989 accesserint
1188 1971 1271 1988 unum
1287 1959 1320 1987 ad
1336 1959 1459 1993 alterum,
1472 1968 1524 1985 non
1535 1957 1644 1985 fortuito
1656 1956 1774 1994 quidem,
1786 1956 1833 1985 sed

274 2010 482 2048 unumquodque
498 2009 695 2048 adjuncturam
708 2020 783 2037 suam
796 2009 809 2036 ?
826 2009 957 2047 Desuper
969 2020 1003 2036 ea
1026 2010 1137 2036 nei-viel
1151 2008 1237 2046 pellis
1254 2007 1373 2035 adducti
1392 2011 1459 2034 sunt
1473 2005 1641 2045 insufflatus
1653 2011 1695 2032 est
1715 2006 1747 2032 in
1764 2006 1833 2032 istos
1868 2008 1875 2019 “·

274 2058 441 2094 interlectos
464 2058 581 2095 spiritus
602 2059 672 2084 vitre
688 2069 695 2083 .-
711 2063 851 2084 steterunt
867 2067 951 2094 snper
972 2057 1057 2094 pedes
1084 2066 1150 2084 suos
1177 2057 1320 2083 exercitus
1340 2054 1459 2093 grandis
1483 2053 1584 2080 valde.
1599 2051 1650 2080 Ille
1665 2051 1773 2089 quidem
1795 2058 1834 2079 est

274 2104 418 2131 etiamnum
438 2104 519 2137 Dens,
541 2112 620 2139 quem
643 2103 790 2141 Gregorius
807 2102 936 2141 praedicat
948 2125 955 2139 ,
973 2102 1074 2140 quique
1100 2109 1193 2140 potens
1210 2108 1248 2129 est
1265 2100 1344 2129 illum
1358 2100 1385 2127 in
1410 2105 1490 2138 puteo
1505 2108 1621 2127 servare.
1635 2097 1680 2125 Tu
1697 2107 1762 2126 vero
1776 2107 1836 2126 ser-

274 2151 399 2178 monibus
418 2150 483 2178 meis
498 2149 578 2177 fidem
595 2149 672 2182 habe,
687 2159 783 2187 eosque.
801 2149 901 2188 populo
916 2149 1054 2177 annuntia.
1713 2136 1718 2146 ¹

319 2197 503 2225 Admiratione
524 2196 606 2224 simul
620 2202 645 2223 et
660 2203 758 2229 terrore
772 2196 893 2235 perculsa
921 2196 1018 2224 semina
1031 2206 1094 2224 cum
1116 2194 1284 2223 festinatione
1299 2193 1402 2221 intrans
1415 2198 1506 2220 narrat
1520 2190 1554 2219 ad
1567 2197 1702 2229 satrapas,
1722 2189 1769 2228 qui
1783 2189 1834 2218 do-

277 2255 334 2272 mus
349 2245 427 2282 regiae
442 2243 595 2282 praefectum
609 2250 756 2277 accersunt,
783 2243 946 2281 mittuntque
968 2243 1105 2271 confestim
1126 2245 1291 2271 Artaxatam.
1317 2241 1371 2276 Ito,
1395 2239 1537 2277 inquiunt,
1552 2245 1577 2266 et
1591 2237 1733 2276 deprecare
1755 2237 1834 2265 illum

276 2337 486 2365 auscultavimus
499 2346 505 2363 ε
522 2346 617 2375 perge,
631 2346 694 2363 voca
709 2346 769 2364 eum
786 2336 832 2373 qui
847 2347 894 2364 nos
915 2336 949 2364 de
974 2343 1066 2365 ventre
1077 2336 1153 2364 inferi
1169 2341 1312 2364 vocaturus
1331 2340 1368 2362 est
1383 2344 1389 2361 :
1403 2343 1527 2372 propera,
1544 2330 1713 2370 supplexque
1725 2329 1831 2368 postula

277 2382 311 2410 ab
323 2392 364 2418 co,
381 2393 459 2420 quem
475 2381 667 2410 contumeliose
680 2382 866 2419 tractavimus,
879 2389 908 2410 ut
925 2383 1138 2422 persecutoribus
1158 2382 1286 2420 ignoscat.

312 2471 338 2499 (t
353 2468 361 2499 )
382 2467 531 2492 Adu-nienm
553 2469 575 2491 in
594 2468 733 2491 Armeniam
754 2475 839 2491 saneta
855 2469 998 2500 Riphsime,
1013 2469 1180 2493 Christianam
1197 2467 1270 2492 fidem
1289 2466 1403 2499 amplexa
1421 2466 1500 2490 fuerat
1517 2472 1588 2488 soror
1599 2461 1720 2487 Tiridatis
1733 2462 1833 2486 nominc

278 2506 519 2535 Ktmsroxuloukhii,
531 2513 555 2530 et
570 2509 736 2537 virginitatem
751 2507 875 2531 servabat.

1867 2060 1875 2071 .

1864 2146 1870 2158 θ
