1906 2846
125 1307 182 1326 Gen.
196 1312 231 1333 27-

278 178 344 221 408
608 187 636 208 s.

275 249 452 288 blasphemat.
475 248 524 275 llic
540 246 642 274 nullius
668 246 747 284 pretii
771 256 826 274 esse
846 256 922 274 suam
937 246 1017 275 duxit

276 293 525 333 primogi-nituraru.
542 292 632 325 Quare
646 289 800 328 temporalis
814 300 908 317 curam
923 300 1017 341 gerens

275 339 387 377 quiitis
402 336 524 376 pervenit
536 336 616 364 ctiam
630 345 735 372 usque
729 334 764 362 ad
779 334 944 363 tendendam
959 336 1015 374 pri-

666 186 722 208 JOA
731 186 806 208 NNts
833 186 1015 210 CHRYSOST.
1048 187 1203 211 AnCfflEP.

1233 189 1294 211 CON
1302 189 1486 212 STAN'rtNOP
1493 204 1500 210 .

1073 250 1157 277 αὐτῶν
1172 251 1248 277 τοῦτο
1263 249 1460 286 συμὸάλλεται·
1483 249 1619 288 μονονουχὶ
1641 252 1716 278 τοῦτο
1735 249 1785 289 γὰρ
1800 249 1842 277 διὰ

1072 295 1163 324 τούτου
1184 294 1341 330 αἰνίττεται,
1358 294 1397 323 ὅτι
1413 296 1426 323 ὁ
1447 296 1550 333 πρῶτος
1564 294 1669 333 ὕστερος
1683 295 1780 334 γέγονε,
1796 295 1841 324 καὶ

1072 341 1109 369 5
1096 340 1214 379 οεύτερος
1227 352 1345 379 πρωτος·
1359 343 1433 373 οὗτος
1443 340 1486 368 διὰ
1496 340 1636 379 καρτερίαν
1649 352 1764 379 πρωτος,
1777 343 1819 370 ε’κε
1821 345 1841 368 ῖ-

278 393 338 420 ιιιο<δ
331 382 481 409 euituiam.
495 381 588 418 Itaque
600 379 729 418 suntjam
742 385 837 407 nostr-:e
852 379 1019 418 plimogeni-
1037 391 1054 413 C
1072 398 1113 418 νος
1126 386 1169 415 διὰ
1188 386 1340 427 ῥᾳθυμίαν
1333 386 1448 424 ύστερος
1461 386 1532 414 ’'lq-55
1547 385 1613 424 γὰρ,
1631 385 1724 424 φησὶν
1739 386 1778 414 ‘3¹32
1799 386 1843 414 καὶ

280 435 429 461 tur.1,uon
444 426 521 456 luda
515 437 554 455 οι
557 437 610 454 um
632 426 721 454 Simul
745 425 825 454 ctiam
850 426 900 454 hoc
919 427 1020 455 confert

274 473 359 502 vlu„
362 484 406 501 um
418 484 558 501 u1oe101em
575 473 616 501 lex
620 471 737 500 andum:
748 472 822 510 quasi
833 472 1021 511 diceret,quod

276 520 379 559 primus
393 520 479 547 sactus
503 519 537 547 sit
552 518 681 558 posterior
691 541 699 555 ,
719 518 803 556 etqui
819 526 874 547 erat
889 519 1020 547 secundus

275 565 358 592 factus
373 563 407 591 sit
423 563 525 602 primus
541 575 546 590 ι
570 562 615 590 ille
631 562 733 602 primus
744 585 751 595 ,
768 569 878 601 propter
892 570 1017 591 constan-

276 609 340 638 tiam
355 615 379 637 ct
395 608 633 644 tolerantiam;hic
644 608 791 647 posterior,
804 615 913 647 propter
927 619 1019 637 socor—

276 654 348 682 diam
366 660 388 681 et
400 652 601 691 negligentiam.
615 653 661 680 17,
673 652 780 680 Scitote
791 654 867 680 enim
878 655 1017 691 quoniam

277 704 303 726 et
325 703 425 736 postea
440 698 558 735 cupiens
581 697 745 725 hereditare
765 697 994 725 benedictionem
1007 720 1015 731 ,

276 742 444 780 reprobatus
463 747 505 769 est
519 751 526 767 .·
545 751 603 768 ηοη
618 742 695 768 enim
716 742 826 769 invenit
840 743 1018 780 poenitentia?

278 788 390 823 locum,
414 797 593 825 quamquam
613 797 678 815 cum
692 787 834 823 lacrymis
850 789 1017 826 inquisisset

277 843 350 861 eam.

315 880 344 907 5.
362 878 436 914 Quid
458 878 509 907 hoc
519 879 577 907 est?
591 878 736 918 expellitne
749 879 930 918 poenitentiam
940 880 953 908 .⁹
965 881 1018 908 Mi-

275 925 354 953 nime.
375 924 428 953 Sed
450 924 602 963 quomodo,
627 925 729 963 inquit,
754 926 915 964 poenitentiae
930 927 1018 955 locum

277 981 330 999 non
352 970 476 1000 invenit?
500 981 562 999 nam
587 971 609 1000 si
635 971 753 1010 seipsum
779 971 983 1009 condemnavit,
996 973 1018 1002 si

275 1016 355 1045 valde
370 1016 519 1055 ingemuit,
535 1027 583 1045 cur
600 1027 651 1045 non
669 1017 771 1046 invenit
784 1018 873 1046 locum
887 1018 1018 1058 poeniten-

279 1062 322 1090 tia:
333 1063 346 1091 ,⁹
359 1063 494 1097 Quoniam
509 1073 538 1091 ea
553 1073 593 1091 res
606 1073 658 1091 non
679 1070 734 1092 erat
755 1064 926 1102 poenitentiae.
942 1065 1018 1093 Sicut

277 1108 347 1137 enim
364 1119 411 1137 nec
421 1109 582 1148 poenitentiae
593 1115 647 1137 erat
661 1109 768 1138 tristitia
783 1109 858 1138 Caini
870 1133 876 1145 ‚
891 1117 919 1138 ut
931 1117 1018 1138 osten-

275 1154 314 1182 dit
324 1155 390 1183 facta
399 1154 584 1190 caedes‚ital1ic
594 1165 698 1192 quoque
708 1154 787 1182 verba
796 1165 847 1183 non
856 1162 928 1183 erant
936 1155 1019 1194 poeui-
1035 1162 1055 1185 D

275 1201 379 1237 tentite3
392 1200 473 1238 idque
481 1207 571 1239 postea
581 1200 697 1228 ostendit
708 1201 792 1228 caedes
801 1212 807 1227 ;
817 1211 878 1229 nam
887 1201 943 1239 ipse
952 1212 1018 1239 quo-

275 1256 337 1284 que,
349 1245 420 1284 quod
431 1245 465 1273 ad
476 1246 642 1274 voluntatem
654 1246 764 1282 attinet,
780 1247 863 1275 Jacob
876 1247 1016 1275 interfecit.

276 1291 564 1330 Appropinqreabunt
588 1291 657 1319 enim
673 1314 679 1325 ,
705 1291 791 1329 inquit
802 1314 809 1327 ‚
836 1293 897 1320 dies
923 1292 1018 1321 luctus

1075 432 1217 470 μετέπειτα
1239 435 1265 460 ΟΞ
1255 431 1320 460 έλων
1340 433 1539 488 κληρονρμησαι
1562 431 1610 466 τὴν
1627 432 1757 469 εὐλογιαν,
1774 433 1843 460 ἀπε-

1075 478 1238 516 ὃοκιμάσῡη·
1262 478 1400 515 μετανοίας
1417 477 1467 516 γὰρ
1492 477 1571 506 τόπον
1592 478 1641 516 οὐγ
1660 479 1730 516 εὓρε,
1746 476 1842 515 καίπερ

1075 524 1141 562 μετὰ
1157 524 1287 563 δακρύωνε
1281 525 1359 559 κζητ
1351 523 1433 559 ήσας
1450 535 1541 558 αυτην.

1111 883 1147 912 Τί
1165 882 1196 918 δὴ
1211 883 1287 912 τοῦτο’
1300 884 1386 918 {orm
1404 879 1455 921 ἆρα
1472 882 1509 920 μὴ
1525 882 1571 917 τὴν
1588 882 1728 920 μετάνοιαν
1744 882 1840 912 ἐκὸοίλ·

1071 930 1126 965 λει;
1138 930 1278 966 Οὐδαμῶς.
1289 928 1368 958 Ἀλλὰ
1378 931 1447 964 πῶς,
1460 940 1536 967 φησι,
1552 928 1691 966 μετανοίας
1703 928 1782 957 τόπον
1794 930 1842 967 οὐχ

1073 978 1161 1014 εὗρεν
1184 977 1206 1003 εἶ
1217 974 1269 1013 γὰρ
1283 975 1401 1013 κατέγνω
1413 976 1520 1009 ἑαυτοῦ,
1531 975 1553 1002 εἶ
1565 973 1690 1013 ἄνι’)μωξε
1704 974 1787 1012 μέγα,
1799 974 1842 1003 διὰ

1072 1020 1098 1048 τί
1113 1022 1162 1059 οὐχ
1182 1023 1239 1059 εὗρε
1255 1020 1334 1049 τόπον
1351 1032 1383 1058 με
1386 1020 1507 1053 τανοίας·
1501 1043 1508 1055 ,
1522 1019 1587 1049 Οτι
1602 1021 1647 1049 οὐκ
1659 1023 1690 1055 ἠν
1704 1019 1842 1057 μετανοίας

1072 1079 1101 1095 το
1115 1078 1235 1105 πραγμα.
1246 1066 1350 1105 (Ὠσπερ
1363 1065 1414 1104 γὰρ
1428 1069 1444 1101 ἡ
1458 1065 1529 1101 λυπη
1544 1069 1589 1094 τοῦ
1604 1066 1672 1094 Κᾶϊν
1687 1067 1732 1095 οὐκ
1744 1069 1775 1101 ἠν
1791 1078 1840 1104 με-

1072 1111 1192 1145 τανοίας,
1208 1112 1253 1140 καὶ
1271 1114 1284 1140 5
1306 1112 1380 1150 φόνος
1395 1111 1490 1144 ἔδειξεν
1501 1123 1506 1128 ·
1522 1111 1590 1139 οὕτω
1609 1111 1653 1139 καὶ
1669 1112 1777 1140 ἐνταῦθα
1794 1112 1840 1139 οὐκ

1072 1152 1102 1191 ἦν
1129 1157 1266 1194 μετανοίας
1287 1157 1320 1184 τὰ
1337 1156 1443 1195 ῥήματα
1455 1179 1462 1191 ,
1480 1156 1524 1185 καὶ
1541 1156 1607 1194 μετὰ
1629 1160 1710 1184 ταῦτα
1729 1159 1742 1185 ὁ
1765 1157 1840 1194 φόνος

1072 1203 1149 1236 ἔδειξε
1161 1215 1167 1220 ·
1192 1203 1236 1231 καὶ
1250 1202 1301 1241 γὰρ
1322 1203 1366 1230 καὶ
1386 1203 1461 1235 αὐτὸς
1482 1204 1514 1240 τῇ
1530 1202 1682 1241 προαιρέσει
1697 1203 1782 1230 ἀνεῖλε
1796 1201 1840 1229 τὸν

1072 1248 1178 1278 'landa
1191 1248 1343 1287 Ἔγγίσουσι
1362 1248 1428 1288 γὰρ,
1445 1248 1531 1287 φησιν,
1555 1249 1581 1275 αἱ
1603 1247 1701 1286 ἡμέραι
1715 1250 1760 1276 τοῦ
1774 1247 1840 1276 πέν-

1073 1298 1130 1327 Οους
1141 1297 1185 1322 τοῦ
1197 1294 1315 1333 πατρός
1311 1305 1374 1327 μου,
1387 1305 1431 1321 και
1443 1294 1580 1321 ἀποκτενω
1595 1291 1695 1321 lamb&
1707 1292 1750 1322 τὸν
1767 1293 1840 1322 ἀδελ-

275 1339 369 1375 patris
381 1339 445 1373 mei,
453 1344 479 1364 et
490 1336 666 1375 interficiam
674 1337 768 1365 Jacob
776 1338 903 1375 fratrem
912 1349 1016 1367 meum.

276 1383 335 1411 Non
347 1382 487 1411 valuerunt
501 1392 564 1420 crgo
576 1382 702 1422 lacrymae
714 1383 736 1410 ei
749 1382 813 1411 dare
825 1383 1015 1422 peonitentiam.

276 1429 311 1457 Et
325 1439 377 1457 non
393 1429 482 1463 dixit,
500 1430 550 1457 Per
566 1429 748 1468 poeniteutiam
760 1452 767 1463 ,
789 1430 923 1466 absolute;
945 1430 990 1458 sod
1005 1453 1014 1467 ‚

276 1475 365 1503 Etiam
381 1486 442 1503 cum
453 1475 581 1514 lacrymis
594 1486 645 1503 non
665 1475 766 1503 invenit
784 1475 872 1504 locum
887 1476 1016 1515 poeniten-

1073 1340 1118 1378 φόν
1141 1352 1199 1377 μου
1220 1339 1271 1367 Διὰ
1286 1341 1362 1367 τοῦτο
1373 1340 1419 1366 οὐκ
1434 1338 1526 1377 ἴσχυσε
1541 1337 1573 1366 τὰ
1588 1338 1688 1376 δάκρυα
1701 1338 1840 1375 μετάνοιαν

1072 1386 1143 1413 ozon.)
1165 1386 1260 1413 δοῦναι.
1276 1384 1329 1412 Και
1341 1385 1387 1413 οὐκ
1400 1387 1456 1412 εἰπε
1472 1383 1610 1422 μετανοίας
1628 1384 1718 1416 ἁπλως
1730 1406 1737 1419 ‚
1758 1384 1841 1419 ἀλλὰ,

1071 1431 1124 1460 Και
1143 1431 1210 1468 μετὰ
1233 1430 1352 1470 δακρύων
1365 1431 1510 1466 ἐκζητήσας
1521 1452 1528 1466 ,
1547 1429 1685 1468 μετανοίας
1699 1432 1778 1459 τόπον
1793 1432 1841 1470 οὐχ

1024 1504 1060 1522 287
1071 1473 1137 1515 εὗρε.
1155 1477 1190 1505 Τί
1205 1476 1301 1511 δήποτε
1311 1488 1319 1513 ;
1330 1476 1395 1505 “Ort
1409 1478 1436 1505 οὗ
1452 1476 1607 1515 μετενόησεν
1623 1476 1650 1505 ὃν
1665 1476 1717 1505 ἔδει
1729 1476 1838 1516 τρόπον·

276 1522 328 1550 tiae.
347 1522 550 1557 Quamobrem?
565 1523 698 1555 Quoniam
715 1533 766 1550 non
787 1522 921 1560 quomodo
937 1534 1014 1562 opor·
1033 1533 1051 1554 Α
1069 1527 1144 1552 τοῦτο
1159 1523 1210 1562 γάρ
1223 1524 1279 1551 ἐστι
1303 1523 1441 1560 μετάνοια·
1458 1524 1486 1551 οὐ
1509 1522 1664 1560 μετενόησεν
1690 1524 1725 1554 ὡς
1747 1523 1838 1562 ἐχρῆν.

275 1568 326 1596 tuit
341 1568 393 1606 egit
413 1568 614 1607 poenitentia1115
630 1568 680 1595 hoc
695 1568 764 1596 enim
780 1575 817 1596 est
839 1570 1012 1608 poenitentia3

276 1623 325 1641 nou
341 1613 395 1651 egit
407 1614 587 1652 potnitentiam
601 1620 629 1641 ut
641 1614 768 1652 oportuit.
781 1614 888 1652 Alioqui
902 1626 1014 1652 quomo-

1069 1569 1147 1598 Ἐπεὶ
1163 1572 1219 1601 πῶς
1233 1572 1316 1597 ταῦτα
1329 1569 1415 1608 ἔλεγε;
1433 1570 1488 1601 πῶς
1501 1569 1613 1607 νωθροὺς
1625 1568 1778 1607 γενομένους
1788 1580 1839 1597 πα-

1071 1616 1173 1654 ρεκάλει
1189 1615 1284 1651 πάλιν;
1302 1618 1356 1648 πῶς
1373 1615 1476 1654 χωλοὺς
1497 1615 1663 1653 γενομένους;
1678 1617 1733 1647 πῶς
1747 1626 1838 1653 παρα-

674 1727 849 1756 MUTIANO
872 1727 1126 1757 SCHOLASTICO
1150 1728 1401 1757 INTERPRETE.

276 1826 409 1855 tissimum
425 1824 594 1854 servitutem.
611 1825 773 1864 Hujusmodi
796 1827 896 1866 quippe
920 1827 1001 1856 homo
1023 1827 1120 1866 saepius
1145 1827 1226 1855 etiam
1251 1826 1436 1866 blasphemare
1452 1836 1500 1865 pro
1522 1826 1608 1855 nihilo
1624 1832 1718 1866 putat,
1738 1826 1839 1856 nullius

276 1873 401 1901 momenti
418 1879 509 1912 pensat
532 1872 670 1912 primitiva
687 1884 733 1901 sua
749 1873 903 1911 nulliusque
918 1873 1081 1912 dignaminis
1099 1887 1104 1902 ι
1120 1874 1170 1902 hoc
1191 1881 1244 1909 est,
1265 1874 1311 1911 qui
1334 1884 1382 1912 pro
1397 1873 1571 1902 delectatione
1594 1873 1783 1912 temporalium
1797 1884 1840 1902 rc-

274 1931 352 1954 rum,
369 1930 453 1958 usque
465 1919 500 1948 ad
515 1919 653 1948 vendenda
669 1919 808 1958 primitiva
829 1931 877 1948 sua
899 1921 1031 1959 pervenit.
1050 1920 1167 1949 Proinde
1182 1931 1234 1949 non
1249 1927 1311 1948 suut
1325 1919 1479 1949 Judoeorum
1499 1919 1637 1959 primitiva
1649 1942 1657 1957 ‚
1680 1919 1726 1948 scd
1740 1926 1838 1948 nostra.

275 1968 337 1995 Hine
351 1974 440 1996 autem
461 1978 519 2005 quae
537 1966 674 2003 dicuntur,
694 1967 774 1995 etiam
789 1967 824 1996 ad
842 1967 984 1996 levandam
1005 1968 1155 2007 passionem
1179 1967 1300 1995 moeroris
1325 1977 1417 1995 eorum
1440 1967 1519 1995 valde
1540 1967 1684 2006 proficiunt
1698 1979 1705 1995 ε
1721 1967 1767 2006 qui
1782 1968 1838 2007 pri-

275 2024 347 2049 mus,
364 2021 514 2053 postremus
530 2014 639 2042 effectus
660 2021 716 2051 est,
733 2021 758 2042 et
772 2014 904 2043 secundus
925 2015 1028 2043 exstitit
1043 2014 1147 2054 primus
1163 2026 1169 2043 z
1186 2014 1234 2042 istc
1248 2025 1295 2053 per
1310 2013 1463 2052 patientiam
1474 2036 1483 2049 ,
1500 2014 1546 2042 ille
1562 2025 1623 2043 vero
1638 2025 1685 2053 per
1700 2014 1838 2053 negligen-

275 2061 349 2090 tiam.
376 2061 483 2089 Scitote
508 2062 603 2097 enim,
622 2060 725 2098 inquit,
752 2063 892 2099 quoniam
909 2067 936 2089 et
950 2067 1052 2099 postea
1075 2063 1192 2099 cupiens
1220 2061 1384 2089 hereditare
1404 2061 1650 2095 benedictionem,
1667 2062 1838 2099 reprobatus

275 2114 316 2136 est
333 2119 341 2134 :
359 2118 417 2135 non
429 2109 505 2135 enim
523 2109 635 2135 invenit
651 2109 828 2145 poenitentiae
842 2108 934 2135 locum
946 2130 953 2143 ,
967 2109 1101 2146 quamvis
1121 2118 1185 2135 eam
1201 2118 1265 2135 cum
1284 2108 1426 2143 lacrymis
1440 2107 1617 2144 inquisisset.

315 2153 390 2188 Quid
409 2153 454 2181 hic
476 2153 614 2181 dicimus?
629 2164 694 2182 num
716 2153 897 2193 poenitentiam
919 2154 1019 2182 Paulus
1040 2153 1183 2182 excludit?
1202 2154 1385 2191 Nequaquam.
1410 2152 1553 2187 Quomodo
1576 2163 1639 2191 ergo
1662 2152 1750 2190 dicit,
1766 2153 1839 2191 quod

275 2212 327 2230 non
343 2201 473 2231 inveniret
496 2201 658 2240 poeniteutiae
680 2201 791 2230 locum.⁰
813 2202 835 2230 si
857 2202 927 2230 enim
951 2202 1071 2241 culpavit
1094 2201 1284 2240 semetipsum,
1299 2201 1321 2229 si
1337 2199 1480 2239 gemitibus
1502 2200 1606 2238 magnis
1620 2200 1767 2239 ingemuit,
1791 2211 1839 2229 cur

276 2249 436 2289 poenitentiae
453 2248 541 2276 locum
558 2259 608 2276 nou
622 2249 719 2277 meruit
738 2249 857 2278 invenire
869 2250 882 2277 ἱ)
897 2249 1033 2285 Quoniam
1049 2259 1101 2277 non
1119 2255 1175 2277 erat
1195 2249 1242 2276 illa
1256 2247 1420 2287 poenitentia.
1440 2247 1516 2275 sicut
1531 2254 1556 2275 et
1571 2247 1680 2276 tristitia
1702 2248 1767 2276 Cain
1784 2259 1837 2278 non

277 2308 311 2325 ex
323 2296 477 2335 poenitentia
496 2295 691 2333 descendebat,
706 2296 778 2334 quod
798 2296 894 2325 occisio
909 2297 997 2325 fratris
1011 2297 1116 2336 aperuit
1129 2308 1135 2324 :
1149 2296 1188 2325 sic
1199 2296 1279 2324 etiam
1294 2295 1338 2323 hic
1349 2306 1400 2323 non
1417 2302 1492 2323 erant
1512 2295 1559 2323 illa
1574 2295 1655 2324 verba
1669 2296 1838 2335 poenitentiae.

278 2346 348 2373 Nam
369 2344 452 2372 ethic
473 2343 561 2372 [rau-is
584 2343 715 2371 occisione
736 2343 876 2382 depalatur
891 2356 897 2371 :
913 2344 1150 2383 quandoquidem,
1168 2350 1296 2382 quantum
1318 2343 1351 2371 ad
1366 2343 1424 2382 ejus
1438 2343 1604 2371 voluntatem
1618 2343 1742 2381 attinuit,
1759 2344 1838 2373 ctiam

278 2393 334 2431 ipse
348 2391 423 2420 fratri
446 2402 494 2419 suo
516 2391 599 2421 Jacob
623 2390 714 2419 intulit
740 2397 852 2419 mortem
867 2402 947 2420 :nam
967 2392 1005 2421 sic
1017 2392 1107 2421 dixit:
1123 2394 1361 2431 Appropinquat‚
1383 2391 1486 2429 inquit,
1502 2392 1562 2419 dies
1582 2393 1727 2429 passionis
1744 2394 1838 2430 patris

280 2442 349 2475 mei,
369 2446 394 2468 et
415 2439 591 2478 interficiam
607 2439 701 2468 Jacob
714 2439 839 2477 fratrem
860 2449 967 2469 meum.
989 2441 1049 2468 Non
1071 2450 1133 2478 crgo
1148 2439 1290 2468 valuerunt
1305 2439 1366 2467 solae
1382 2439 1509 2477 lacrymae
1523 2438 1706 2477 poenitentiam
1727 2438 1768 2466 illi
1787 2439 1836 2467 tri‘

280 2486 368 2515 buere.
390 2486 426 2515 Et
440 2496 491 2514 nou
512 2486 583 2514 dixit
599 2485 773 2525 simpliciter,
795 2485 858 2523 quia
873 2496 920 2524 per
934 2486 1117 2524 poenitentiam
1130 2486 1273 2524 quaesivit3
1287 2485 1351 2523 sed,
1366 2486 1435 2514 Cum
1454 2485 1580 2524 lacrymis
1592 2484 1732 2522 inquisivit
1748 2486 1836 2524 poeni-

281 2533 368 2560 tentiae
383 2533 470 2560 locum
481 2555 489 2566 ,
511 2539 536 2561 ct
559 2543 611 2561 non
635 2532 745 2561 invenit.
759 2531 833 2568 Quid
847 2542 909 2570 ergo
924 2531 1056 2569 diuinum,
1077 2533 1128 2561 nisi
1149 2533 1212 2571 quia
1227 2543 1278 2560 non
1303 2532 1426 2571 poenituit
1442 2538 1471 2560 ut
1485 2531 1632 2559 convenit?
1647 2531 1697 2560 hoc
1710 2532 1781 2560 enim
1796 2539 1835 2561 est

284 2579 450 2618 poenitentia,
464 2586 492 2608 ut
507 2586 681 2619 congruenter
696 2586 811 2619 geratur.
830 2579 935 2618 Alioqui
954 2579 976 2608 si
990 2580 1173 2620 poenitentiam
1186 2580 1310 2618 damnat,
1326 2579 1459 2618 quomedo
1478 2578 1574 2607 iterum
1591 2578 1663 2609 velut
1677 2589 1768 2618 segnes
1782 2579 1833 2608 ad-
