1886 2846
424 163 455 185 ῙΝ
485 161 593 185 El'lST.

96 226 114 268 ἦ
128 228 172 258 καὶ
186 229 199 257 ὁ
213 227 329 261 κλέπτης
344 222 387 261 ἧν,
401 224 493 264 ἀθρόον
508 224 552 253 ἐπὶ
566 224 609 252 τὸν
628 221 763 261 βασιλικὸν
780 219 868 259 θρόνον

95 288 140 317 καὶ
156 286 203 321 τὴν
219 284 360 324 ἁλουργίδα
372 283 474 323 ἀγέσθω
484 296 490 301 ·
507 285 603 316 ἐκεῖνος
617 282 645 312 δὲ
659 283 671 310 ὁ
683 281 800 316 κλέπτης
816 281 870 309 ἐκεῖ

99 345 212 384 μενέτω,
222 344 282 374 ἔνθα
296 339 337 379 ἦν,
353 343 405 371 ἀπὸ
421 342 447 372 δὲ
462 344 508 377 τῆς
524 340 719 381 φιλανθρωπίας
733 340 811 378 μόνον
824 341 871 374 τῆς

102 405 241 443 βασιλικῆς
262 402 299 441 μὴ
322 401 415 430 διδότω
441 401 516 436 δίκην
537 396 572 429 ὧν
593 400 717 439 ἔδρασεν,
734 400 760 428 ἐν
780 397 870 438 μέντοι

101 466 139 501 τῷ
152 461 258 501 ἐσχάτῳ
269 460 342 500 τόπῳ
354 460 431 496 ἔστω,
441 460 485 489 καὶ
500 460 550 488 ὑπὸ
561 461 599 499 τῷ
611 460 715 497 βασιλεῖ
727 457 870 486 ταττέσθω·

103 517 155 562 ἔρα
176 521 241 550 οἴσει
260 521 308 555 τὴν
325 519 455 558 ἀθυμίαν,
471 519 528 548 εἰπέ
549 531 607 556 μοι,
623 518 684 548 ὅταν
706 518 748 556 ἴδῃ
764 518 807 546 τὸν
828 516 875 555 μὲν

103 582 160 619 μετ’
175 581 254 610 αὐτοῦ
273 581 338 619 πρὸς
364 579 445 614 αὐτ-ἢν
470 578 553 613 δήπου
571 578 712 607 ἀνελθόντα
727 578 778 605 τῶν
795 576 875 610 ἀξιω-

104 639 195 678 μάτων
215 640 262 675 τὴν
285 639 410 679 κορυφὴν,
431 638 475 668 καὶ
494 638 562 667 οὕτω
583 637 705 676 λαμπρὸν
727 637 875 674 γενόμενον,

103 699 148 728 καὶ
166 701 214 735 τῆς
233 698 386 737 οἷκουμένης
402 701 564 737 κρατοῦντα,
580 697 672 726 ἑαυτὸν
691 696 717 725 δὲ
741 696 780 725 ἔτι
803 696 876 725 κάτω
896 701 914 722 Α

105 757 232 795 μένοντα,
243 757 288 786 καὶ
299 757 357 786 οὐδὲ
371 756 433 786 αὐτὸ
444 756 473 785 τὸ
490 755 526 795 μὴ
541 757 702 790 κολασθῆναι
716 756 782 793 μετὰ
797 755 877 793 τιμῆς

108 817 119 827 Y
235 819 243 827 3
281 818 287 826 ἲ
315 818 322 825 *⁸
349 817 355 826 ἲ
391 818 407 824 Ν
465 815 471 825 Ι
597 815 601 824 l
636 817 652 823 Ν
711 816 719 824 ἱ
840 813 846 822 Ι

104 829 214 856 εχοντα,
229 818 280 846 αλλ
308 829 362 846 απο
374 828 421 850 της
435 827 544 855 χαριτος
562 827 606 844 και
621 827 667 849 της
682 816 878 853 φιλανθριιηιας

105 879 151 905 τοῦ
167 875 370 915 βασιλέως;κᾶν
389 874 439 913 γὰρ
461 876 515 914 ἀφ’-ᾗ
535 877 548 903 ὃ
564 873 700 912 βασιλεὺς,
715 873 759 901 καὶ
781 874 878 911 ἔγκλη-

138 934 144 942 ι
216 935 223 943 ι
282 934 292 944 ³
310 933 330 943 ιν
377 935 384 944 ³
422 935 428 944 ³
445 933 458 945 υ
548 935 555 943 -‚
634 933 639 941 r
773 931 779 941 l

108 946 197 972 ματων
209 934 421 972 απαλΛαςῃ,αλλ
443 945 515 971 ομως
530 944 717 972 αισχυνομενος
735 934 860 970 βιωσεται
872 942 878 947 ·

107 995 136 1022 οὗ
157 993 208 1032 γὰρ
228 992 259 1027 δὴ
285 992 329 1021 καὶ
355 992 430 1021 ἄλλοι
452 992 527 1021 αὐτὸν
549 991 738 1029 θαυμάσονται.
761 991 807 1019 Ἔν
828 990 879 1029 γὰρ

108 1056 166 1084 ταῖς
187 1051 321 1083 τοιαύταις
341 1050 541 1089 συγχωρήσεσιν
563 1051 591 1078 οὗ
613 1049 673 1082 τοὺς
696 1049 880 1087 λαμὸάνοντας

109 1110 142 1139 τὰ
162 1110 251 1149 δῶρα,
266 1108 334 1138 ἀλλὰ
352 1107 411 1141 τοὺς
425 1108 544 1140 διδόντας
566 1108 747 1146 θαυμάζομεν
763 1108 808 1136 καὶ
827 1108 880 1149 ὅσῳ

110 1168 141 1196 ἂν
160 1167 265 1206 μείζονα
288 1168 352 1195 δῶσι
373 1167 460 1205 δῶρα,
475 1166 591 1206 τοσούτῳ
613 1167 713 1204 μᾶλλον
733 1167 881 1207 καταισχυ-

110 1237 198 1254 νονται
221 1226 245 1253 οἱ
269 1225 464 1263 λαμέῗανοντες,
483 1225 545 1254 ὅταν
572 1226 675 1265 μεγάλα
699 1222 716 1265 ἦ
739 1227 826 1259 αὐτοῖς
849 1225 882 1255 τὰ

112 1284 298 1323 ἡμαρτημένα.
313 1285 404 1317 noim<
423 1279 466 1313 οἶν
491 1286 635 1324 ὀφθαλμοῖς
658 1285 814 1325 ἀντιῖλέψαι
835 1287 880 1315 δυ-

113 1343 221 1377 νήσεται
235 1345 248 1371 ὁ
263 1345 377 1374 τοιοῦτος
391 1347 444 1375 τοῖς
458 1344 482 1371 ἐν
497 1347 550 1376 τοῖς
566 1344 707 1382 βασιλείοις
719 1340 800 1381 οἶσιν,
812 1345 881 1374 ἐκεί-

113 1413 164 1430 νων
180 1401 287 1441 μυρίους
298 1402 410 1440 ἷδρῶτας
427 1401 472 1430 καὶ
491 1401 633 1439 τραύματα
652 1403 882 1441 ἐπιδεικνυμένων,

116 1459 191 1492 αὐτὸς
204 1459 276 1488 οὐδὲν
289 1459 357 1498 ἔχων
372 1459 587 1494 ἐπιδεῖξαι,ἀ>ὰὰ
598 1460 643 1488 καὶ
655 1461 716 1489 αὐτὸ
728 1461 757 1489 τὸ
769 1463 884 1496 σωθῆναι

122 1520 129 1526 η
156 1519 162 1527 x
211 1518 217 1528 Ι
290 1520 306 1527 Ν
365 1521 379 1527 ὐ
445 1522 462 1528 κ·
632 1518 638 1527 Ι
685 1519 697 1530 Y
777 1520 790 1531 (Ι

115 1530 168 1547 απο
183 1530 263 1556 μονης
274 1530 321 1553 της
335 1531 379 1547 του
391 1520 462 1548 Θεου
475 1520 670 1558 φιλανθρωπιας
682 1531 765 1559 εγ-ωνς
789 1522 883 1562 Ωσπερ

114 1577 165 1616 γὰρ
191 1577 216 1604 εἷ
237 1589 276 1609 τις
304 1577 468 1616 ἀνδροφόνον,
487 1577 614 1612 κλέπτην,
637 1578 730 1617 μοιχὸν
757 1579 886 1617 μέλλοντα

116 1635 264 1673 ἀπάγεσθαι
285 1635 514 1670 &atriensem-zi
530 1635 674 1664 κελεύσειεν
689 1632 755 1665 εἶναι
769 1638 842 1676 παρὰ
854 1639 887 1667 τὰ

116 1688 233 1726 πρόθυρα
255 1689 307 1715 τῶν
325 1687 475 1725 βασιλείων,
497 1687 580 1715 οὐδενὶ
606 1688 744 1723 δυνήσεται
769 1689 887 1718 ἀντιὸλέ-

622 160 667 182 An
694 157 862 182 HEBRAEOS.
891 156 966 179 CAP.
995 154 1056 179 vn.

886 672 921 690 137
933 679 937 683 ·

1086 153 1205 177 nomin.
1231 152 1301 176 xm.
1608 139 1672 186 195

923 219 960 247 Ut
975 223 1065 246 autem
1081 215 1205 254 exemplo
1225 214 1275 242 hoc
1291 213 1402 253 planum
1417 212 1514 240 faciam
1528 223 1533 239 ε
1550 212 1602 240 siut
1615 212 1670 240 duo

923 265 1033 301 milites,
1049 270 1074 291 et
1091 262 1159 290 alter
1175 260 1287 299 quidem
1311 260 1426 296 furetur,
1448 258 1528 286 saciat
1542 258 1670 296 injuriam

923 319 948 341 et
969 310 1055 339 aliena
1070 308 1198 344 invadat3
1215 307 1260 336 hic
1282 317 1346 336 vero
1367 305 1437 335 nihil
1455 305 1554 334 horum
1578 304 1669 341 faciat,

925 357 970 387 sed
987 356 1090 385 sortiter
1110 366 1138 384 se
1159 360 1243 393 gerat,
1262 353 1389 393 praeclara
1412 352 1473 381 edat
1491 351 1619 387 facinora,
1643 351 1670 380 in

926 404 1004 433 bellis
1021 410 1120 442 tropaea
1138 407 1246 436 statuat,
1268 399 1387 428 hostium
1402 398 1533 437 sanguine
1552 404 1672 426 cruentet

926 450 1063 479 dexteram
1078 461 1084 476 :
1096 447 1193 476 deinde
1207 446 1366 475 adveniente
1378 452 1506 484 tempore,
1519 444 1553 472 ab
1564 444 1610 472 illa
1623 443 1670 472 di-

929 497 1030 536 gnitate
1044 496 1071 524 in
1085 505 1137 533 qua
1151 493 1231 522 etiam
1244 493 1288 521 fur
1302 492 1348 520 ille
1359 497 1424 524 erat,
1437 497 1545 529 repente
1557 489 1672 518 ducatur

929 542 963 570 ad
973 542 1062 571 sedem
1074 540 1184 579 regiam,
1195 546 1221 567 et
1234 538 1364 567 induatur
1376 547 1495 576 purpura
1506 547 1514 573 ;
1525 536 1570 564 hic
1582 542 1672 564 autem

930 587 987 615 illie
1000 591 1114 621 maneat,
1126 584 1173 612 ubi
1190 590 1256 618 erat,
1271 580 1458 611 tantummodo
1472 580 1612 609 clementia
1627 590 1671 608 re-

930 633 982 671 gia,
998 642 1050 660 non
1063 631 1108 659 det
1122 641 1211 670 poenas
1222 639 1315 658 eorum
1330 638 1388 666 quae
1400 627 1520 665 admisit,
1536 626 1570 655 sit
1584 633 1672 655 autem

931 690 958 707 in
976 679 1033 707 loco
1051 677 1164 713 ultimo,
1186 683 1211 704 ct
1232 675 1282 704 sub
1304 685 1364 713 rege
1384 673 1546 702 collocetur:
1561 673 1674 709 sei-etue,

931 725 975 754 dic
997 735 1103 763 quaeso,
1119 723 1201 751 animi
1217 720 1404 760 aegritudinem
1417 743 1423 754 ‚
1445 718 1553 758 quando
1574 719 1676 747 viderit

931 783 992 800 etun
1011 770 1120 809 quidem
1142 769 1188 807 qui
1211 775 1267 797 erut
1282 778 1344 796 cuin
1369 766 1440 806 ipso,
1465 765 1615 794 ascendisse
1641 765 1676 794 ad

932 819 1021 857 ipsum
1031 817 1195 855 dignitatum
1205 814 1355 853 fastigium,
1366 820 1391 841 et
1402 812 1518 841 evasisse
1531 812 1596 840 adeo
1606 824 1676 851 prae-

933 865 1046 899 clarum,
1059 870 1084 892 et
1099 863 1172 891 orbis
1183 869 1259 890 terrae
1277 868 1363 889 tenere
1380 859 1578 899 principatum3
1591 869 1618 887 se
1629 869 1678 887 au-

934 917 986 939 tem
1002 910 1070 938 infra
1086 919 1204 943 manere,
1227 914 1252 935 et
1266 917 1314 934 nec
1327 905 1355 934 id
1370 906 1458 944 ipsum
1470 904 1590 943 quidem,
1605 905 1678 943 quod

933 967 986 984 non
1000 955 1079 984 luerit
1098 954 1272 993 supplicium,
1287 952 1386 980 habere
1400 962 1462 980 cum
1476 951 1586 987 honore,
1604 951 1650 980 sed
1663 963 1678 980 a

934 1002 1020 1040 gratia
1037 1008 1062 1029 et
1082 999 1221 1028 clementia
1242 998 1336 1035 regia?
1350 1009 1410 1026 nam
1433 997 1536 1025 etiamsi
1551 1008 1600 1026 rex
1617 1009 1678 1027 eum

934 1046 1078 1082 dimiserit,
1091 1053 1117 1073 et
1130 1056 1145 1073 a
1161 1044 1322 1072 criminibus
1336 1043 1491 1077 absolverit,
1504 1043 1579 1072 vivet
1591 1050 1678 1072 tamen

936 1091 1038 1132 pudore
1050 1091 1161 1119 affectus
1173 1096 1197 1118 et
1210 1089 1356 1127 ignominia
1370 1100 1376 1115 :
1391 1099 1442 1116 non
1456 1090 1526 1117 enim
1541 1090 1620 1119 etiam
1633 1091 1679 1119 alii

936 1149 997 1167 eum
1013 1136 1230 1166 admirabuntur.
1246 1135 1317 1163 Nam
1338 1134 1365 1162 in
1388 1134 1519 1172 ejusmodi
1542 1136 1680 1166 condona-

937 1184 1055 1214 tionibus
1067 1193 1118 1212 non
1130 1193 1173 1211 eos
1183 1181 1349 1209 admiramur
1360 1180 1406 1218 qui
1420 1180 1565 1219 accipiunt,
1581 1182 1626 1211 sed
1637 1194 1681 1213 cos

936 1231 984 1270 qui
996 1230 1097 1259 donant
1109 1241 1114 1256 ε
1127 1236 1153 1257 et
1165 1238 1217 1266 quo
1230 1227 1331 1266 majora
1346 1225 1414 1254 dona
1434 1226 1566 1262 dederint,
1578 1239 1607 1256 eo
1625 1240 1682 1258 ma-

934 1278 986 1318 jori
1000 1278 1102 1318 pudore
1115 1276 1272 1304 afficiuntur
1286 1273 1332 1312 qui
1347 1273 1491 1312 accipiunt,
1504 1274 1612 1311 quando
1624 1287 1680 1304 ma.

938 1335 990 1364 gna
1011 1323 1128 1352 admissa
1150 1328 1213 1350 sunt
1232 1321 1267 1349 ab
1287 1321 1325 1348 eis
1349 1327 1467 1359 peccata.
1491 1320 1598 1356 Quibus
1619 1332 1682 1361 ergo

937 1371 1023 1400 oculis
1036 1370 1057 1398 is
1070 1368 1168 1398 intueri
1180 1367 1278 1407 poterit
1292 1377 1335 1395 eos
1348 1366 1393 1405 qui
1406 1373 1468 1395 sunt
1484 1368 1512 1395 in
1525 1367 1608 1406 regia,
1628 1368 1683 1398 illis

938 1417 1048 1446 sudores
1068 1414 1277 1444 innumerabiles
1296 1420 1321 1442 et
1339 1413 1450 1442 vulnera
1469 1414 1680 1450 ostendentibus,

939 1473 1001 1491 cum
1018 1462 1075 1502 ipse
1092 1461 1162 1490 nihil
1179 1460 1263 1499 possit
1281 1459 1430 1494 ostendere,
1447 1458 1494 1487 sed
1505 1466 1530 1487 et
1541 1460 1614 1498 quod
1625 1461 1682 1489 sal—

939 1519 990 1538 vus
1009 1509 1086 1537 abeat
1104 1518 1119 1536 a
1136 1507 1193 1536 sola
1218 1506 1270 1535 Dei
1295 1505 1462 1544 benignitate
1479 1512 1505 1534 et
1524 1506 1684 1535 clementia?

940 1553 1176 1590 Quemadmodum
1195 1553 1267 1581 enim
1284 1551 1306 1581 si
1319 1551 1379 1590 quis
1399 1551 1570 1588 homicidam,
1586 1552 1684 1589 furem,

940 1600 1091 1629 adulterum
1115 1599 1149 1628 ad
1180 1598 1343 1638 supplicium
1368 1598 1463 1637 capitis
1494 1597 1683 1627 adducendum

940 1644 1035 1673 donari
1051 1645 1102 1673 sibi
1124 1643 1308 1683 postulaverit,
1323 1650 1349 1671 et
1369 1653 1430 1671 eum
1449 1653 1504 1671 esse
1525 1643 1634 1681 jusserit
1657 1643 1683 1671 in

941 1691 1081 1720 vestibulis
1097 1691 1191 1729 regiae;
1213 1690 1260 1718 ille
1275 1690 1334 1729 jam
1350 1700 1497 1728 numquam
1513 1690 1610 1728 poterit
1632 1690 1684 1718 ali-

541 1801 719 1830 ML'TIANO
741 1802 993 1832 SCHOLASTICO
1016 1802 1269 1832 INTERPRETE.

119 1903 189 1930 mus,
204 1903 384 1932 proponamus
399 1892 468 1921 duos
482 1893 582 1921 milites
594 1900 636 1922 :et
648 1904 716 1922 unus
728 1894 837 1932 quidem
851 1896 956 1924 furetur
966 1902 991 1924 et
1002 1902 1109 1934 appetat
1120 1895 1206 1924 aliena
1217 1906 1225 1931 ;
1237 1894 1307 1922 alius
1322 1901 1411 1922 autem
1424 1894 1492 1923 nihil
1510 1894 1608 1922 horum
1619 1905 1684 1934 ope-

120 1947 203 1976 retur,
215 1939 262 1968 sed
275 1939 465 1978 benignitatem
479 1939 563 1968 solum
577 1939 708 1975 ostendat,
724 1941 838 1970 virtutes
854 1941 986 1980 plurimas
1000 1947 1133 1981 operetur,
1152 1941 1178 1969 in
1195 1940 1295 1980 praeliis
1307 1947 1407 1980 tropaea
1430 1941 1515 1969 multa
1529 1941 1684 1976 constituat,

119 1987 260 2017 dexteram
274 1998 349 2017 suam
363 1986 462 2016 efficiat
476 1998 508 2016 ex
524 1988 646 2016 hostibus
661 1995 826 2017 cruentatam
836 1989 946 2018 :deinde
957 1997 1077 2029 tempore
1091 1989 1257 2025 adveniente,
1268 1988 1314 2017 ille
1323 1988 1434 2027 quidem
1447 1999 1480 2017 ex
1493 1989 1539 2017 illa
1556 1988 1688 2027 dignitate

122 2035 235 2071 militiae,
251 2035 278 2064 in
293 2046 344 2074 qua
361 2041 385 2064 et
399 2036 443 2063 sur
455 2035 502 2063 ille
515 2041 583 2070 erat,
597 2042 703 2074 repente
717 2035 753 2064 ad
765 2036 854 2075 regale
866 2037 962 2065 solium
978 2044 1003 2065 et
1018 2035 1053 2064 ad
1067 2046 1218 2076 purpuram
1235 2035 1417 2074 provehatur,
1434 2035 1480 2063 ille
1495 2034 1605 2073 quidem
1630 2035 1688 2063 illic

121 2089 274 2122 permaneat
285 2082 332 2111 ubi
348 2089 415 2117 erat,
425 2081 471 2111 sed
485 2092 520 2110 ex
537 2081 720 2111 misericordia
734 2082 790 2111 sola
805 2082 938 2122 imperiali
952 2093 1003 2111 non
1023 2083 1080 2111 luat
1101 2082 1233 2122 supplicia
1248 2092 1342 2111 eorum
1358 2092 1417 2120 qum
1439 2082 1532 2120 gessit,
1549 2082 1583 2110 sit
1597 2089 1687 2110 autem

121 2130 148 2158 in
166 2129 225 2158 loco
237 2129 396 2165 novissimo,
412 2136 438 2158 et
452 2128 503 2158 sub
514 2130 678 2168 Imperatore
693 2129 873 2158 constituatur
896 2141 902 2157 ε
921 2140 973 2158 non
990 2130 1032 2168 [f.
1044 2131 1130 2167 num]
1144 2128 1286 2157 sustinebit
1302 2139 1454 2162 moerorem,
1470 2128 1514 2157 dic
1530 2129 1609 2165 mihi,
1626 2140 1688 2158 cum

121 2177 221 2206 viderit
234 2178 313 2206 illum
326 2177 446 2216 quidem,
459 2177 506 2215 qui
520 2187 582 2206 cum
594 2188 623 2206 eo
638 2184 704 2212 erat,
719 2177 755 2206 ad
768 2188 903 2206 summam
919 2177 1068 2206 ascendisse
1082 2177 1251 2216 dignitatem,
1266 2183 1291 2205 et
1307 2176 1342 2204 ita
1355 2176 1459 2204 clarum
1479 2177 1588 2213 factum,
1603 2183 1628 2205 et
1644 2183 1688 2206 to—

123 2231 179 2253 tum
192 2224 324 2253 mundum
334 2225 469 2262 obtinere;
484 2235 512 2253 se
525 2231 615 2253 autem
629 2224 656 2253 in
671 2225 770 2253 infimis
782 2224 985 2264 perdurantem,
1001 2231 1026 2253 et
1040 2223 1171 2263 idipsum,
1183 2223 1255 2262 quod
1269 2233 1320 2252 non
1337 2223 1478 2262 suppliciis
1492 2223 1620 2260 afficitur,
1631 2223 1690 2252 sine

119 2272 210 2311 aliquo
228 2272 328 2301 honore
341 2272 494 2310 habentem,
510 2272 558 2301 sed
571 2283 605 2301 ex
628 2272 715 2311 gratia
729 2272 785 2301 sola
808 2279 832 2301 et
854 2272 1039 2301 misericordia
1062 2271 1260 2312 Imperatoris?
1278 2273 1315 2300 Ac
1334 2271 1354 2299 si
1372 2281 1432 2299 eum
1450 2270 1569 2300 dimittat
1593 2273 1688 2311 lmpe-

120 2327 193 2349 rator
202 2327 228 2349 et
236 2331 251 2349 a
261 2320 419 2349 criminibus
429 2320 534 2358 liberet,
542 2328 727 2349 verumtamen
741 2320 862 2349 confusio
874 2320 1042 2360 permanebit
1054 2332 1060 2348 :
1072 2330 1124 2348 non
1138 2319 1209 2348 enim
1220 2319 1266 2347 alii
1278 2330 1338 2348 eum
1351 2319 1534 2347 mirabuntur.
1546 2320 1575 2347 In
1587 2319 1689 2348 talibus

120 2367 192 2396 enim
207 2367 382 2407 indulgentiis
395 2378 447 2396 non
465 2378 520 2405 eos,
536 2368 582 2406 qui
596 2367 665 2396 dona
681 2367 851 2407 percipiunt,
866 2367 910 2396 scd
925 2377 969 2396 eos
985 2367 1032 2405 qui
1042 2367 1114 2396 bona
1131 2366 1255 2395 tribuunt
1270 2366 1448 2395 admiramur.
1463 2368 1572 2402 Quanto
1587 2367 1688 2406 majora

120 2415 288 2453 donaverint,
300 2422 374 2444 tanto
387 2415 473 2454 magis
488 2415 694 2451 confundentur,
704 2415 750 2453 qui
762 2414 925 2454 percipiunt,
937 2421 1037 2454 quanto
1051 2425 1143 2444 eorum
1158 2421 1233 2443 erant
1244 2414 1343 2443 delicta
1358 2414 1470 2453 majora.
1481 2414 1615 2449 Qualibus
1625 2424 1690 2453 ergo

126 2463 212 2492 oculis
223 2463 319 2492 intueri
335 2470 421 2503 potest
431 2462 587 2502 hujusmodi
602 2473 663 2499 eos,
675 2462 721 2501 qui
738 2469 801 2491 sunt
816 2462 842 2491 in
858 2463 985 2502 lmperali
999 2463 1060 2491 aula
1076 2461 1225 2497 constituti,
1240 2469 1284 2498 ut,
1299 2461 1353 2490 iltis
1371 2461 1463 2490 decem
1479 2461 1565 2490 millia
1580 2461 1691 2491 sudores

126 2518 152 2539 et
165 2511 276 2540 vulnera
290 2511 493 2543 sustinentibus,
506 2510 561 2549 ipse
577 2510 644 2538 nihil
659 2510 760 2539 habens
773 2510 845 2549 quod
860 2511 994 2547 ostendat,
1015 2511 1058 2540 sod
1077 2511 1156 2539 etiam
1173 2511 1262 2550 ipsum
1280 2510 1352 2548 quod
1375 2510 1508 2545 salvatur,
1524 2520 1557 2538 ex
1571 2510 1626 2538 sola
1642 2509 1692 2538 Dei

129 2559 308 2589 misericordia
325 2559 461 2599 possidet?
477 2558 619 2595 Quomodo
631 2558 712 2593 enim,
727 2558 747 2587 si
763 2559 824 2597 quis
840 2559 975 2589 hominem
989 2559 1163 2594 homicidam,
1178 2560 1276 2596 furem,
1291 2558 1462 2595 adulterum,
1478 2558 1631 2587 ducendum
1645 2568 1693 2587 oc-
