1906 2846
539 147 667 171 ECLOGA
697 147 739 169 DE

70 212 187 247 δέδοικα,
203 211 276 250 φησί.
288 210 324 239 Τί
345 210 443 248 λέγεις,
460 210 516 238 εἶπέ
532 221 593 247 μοι;
609 210 639 238 τὸ
654 210 750 242 ἀδίκως
774 210 839 236 ἀπο-

68 260 153 286 θανεῖν
164 257 296 291 δέδοικας;
310 256 377 284 ἀλλὰ
390 255 497 287 δικαίως
507 255 630 290 ε’ὅούλους
642 256 687 283 καὶ
700 255 739 286 τίς
760 254 842 286 οὕτως

68 303 156 335 ἅθλιος
175 302 218 331 καὶ
233 301 412 339 ταλαίπωρος,
428 303 463 333 ὡς
477 300 561 339 παρὸν
577 301 674 333 ἀδίκως
688 302 841 335 ἀποθανεῖν,

67 350 174 381 δικαίως
196 349 225 376 ἂν
247 349 346 386 μᾶλλον
370 347 470 381 ἕλοιτος
491 348 524 375 Ei
549 347 600 385 γὰρ
625 347 768 375 δεδοικέναι
788 345 840 385 χρὴ

68 395 195 430 θάνατον,
212 395 255 423 τὸν
268 393 389 425 -δικαίως
406 395 470 430 ἡμῖν
491 392 598 420 ἐπιόντα
621 393 765 421 δεδοικέναι
779 392 841 431 χρή·

67 442 103 473 ὡς
119 440 135 468 δ’
146 451 174 478 γε
195 439 292 472 ἀδίκως
307 438 460 473 ἀποθανὼν,
476 439 535 466 κατ’
551 438 615 466 αὐτὸ
633 441 710 466 τοῦτο
725 441 842 466 κοινωνεῖ

67 490 122 518 τοῖς
135 485 218 523 ἁγίοις
233 485 343 513 ἅπασιν.
357 486 392 512 Οἱ
405 487 455 522 γὰρ
467 483 572 514 πλείους
586 485 637 510 τῶν
654 482 842 521 εὐαρεστησοίν-

67 542 120 559 των
134 533 172 570 τῷ
182 532 254 569 Θεῷ,
264 530 353 558 ἄδικον
369 529 521 562 ὑπέστησαν
536 528 671 563 τελευτήν·
683 529 727 556 καὶ
739 530 843 566 πρῶτος

68 577 209 606 Ἀδελθύ
230 576 281 616 γὰρ
309 576 340 610 δὴ
369 574 568 613 πλημμελήσας
589 575 624 606 εἷς
648 575 691 603 τὸν
717 573 842 612 ἀδελφὸν,

70 622 126 651 οὐδὲ
147 622 268 657 λυπήσας
289 633 333 650 τον
353 622 438 654 Ruina,
453 621 510 649 &W
533 620 623 655 επειδὴ
639 632 683 648 τον
701 619 769 647 Οεον
790 618 843 647 ετί-

71 679 157 705 μησε,
178 667 221 695 διὰ
244 671 320 696 τοῦτο
337 666 448 705 ε’σφαγη.
461 665 494 695 Ο
514 665 540 694 δε
559 666 627 697 Θεὸς
649 664 843 704 συνεγύρησεν

71 716 122 752 ἀρα
147 714 228 752 φιλων
252 713 329 741 αὐτον
341 712 472 749 ἢμισῦν;
488 712 595 746 εὔδηλον
621 711 660 739 ὅτι
682 712 781 749 φιλων,
799 709 844 738 καὶ

69 758 253 797 λαμπρότερον
270 759 342 786 αὐτω
362 757 406 786 τὸν
422 757 548 796 στέφανον
561 759 672 790 ποιῆσαι
688 757 845 794 βουλόμενος

71 804 123 833 ἀπὸ
146 804 312 839 ἀδικωτάτης
336 803 436 838 ταύτης
462 805 576 841 σφαγῆς,
593 802 676 842 (Ορᾷς
699 803 739 831 ὅτι
762 804 790 831 οὗ
815 802 845 831 τὸ

71 850 168 883 ἀδίκως
192 852 332 879 ἀποθανεῖν
353 849 404 889 χρὴ
430 849 591 884 δεδοικέναι,
610 848 677 877 ἀλλὰ
698 849 728 877 τὸ
747 850 772 876 ἐν
788 852 845 880 ταῖς

72 895 216 935 ἁμαρτίαις
234 898 390 930 ἀποθανεῐν;
403 895 437 923 ‘0
451 895 530 923 Ἀίελ
550 895 678 923 ἀπέθανεν
703 894 814 927 ἀδίκως·
832 896 845 922 ὃ

72 941 140 970 Κάϊν
158 941 202 976 ἔζη
222 941 318 970 στένων
334 941 379 969 καὶ
391 940 506 978 τρέμων.
519 940 568 972 Τίς
582 935 626 968 οῧν
635 963 641 975 ,
652 939 710 968 εἶπέ
723 952 776 977 μοι,
789 952 843 977 μα-

71 987 234 1026 καριώτερος
248 982 298 1020 ἧνς
315 988 328 1013 ὃ
350 986 417 1023 μετὰ
436 985 604 1020 δικαιοσύνης
629 985 812 1022 παυσάμενος,
827 985 843 1020 ἢ

73 1035 87 1061 ὁ
102 1033 128 1060 εἶν
143 1031 286 1071 ἁμαρτίαις
302 1033 369 1067 {cm
383 1034 396 1059 ὁ
409 1031 504 1063 ἀδίκως
516 1030 666 1065 ἀποθανὼν,
680 1030 721 1064 ἢὸ
737 1031 844 1063 δικαίως

70 1078 257 1115 κολαζόμενος;
273 1078 308 1107 Τί
328 1077 354 1106 δὲ
378 1077 455 1116 φόνου
482 1076 686 1116 χαλεπώτερον,
708 1077 766 1105 εἰπέ
781 1088 843 1113 μοι;

71 1125 129 1153 ἀλλ’
142 1124 254 1159 ἐδυνήθη
265 1125 329 1152 ποτὲ
347 1123 515 1158 δικαιοσύνην
529 1128 615 1151 τεκεῖν
631 1125 668 1162 τῷ
682 1126 773 1152 τοῦτον
785 1135 844 1152 ποι-

69 1169 180 1204 ήσαντι·
196 1170 240 1198 καὶ
258 1169 329 1202 ὅπως
343 1170 430 1198 ἄκουε.
443 1171 478 1198 Οἱ
494 1170 657 1203 Μαδιηναῐοι
674 1168 738 1197 ποτὲ
755 1169 844 1207 βουλό-

70 1227 144 1253 μενοι
158 1216 202 1245 τὸν
215 1215 283 1244 Θεὸν
298 1217 484 1253 ἐκπολεμῶσαι
499 1214 710 1250 τοῖςἸουδαίοις,
724 1215 768 1244 καὶ
783 1215 844 1243 ταύ-

70 1273 102 1300 τῃ
118 1261 316 1299 προσδοκῶντες
337 1263 423 1289 αὐτῶν
438 1260 626 1299 περιέσεσθαι,
643 1263 666 1289 εἷ
680 1262 727 1294 τῆς
747 1261 845 1293 εὐνοίας

71 1307 164 1339 αὐτοὺς
181 1307 391 1346 ἀποστερήσειαν
405 1309 450 1335 τοῦ
471 1306 606 1335 Asu-admo
616 1329 623 1342 ‚
638 1305 717 1346 κόρας
740 1307 844 1335 καλλω-

70 1352 210 1387 πίσαντες,
227 1352 271 1380 καὶ
295 1354 333 1391 τῷ
356 1352 529 1391 στρατοπέδῳ
553 1352 767 1391 προστήσαντες,
788 1353 845 1380 ἐνέ-

69 1398 167 1426 λέασαν
182 1397 289 1433 αὐτοὺς,
308 1398 353 1426 καὶ
372 1399 408 1430 εἰς
423 1397 471 1432 τὴν
490 1397 614 1436 πορνείαν
635 1397 744 1436 ἤγαγον.
759 1399 846 1426 Τοῦτο

70 1443 132 1472 ἰδὼν
146 1444 276 1478 ὁ·Φινεές,
293 1443 549 1482 μεταχειρισάμενος
565 1443 635 1482 ξίφος
650 1443 695 1472 καὶ
708 1444 846 1482 πορνεύον-

69 1501 117 1522 τας
129 1489 173 1518 δύο
186 1489 358 1525 καταλαὸὼν,
372 1491 397 1518 ἐν
418 1490 483 1528 αὐτῇ
500 1492 533 1528 τῇ
552 1489 672 1529 ἁμαρτία
684 1489 845 1529 ἀμφοτέρους

71 1536 251 1571 ἐξεκέντησεν,
267 1538 295 1565 οὐ
317 1536 374 1567 τοὺς
393 1535 578 1574 ἀναιρεθέντας
595 1538 696 1573 μισῶν,
712 1535 780 1564 ἀλλὰ
793 1548 844 1564 των

70 1583 169 1611 λοιπῶν
184 1582 345 1621 φειδόμενος.
364 1582 416 1611 Καὶ
434 1582 464 1609 τὸ
480 1581 526 1620 μὲν
546 1581 685 1620 γενόμενον
702 1581 776 1620 φόνος
796 1578 844 1618 ἦν,

70 1627 100 1656 τὸ
119 1627 146 1657 δὲ
168 1627 374 1666 κατορθούμενον
391 1628 416 1661 ἐξ
439 1627 538 1657 ἐκείνου
556 1628 674 1667 σωτηρία
695 1630 745 1656 τῶν
760 1629 844 1657 ἀπολ-

69 1673 187 1712 λυμένων
209 1674 333 1702 ἁπάντων
358 1673 472 1711 ἐγίνετο·
489 1673 628 1703 ἀπέκτεινε
644 1674 689 1702 δύο
702 1674 747 1702 καὶ
762 1674 845 1703 ἔσωσε

71 1720 201 1759 μυριάδας
220 1720 354 1758 ἀπείρους.
373 1720 426 1748 Καὶ
441 1720 562 1758 καθάπερ
579 1720 663 1758 ἰατροὶ
677 1720 711 1748 τὰ
731 1721 846 1755 σεσηπό-

69 1778 103 1794 τα
127 1768 179 1795 τῶν
201 1767 288 1804 μελῶν
313 1765 495 1803 ἐκτέμνοντες,
521 1766 663 1804 ὁλόκληρον
687 1766 800 1799 σώζουσι
816 1767 846 1795 τὸ

69 1814 164 1850 σῶμα·
180 1814 249 1841 οὓτω
269 1813 389 1844 κάκεῖνος
410 1811 550 1848 ἐποίησεν,
566 1813 611 1840 καὶ
627 1812 751 1848 ἐλογίσθη
774 1815 844 1851 αὐτῷ

70 1860 108 1891 εἷς
141 1858 321 1893 δικαιοσύνην,
352 1858 396 1892 Μὴ
424 1858 508 1887 τοίνυν
541 1857 601 1890 τοὺς
629 1858 844 1893 ἀποθνήσκοντας

69 1905 159 1937 ἁπλῶς
174 1903 324 1941 κλαίωμεν,
338 1904 407 1933 ἀλλὰ
428 1904 487 1936 τοὺς
508 1906 534 1932 ἐν
559 1904 703 1944 ἁμαρτίαις
724 1906 843 1940 ἀποθνή-

69 1961 194 1982 σκοντας·
210 1947 280 1978 οὗτοι
296 1950 399 1988 θρήνων
413 1949 479 1982 ἄξιοι
489 1973 495 1984 ,
510 1945 579 1978 οὗτοι
595 1952 714 1978 κοπετῶν
731 1951 775 1979 καὶ
791 1952 841 1980 δα-

69 1996 164 2035 κρύων.
183 1995 252 2023 Ποία
272 1995 323 2034 γὰρ
340 1995 427 2030 ἐλπὶς,
443 1995 502 2024 εἶπέ
517 2007 576 2033 μοι,
598 1996 666 2033 μετὰ
685 1997 845 2036 ἁμαρτημά-

67 2053 121 2070 των
144 2042 282 2075 ἀπελθεῖν,
300 2041 361 2069 ἔνθα
378 2042 425 2069 οὐκ
447 2041 518 2069 ἔστιν
535 2042 716 2080 ἁμαρτήματα
741 2043 843 2071 ἀποδύ-

68 2091 182 2123 σασθαι;
199 2087 248 2120 ἕως
264 2087 311 2125 μὲν
328 2086 379 2125 γὰρ
395 2083 462 2122 ἦσαν
485 2089 610 2122 ἐνταῦθα,
625 2087 688 2120 ἴσως
707 2084 738 2122 ἦν
755 2101 840 2128 προσ-

69 2133 142 2162 &ozia
162 2132 264 2168 πολλὴ,
280 2135 319 2161 ὅτι
337 2134 562 2170 μεταμελοῧνται,
578 2133 616 2161 ὅτι
634 2134 749 2171 βελτίους
769 2135 841 2164 ἔσον-

67 2191 126 2208 ται·
144 2179 175 2206 ἂν
192 2178 219 2207 δὲ
235 2179 386 2207 &ffatim-w
409 2180 444 2211 εἰς
462 2179 506 2208 τὸν
522 2179 602 2218 ᾅδην,
619 2179 679 2208 ἔνθα
704 2182 749 2209 οὐκ
771 2181 840 2211 ἔστιν

67 2226 121 2254 ἀπὸ
143 2224 282 2262 μετανοίας
299 2225 425 2263 κερδᾶναί
441 2237 465 2253 τι
483 2225 548 2261 (Ἔν
563 2228 600 2265 τῷ
615 2225 665 2264 γὰρ
681 2226 746 2266 ᾅδῃ,
760 2229 840 2267 φησὶ,

67 2271 106 2304 τίς
131 2270 351 2308 ἐξομολογήσεταί
374 2273 514 2307 σοι;)πῶς
535 2267 577 2300 οἶν
595 2274 622 2301 οὔ
639 2272 740 2311 θρήνων
757 2274 841 2311 ἄξιοι;

69 2316 211 2354 Κλαίωμεν
232 2311 275 2344 οἶν
293 2316 352 2349 τοὺς
367 2316 450 2349 οὕτως
465 2318 677 2357 ἀπερχομένους,
690 2320 718 2347 οὐ
733 2321 827 2350 κωλύω
837 2336 843 2342 -

68 2362 221 2398 κλαίωμεν,
236 2361 304 2390 ἀλλὰ
321 2362 358 2399 μὴ
376 2363 551 2401 ἀσχημόνως,
568 2363 604 2402 μὴ
621 2364 714 2404 τρίχας
736 2367 841 2396 τίλλον-

69 2419 127 2444 τες,
143 2407 179 2444 μὴ
196 2407 339 2446 βραχίονας
355 2411 530 2445 γυμνοῦντες,
548 2409 584 2447 μὴ
600 2410 658 2448 ὄψιν
675 2411 842 2449 σπαράττον-

70 2465 125 2490 τες,
139 2453 207 2482 ἀλλὰ
222 2454 323 2491 μᾶλλον
341 2453 410 2482 κατὰ
427 2455 514 2494 ψυχὴν
530 2455 619 2494 ἠρέμα
636 2455 747 2496 δάκρυον
763 2458 842 2496 ἀφέν-

69 2516 112 2538 τες
141 2503 249 2543 μικρόν·
264 2506 341 2533 τοῦτο
359 2505 385 2533 δὲ
406 2507 477 2543 ἡμᾶς
500 2507 604 2545 ὠφελεῖ,
618 2506 652 2536 ‘0
671 2507 723 2546 γὰρ
746 2510 842 2538 ἐκεῖνον

73 2557 173 2584 πενθῶν
198 2554 280 2592 οὕτω,
296 2555 385 2593 πολλῷ
407 2557 505 2593 μᾶλλον
527 2556 603 2589 αὐτὸς
624 2558 767 2587 σπουδάσει
790 2570 843 2596 μη-

767 146 900 177 MORTE,

930 144 1048 168 noun„
1077 145 1173 168 xxxu
1572 132 1641 178 893

897 207 993 246 placet,
1008 213 1032 235 et
1046 207 1126 234 aliam
1142 216 1264 239 eausam,
1281 205 1315 233 ob
1328 214 1408 242 quam
1419 211 1532 233 mortem
1543 215 1642 243 pavere

895 254 1011 282 solemus
1025 265 1032 282 ι
1054 253 1138 282 vitam
1153 259 1305 281 accuratam
1322 262 1373 280 non
1390 252 1495 289 agimus
1506 274 1513 287 ,
1529 261 1577 280 nec
1591 251 1643 279 bo-

895 310 956 327 nam
974 299 1164 328 conscientiam
1183 298 1332 326 babemus:
1350 297 1424 336 quod
1440 298 1460 326 si
1474 304 1556 330 esset,
1571 296 1641 325 nihil

896 352 968 372 metu
985 356 1032 373 nos
1056 345 1231 384 percelleret,
1254 354 1305 372 non
1332 354 1404 372 mors
1418 366 1425 380 ‚
1445 353 1497 371 non
1522 342 1644 382 pecuniae

893 390 1018 428 jactura,
1039 401 1087 418 nec
1107 390 1257 427 quidquam
1280 389 1354 417 aliud
1379 389 1521 428 ejusmodi.
1550 387 1642 416 Redde

862 441 880 463 D
897 445 939 462 nze
951 445 1076 463 securum
1093 435 1126 463 de
1145 435 1244 463 caelesti
1260 445 1342 472 regno
1353 458 1360 470 ‚
1375 441 1400 463 et
1420 435 1442 463 si
1454 435 1527 463 voles
1540 456 1547 469 ‚
1563 433 1644 461 hodie
1656 428 1696 452 ὅθ’

897 481 1004 510 occidas
1016 503 1024 515 ‚
1043 487 1067 508 et
1083 481 1197 518 gratiam
1212 481 1262 508 tibi
1283 491 1331 519 pro
1347 480 1420 508 caede
1442 480 1564 515 habebo,
1578 489 1643 517 quo-

897 527 971 555 niam
991 527 1044 554 cito
1058 527 1093 554 ad
1111 527 1157 554 illa
1179 526 1249 554 bona
1275 536 1318 553 me
1340 526 1508 554 transmittis.
1529 525 1583 554 Sed
1600 525 1643 553 in-

894 574 968 612 justa
983 579 1068 601 morte
1090 572 1248 600 occumbere
1262 572 1342 599 timeo
1356 593 1364 607 ,
1382 571 1479 609 inquit.
1497 571 1570 606 Quid
1585 571 1643 607 ais,

898 629 988 656 quzeso
1006 618 1057 646 tc?
1078 619 1178 655 injuste
1200 617 1268 645 mori
1290 617 1387 652 times,
1413 617 1460 645 sed
1484 618 1556 655 juste
1577 617 1646 645 mori

897 665 980 693 velles
994 664 1007 693 Ξ)
1024 670 1049 692 et
1065 664 1126 702 quis
1142 663 1179 691 ita
1205 663 1285 691 miser
1301 669 1341 690 est
1357 669 1437 700 atque
1457 672 1622 690 aerumnosus
1637 684 1645 698 ,

899 711 944 748 qui
962 720 1024 738 eum
1040 710 1138 748 injuste
1164 708 1252 737 occidi
1278 708 1358 736 liceat
1370 730 1378 745 ‚
1398 709 1469 746 juste
1484 707 1596 736 mallet?
1617 707 1647 736 Si

898 756 969 784 enim
995 755 1113 783 timenda
1131 755 1164 782 sit
1183 765 1255 782 mors
1267 776 1274 790 ,
1293 764 1351 782 eam
1371 760 1441 782 certe
1456 754 1550 782 timere
1564 763 1648 792 opor-

899 808 946 837 tet,
961 812 1019 839 quae
1032 801 1106 840 juste
1121 811 1168 828 nos
1179 799 1293 843 invadit,
1308 810 1369 828 cum
1385 799 1520 828 immerito
1533 799 1647 836 occisus,

899 858 947 886 per
969 847 1019 875 hoc
1039 847 1160 875 omnium
1181 853 1335 874 sanctorum
1351 857 1458 875 consors
1483 846 1540 874 fiat.
1560 845 1647 874 Pleri-

899 904 951 930 que
973 892 1045 921 enim
1061 903 1170 928 eornm,
1194 892 1240 930 qui
1259 892 1327 930 grati
1351 893 1408 920 Deo
1431 892 1557 929 fuerunt,
1574 891 1646 930 inju-

899 947 967 968 stam
979 940 1165 967 sustinuerunt
1173 946 1287 967 mortem
1296 951 1301 966 :
1311 946 1337 967 et
1348 939 1454 977 primus
1464 939 1541 966 Abel.
1554 939 1648 976 Neque

899 985 971 1012 enim
986 985 1030 1013 hic
1045 985 1194 1022 quidquam
1207 985 1232 1012 in
1245 985 1355 1013 fratrem
1371 991 1546 1024 peccaverat,
1560 995 1648 1022 neque

899 1031 1013 1059 Cainum
1029 1032 1148 1066 laeserat,
1172 1031 1218 1059 sed
1238 1031 1302 1069 quia
1326 1032 1413 1059 Deum
1436 1031 1557 1067 colebat,
1581 1031 1646 1060 ideo

898 1077 1001 1105 occisus
1015 1084 1069 1105 est:
1085 1078 1158 1105 Deus
1173 1087 1235 1105 vero
1250 1077 1277 1104 id
1289 1077 1421 1116 permisit.
1438 1078 1510 1105 Num
1526 1077 1569 1105 vel
1583 1077 1646 1114 quia

898 1132 959 1150 eum
979 1122 1106 1157 amabat,
1125 1122 1169 1151 vel
1189 1123 1253 1160 quia
1278 1122 1394 1150 oderat?
1413 1122 1589 1161 Perspicuum
1608 1129 1647 1151 est

897 1168 968 1205 quod
983 1168 1045 1206 quia
1068 1168 1185 1201 amabat,
1205 1179 1382 1206 coronamque
1398 1168 1421 1196 ei
1435 1167 1647 1206 splendidiorem

897 1214 984 1242 faeere
996 1225 1030 1242 ex
1045 1214 1223 1252 iniquissima*
1232 1214 1278 1242 illa
1293 1213 1364 1242 caede
1377 1213 1647 1243 intendebanvides-

897 1270 930 1287 ne
954 1259 1027 1297 quod
1051 1270 1103 1287 non
1118 1259 1215 1298 injuste
1232 1259 1319 1293 mori,
1345 1259 1390 1287 sed
1415 1259 1440 1287 in
1458 1260 1572 1298 peccatis
1587 1259 1644 1288 vita

898 1306 1009 1345 defungi
1022 1306 1116 1334 timere
1132 1312 1236 1344 oportet
1250 1306 1262 1333 Ξ)
1287 1305 1354 1334 Abel
1370 1306 1468 1344 injuste
1479 1306 1580 1334 occisus
1591 1313 1642 1343 est,

899 1352 964 1380 Cain
977 1362 1085 1391 gemens
1096 1359 1120 1380 et
1135 1351 1342 1380 contremiscens
1354 1351 1437 1380 vitam
1453 1351 1560 1389 agebat.
1578 1353 1646 1380 Uter

899 1408 980 1436 ergo,
1005 1408 1096 1436 quaeso
1121 1404 1147 1426 te
1160 1419 1167 1433 ‚
1197 1397 1301 1425 beatior
1320 1403 1377 1425 erat
1390 1419 1398 1432 ,
1412 1396 1491 1425 illene
1516 1396 1562 1434 qui
1584 1407 1647 1424 cum

897 1444 1003 1483 justitia
1021 1444 1105 1480 obiit,
1129 1455 1162 1472 an
1177 1444 1223 1482 qui
1239 1443 1266 1472 in
1281 1444 1398 1483 peccatis
1418 1443 1550 1472 vivebat?
1565 1443 1645 1472 illene

882 1493 946 1539 3qui
960 1492 1056 1531 injuste
1068 1498 1190 1520 mortuus
1201 1497 1256 1526 est,
1271 1502 1305 1519 an
1320 1491 1366 1529 qui
1377 1491 1449 1529 juste
1463 1490 1626 1529 puniebatut
1636 1493 1649 1517 P

864 1523 976 1572 ASQuid
1001 1548 1064 1566 veto
1086 1537 1263 1566 homicidio
1256 1537 1431 1565 immanius?
1452 1537 1540 1576 potuit
1559 1544 1646 1565 tamen

898 1585 963 1612 olim
978 1584 1110 1623 justitiam
1130 1594 1224 1622 patere
1249 1584 1310 1619 illi,
1334 1583 1380 1621 qui
1399 1584 1450 1612 hoc
1468 1590 1646 1622 perpetrate-

898 1638 959 1660 tat:
978 1637 1003 1659 et
1030 1641 1083 1668 quo
1112 1637 1207 1669 pacto,
1230 1630 1304 1658 audi.
1330 1630 1399 1658 Cum
1414 1630 1571 1658 Madianitae
1595 1630 1647 1658 ali-

900 1675 1009 1714 quando
1029 1675 1131 1705 Judaeis
1149 1676 1238 1703 Deum
1253 1675 1394 1703 inimicum
1410 1674 1522 1703 reddere
1535 1675 1634 1704 vellent

900 1734 983 1762 eaque
998 1723 1100 1751 ratione
1116 1734 1143 1751 se
1158 1723 1230 1761 ipsos
1245 1722 1363 1751 victuros
1377 1729 1532 1761 sperarent,
1549 1722 1571 1750 si
1588 1723 1646 1751 Do—

901 1769 967 1798 mini
980 1768 1173 1797 benevolentia
1190 1768 1262 1807 ipsos
1277 1767 1454 1806 spoliassent,
1474 1767 1577 1806 puellas
1593 1778 1646 1796 ex·

898 1824 1022 1845 ornantes
1043 1823 1068 1844 et
1091 1816 1225 1844 militibus
1248 1815 1437 1854 prostituentes
1451 1838 1458 1850 ‚
1481 1825 1524 1843 eos
1539 1816 1646 1844 inesca-

899 1870 960 1892 runt
975 1870 1000 1891 et
1023 1862 1057 1891 ad
1079 1862 1283 1890 fornicationem
1305 1861 1481 1889 induxerunt.
1508 1861 1564 1890 Hoc
1583 1871 1646 1890 cum

897 1909 1009 1938 vidisset
1036 1909 1169 1943 Phincos,
1195 1918 1276 1936 manu
1298 1907 1431 1946 arripiens
1457 1906 1594 1945 gladium,
1618 1914 1643 1935 et

897 1956 965 1984 duos
988 1961 1134 1984 scortantes
1160 1953 1382 1993 deprehendens,
1407 1953 1433 1981 in
1463 1953 1521 1992 ipso
1545 1953 1644 1982 scelere

897 2009 1044 2040 utrumque
1058 2001 1171 2030 confixit
1188 2013 1194 2028 :
1215 2011 1267 2028 non
1284 1999 1356 2038 quod
1376 1999 1438 2028 odio
1457 2000 1558 2028 occisos
1580 2010 1644 2039 pro-

897 2055 1071 2086 sequeretur,
1091 2047 1138 2075 sed
1159 2054 1189 2075 ut
1212 2046 1323 2084 reliquis
1342 2053 1473 2085 parceret.
1493 2045 1527 2074 Et
1542 2046 1642 2074 sactum

898 2094 1006 2132 quidem
1029 2093 1208 2122 homicidium
1233 2099 1303 2128 (ξι-ειη
1320 2091 1391 2130 quod
1408 2102 1470 2120 vero
1483 2092 1642 2130 praeclarum

898 2151 966 2181 opus
978 2152 1011 2170 ex
1024 2152 1053 2169 eo
1064 2141 1226 2178 sequebatur
1238 2162 1245 2175 ‚
1265 2140 1386 2168 omnium
1403 2139 1454 2166 fuit
1472 2139 1642 2177 pereuntium

899 2187 979 2216 salus.
999 2186 1137 2216 lutei-emit
1154 2185 1237 2221 duos,
1253 2192 1277 2213 et
1289 2185 1393 2212 infinita
1412 2184 1498 2212 millia
1512 2184 1640 2213 servavit.

898 2233 933 2262 Et
947 2233 1016 2261 sicut
1032 2232 1130 2261 medici
1148 2231 1258 2271 putrida
1274 2231 1395 2259 membra
1417 2237 1563 2259 resecantes
1575 2253 1582 2265 ,
1600 2237 1641 2259 to-

899 2287 957 2309 tum
983 2289 1080 2318 corpus
1105 2284 1282 2313 conservant,
1308 2277 1346 2305 sic
1368 2277 1414 2305 ille
1436 2287 1542 2315 quoque
1560 2277 1642 2313 fecit,

898 2333 1107 2366 reputatumque
1128 2331 1166 2353 est
1193 2324 1233 2352 illi
1265 2323 1293 2351 in
1321 2323 1462 2362 justitiam
1493 2323 1533 2351 Nc
1557 2322 1643 2361 igitur

898 2372 1040 2401 morientes
1056 2379 1153 2400 temere
1168 2370 1330 2406 defleamus,
1348 2369 1394 2397 scd
1414 2379 1457 2398 eos
1469 2369 1516 2407 qui
1542 2369 1568 2397 in
1584 2379 1645 2408 pec-

899 2418 964 2447 catis
984 2417 1138 2446 m0r·iuntu1
1155 2427 1160 2443 :
1180 2415 1474 2453 hilamcntationibus,
1491 2415 1519 2443 hi
1533 2415 1642 2454 planctu

1686 396 1759 422 {Hui-t.
1773 404 1796 424 p.

1674 427 1683 439 ι’
1712 428 1738 453 Α)

1687 532 1762 558 [tt-ia.
1775 541 1796 559 μ.

1655 563 1694 589 63,
1707 564 1783 589 A—c]

1682 1556 1798 1577 ExSerm.

1656 1591 1730 1608 contra
1747 1594 1784 1607 eos

1656 1619 1694 1645 qui
1714 1618 1800 1638 novilu-

1657 1650 1691 1669 nia
1707 1649 1784 1669 ohser-

1659 1684 1717 1700 vant.

1672 1710 1743 1733 Num.
1758 1709 1796 1731 25.

898 2472 923 2494 et
943 2463 1072 2504 lactymis
1091 2469 1153 2491 sunt
1173 2461 1261 2500 digni.
1283 2462 1351 2496 Quae
1372 2461 1459 2497 enim,
1485 2471 1574 2499 quaeso
1594 2467 1638 2495 tc,
1662 2471 1694 2492 Ex
1708 2471 1792 2500 tuurp.

899 2522 959 2551 spes
979 2517 1035 2546 est,
1059 2510 1080 2538 si
1100 2508 1160 2548 quis
1179 2519 1239 2537 culn
1257 2507 1372 2547 peccatis
1387 2517 1417 2536 eo
1437 2507 1574 2545 dim-‚dat
1593 2507 1640 2535 ubi

1653 2503 1724 2530 Fpist
1736 2504 1763 2524 ad

1654 2534 1711 2554 t‘tut.
1722 2537 1749 2559 Ῑῐ.

899 2565 1005 2598 peccata
1024 2557 1156 2596 deponere
1176 2554 1330 2585 nonlicet?
1349 2553 1486 2590 Quundiu
1512 2554 1582 2583 enim
1598 2554 1642 2583 liic
1657 2571 1692 2590 ι,
1703 2573 1725 2594 t·
1741 2565 1792 2590 ηπ,
