1906 2846
120 512 203 532 Manli.
223 517 256 532 tt.

273 211 340 255 392
605 217 630 239 s.

271 280 327 307 bati
343 287 403 308 sunt
419 289 464 317 pet·
479 277 646 316 prawipitiai‘
663 276 730 313 quid
746 275 784 303 illi
800 275 846 313 qui
863 275 887 303 in
905 285 1012 303 luascu<

271 326 309 353 los
322 324 509 353 insaniebant?
521 324 620 349 Omnes
633 328 721 349 autem
733 331 806 358 reges
817 321 948 359 gentium,
962 320 1012 348 Ba-

269 371 439 409 byloniorum
459 376 483 396 et
502 367 709 406 illgyptiorum‚
724 377 811 395 annon
836 366 905 394 male
928 366 1010 395 vitam

270 416 394 443 linierunt
405 416 418 442 ἶ)
441 424 526 441 annon
553 419 614 440 sunt
639 412 666 440 in
690 412 851 440 tormentis?
877 411 930 440 Sed
953 422 1012 450 qua:

270 470 340 487 nune
365 459 444 495 fiunt,
464 458 508 487 die
530 457 609 494 mihi,
632 468 719 485 nonne
741 464 803 485 sunt
831 456 1011 495 hujusmodi?

271 506 341 534 Audi
367 506 505 534 Christum
529 504 660 532 dicentem
676 515 682 531 z
702 504 758 542 Qui
787 503 926 531 mollibus
956 513 1011 531 ve—

269 554 407 585 stiuntur,
423 553 454 579 in
477 551 609 578 domibus
633 560 731 589 regum
751 555 838 581 sunt;
860 548 906 587 qui
923 555 1011 577 antem

271 609 321 626 non
335 598 434 626 talibus
447 596 609 631 vestiuntur,
627 595 654 623 in
670 595 751 623 ecelis.
764 595 833 623 Nam
850 594 933 623 vestis
948 595 1013 622 mol-

268 644 302 672 tis
312 644 391 672 etiam
407 649 542 671 austerum
557 642 677 670 animum
691 641 817 670 dissolvit
831 647 855 669 et
870 641 969 679 frangit
982 651 1012 669 ac

268 689 453 717 diffunditzet
475 688 535 715 licet
559 698 657 726 eorpus
679 687 811 726 acceperit
836 697 962 726 asperum
988 694 1013 715 et

268 735 379 770 durum,
396 735 449 762 cito
467 733 493 761 id
511 733 590 762 molle
602 744 650 772 per
661 733 774 761 delicias
787 732 877 761 reddit
891 739 915 761 et
928 732 1012 761 imbe-

269 781 370 809 cillum.
384 781 452 808 Nam
468 778 540 808 unde
559 779 611 807 nisi
635 790 669 807 ex
692 779 743 807 hoc
764 779 865 818 putatis
888 778 1012 807 mulieres

268 836 323 854 esse
339 825 405 853 adeo
420 825 514 853 molles
524 848 530 860 ,
542 824 589 853 dic
601 825 711 862 quaeso?
727 835 791 852 num
806 835 839 852 ex
855 824 911 852 solo
927 824 1012 852 sexu?

268 872 458 909 Nequaquam,
474 870 520 899 sed
540 881 573 899 ex
593 870 703 899 vivendi
719 870 820 899 ratione
835 876 859 898 et
874 869 1012 898 educatio-

269 927 300 945 ne
315 930 320 945 :
337 927 397 945 nam
423 916 575 945 umbratilis
602 916 740 952 educatio,
764 916 849 945 otium
860 939 868 953 ‚
894 916 1011 953 lavacra,

268 969 402 1001 unguenta
412 985 419 999 ,
430 962 577 990 multitudo
591 969 758 999 aromatum,
770 961 867 990 cubilis
888 961 1013 990 mollities

268 1020 312 1037 eas
327 1009 392 1037 tales
404 1009 496 1037 efficit.
508 1009 543 1037 Et
558 1015 587 1036 ut
601 1007 630 1036 id
642 1008 720 1043 scias,
734 1007 919 1037 animadverte
935 1007 971 1036 ad
986 1008 1011 1036 id

269 1056 342 1093 quod
368 1055 438 1084 dico.
462 1055 560 1094 Accipe
579 1054 647 1083 mihi
673 1054 793 1093 plantam
807 1065 840 1082 ex
855 1054 949 1090 hortis,
966 1055 1013 1092 qui

268 1109 329 1130 sunt
353 1103 378 1129 in
400 1101 515 1137 deserto,
530 1107 554 1128 et
577 1100 754 1129 verberantur
766 1111 780 1127 a
797 1099 891 1134 ventiS,
906 1107 930 1128 et
945 1110 1013 1138 pone

269 1159 326 1176 eun
349 1148 377 1176 in
393 1148 450 1176 loco
466 1146 578 1175 humido
595 1153 621 1174 et
642 1146 786 1181 umbi-0505
798 1152 824 1173 et
844 1145 962 1173 invenies
978 1146 1012 1173 il-

269 1193 322 1222 lam
338 1193 422 1221 multo
434 1192 585 1220 inferiorem
600 1191 646 1219 illa
661 1191 813 1219 conditione
824 1214 831 1227 ‚
848 1201 880 1219 ex
891 1201 942 1228 qua
955 1202 1012 1219 eam

270 1239 389 1268 sumsisti
411 1239 446 1266 ab
470 1238 556 1266 initio.
575 1237 655 1272 Quod
676 1243 764 1265 autem
785 1237 836 1265 lioe
856 1237 891 1264 sit
905 1247 1010 1273 verum,

270 1285 394 1313 mulieres
406 1295 465 1322 quae
476 1284 585 1311 aluntur
600 1283 625 1311 in
640 1282 722 1321 agris,
738 1289 799 1311 sunt
813 1282 934 1311 fortiores
945 1282 1012 1310 viris

270 1331 316 1368 qui
333 1331 359 1359 in
374 1331 487 1359 urbibus
505 1329 645 1363 habitant,
660 1336 684 1356 et
699 1329 798 1357 multos
812 1328 945 1367 ejusmodi
960 1328 1013 1356 illae

270 1376 298 1404 in
312 1376 383 1404 lucta
396 1374 598 1414 prostraverint.
614 1375 681 1402 Cum
697 1381 787 1402 autem
801 1384 898 1412 corpus
912 1374 1012 1401 factum

270 1421 350 1449 fuerit
371 1421 489 1457 mollins,
508 1431 610 1451 necesse
625 1427 662 1448 est
679 1427 706 1448 ut
726 1419 813 1447 anima
833 1430 939 1456 qnoque
959 1418 1010 1446 da-

271 1467 326 1495 mni
340 1467 386 1494 siat
396 1467 529 1505 particeps
540 1478 545 1491 t
558 1477 618 1494 nam
634 1475 729 1503 magna
740 1476 773 1493 ex
786 1471 860 1502 parte
874 1465 931 1501 ejus
947 1474 1011 1502 ope-

272 1512 388 1540 rationes
407 1512 488 1540 simul
511 1511 668 1539 afficiuntur
683 1521 744 1538 eum
761 1510 835 1538 illius
854 1509 1003 1538 affectione.

663 216 802 239 mannis
829 215 1010 238 Cttux'sost'.
1042 213 1196 237 ARCfflEP.
1226 214 1494 238 CONSTANTlNOP.

1065 276 1189 312 κρημνῶν
1204 274 1342 313 ἂχθέντες;
1356 275 1380 303 τί
1393 274 1419 303 δὲ
1432 277 1455 303 οἱ
1468 279 1520 307 τοῖς
1533 276 1638 315 ἅῤῥεσιν
1658 279 1833 315 ε’πιμαινόμε-

1065 331 1122 355 νοι;
1139 321 1234 352 πάντες
1248 320 1274 348 δὲ
1289 322 1312 349 οἳ
1330 322 1447 359 βασιλεῖς
1465 323 1517 349 τῶν
1536 323 1626 357 ἐθνῶν,
1650 322 1834 357 Βαθυλωνίων,

1065 365 1228 403 Αἰγυπτίων,
1256 370 1267 381 “
1277 367 1335 405 οὐχὶ
1362 369 1449 398 κακῶς
1473 366 1522 402 τὴν
1545 366 1613 402 ζωὴν
1637 367 1835 407 κατέστρεψαν;

1065 411 1123 450 οὐχὶ
1138 412 1165 439 ἐν
1179 411 1286 440 κολάσει
1299 412 1364 447 εἰσί,
1377 411 1420 440 Τὰ
1441 411 1467 440 δὲ
1482 415 1537 447 νῦν,
1555 412 1612 441 εἰπέ
1627 425 1687 450 μοι,
1705 415 1733 441 οὔ
1747 417 1836 442 τοιαῦ-

1065 469 1097 486 τα
1107 469 1114 493 ;
1124 456 1215 485 Ἄκουε
1228 459 1273 486 τοῦ
1287 458 1403 495 Χριστοῦ
1417 458 1552 496 λέγοντος·
1568 459 1602 486 Οἱ
1619 458 1652 487 τὰ
1668 459 1777 495 μαλακὰ
1791 470 1838 498 φο-

1069 506 1186 542 ροῦντες,
1201 505 1226 531 ἐν
1241 506 1294 534 τοῖς
1309 503 1388 535 οἴκοις
1406 504 1457 531 τῶν
1479 503 1607 541 βασιλέων
1623 503 1702 532 εἰσιν
1716 506 1739 533 οἱ
1755 503 1782 533 δὲ
1798 504 1834 542 μὴ

1066 550 1098 578 τὰ
1114 552 1229 583 τοιαῦτα,
1242 551 1268 578 ἐν
1280 554 1332 581 τοῖς
1347 550 1474 589 οὐρανοῖς.
1487 549 1526 578 Τὸ
1538 549 1588 589 γὰρ
1600 550 1718 587 μαλακὸν
1731 550 1835 588 ἱμάτιον

1067 595 1111 623 καὶ
1126 595 1173 629 τὴν
1190 594 1323 634 αὐστηρὰν
1336 594 1421 623 ἐκλύει
1436 595 1523 634 ψυχὴν
1543 595 1587 623 καὶ
1604 596 1700 634 διακλᾷ
1715 595 1760 624 καὶ
1774 597 1835 624 δια-

1066 645 1109 680 χεῖ
1120 652 1125 657 ·
1138 640 1186 668 κᾶν
1201 639 1285 679 τραχὺ
1300 640 1369 679 λάῧῃ
1385 643 1463 678 σῶμα
1478 640 1523 668 καὶ
1535 641 1659 681 σκληρὸν,
1675 641 1778 680 ταχέως
1791 641 1835 670 διὰ

1066 687 1113 720 τῆς
1125 687 1245 721 τοιαύτης
1255 687 1467 726 τρυφεραγωγίας
1480 686 1598 725 μαλακὸν
1610 691 1680 716 ποιεῖ
1694 687 1739 715 καὶ
1755 689 1835 716 ἀσθε-

1067 731 1117 764 νές.
1130 732 1215 760 Πόθεν
1229 731 1279 771 γὰρ
1294 732 1377 760 οἴεσθε
1398 733 1521 771 ἑτέρωθεν
1537 732 1583 764 τὰς
1603 736 1729 769 γυναῖκας
1753 732 1835 765 οὕτως

1068 772 1134 806 εἶναι
1146 779 1274 814 ἀσθενεῖς,
1290 777 1347 806 εἶπέ
1359 789 1418 815 μοι;
1434 774 1485 816 ἆρα
1497 777 1549 806 ἀπὸ
1566 780 1612 812 τῆς
1626 778 1726 817 φύσεως
1739 777 1835 816 μόνης;

1067 824 1213 861 Οὐδαμῶς,
1225 823 1293 852 ἀλλὰ
1307 824 1352 852 καὶ
1363 823 1415 852 ἀπὸ
1429 825 1476 858 τῆς
1489 825 1593 862 ἀγωγῆς
1608 824 1653 852 καὶ
1666 826 1713 858 τῆς
1724 826 1835 863 ἀνατρο-

1068 873 1132 909 φῆς·
1149 872 1165 905 ἡ
1186 869 1236 909 γὰρ
1258 869 1428 908 σκιατροφία,
1450 873 1466 905 ἡ
1488 870 1584 909 ἀργία,
1611 870 1643 898 τὰ
1667 869 1782 908 λουτρὰ,
1802 869 1836 898 τὰ

1068 915 1154 955 μύρα,
1175 917 1227 944 τῶν
1249 916 1397 955 ἀρωμάτων
1412 916 1442 944 τὸ
1455 917 1570 951 πλῆθος,
1584 917 1632 950 τῆς
1654 917 1795 954 στρωμνῆς
1817 918 1833 951 ἡ

1067 961 1216 997 ἁπαλότης,
1241 961 1363 993 τοιαύτας
1395 961 1475 994 αὐτὰς
1501 961 1685 1000 ἀπεργάζεται.
1715 960 1769 990 Καὶ
1793 960 1836 990 ἵνα

1068 1007 1165 1046 μάθῃς,
1187 1006 1301 1046 πρόσεχε
1312 1002 1333 1045 ᾧ
1345 1007 1422 1046 λέγω.
1437 1007 1500 1035 Ἀπὸ
1512 1007 1610 1043 κήπου,
1626 1005 1684 1035 εἰπέ
1708 1018 1768 1045 μοι,
1783 1009 1836 1035 τῶν

1068 1055 1093 1082 ἐν
1104 1055 1135 1091 τῇ
1148 1052 1238 1092 ἐρήμῳ
1251 1053 1370 1082 ἑστώτων
1384 1053 1504 1091 δένδρων,
1515 1053 1559 1081 καὶ
1571 1052 1714 1091 δερομένων
1724 1052 1775 1081 ὑπὸ
1784 1054 1836 1081 τῶν

1041 1107 1047 1128 ¹,
1068 1099 1170 1137 ἀνέμων
1184 1099 1272 1127 λαὸὼν
1288 1099 1376 1137 φυτὸν,
1397 1101 1433 1130 εἷς
1450 1098 1528 1137 ὑγρὸν
1544 1099 1588 1126 καὶ
1601 1098 1706 1127 σύσκιον
1719 1098 1835 1127 κατάθου

1067 1144 1165 1173 τόπον·
1189 1144 1234 1172 καὶ
1253 1143 1319 1172 πολὺ
1345 1144 1448 1177 ἀνάξιον
1471 1144 1590 1181 εὑρήσεις
1611 1143 1708 1172 ἐκείνου
1721 1166 1728 1180 ,
1746 1145 1789 1183 ἀφ’
1806 1140 1835 1172 οἷ

1067 1189 1140 1228 παρὰ
1159 1188 1207 1224 τὴν
1229 1189 1314 1228 ἀρχὴν
1336 1189 1399 1218 αὐτὸ
1421 1189 1521 1221 Quen.
1543 1188 1608 1217 υΟτι
1628 1189 1655 1218 δὲ
1671 1189 1747 1218 τοῦτό
1763 1191 1834 1217 ἐστιν

1068 1235 1177 1271 ἀληθὲς,
1193 1237 1219 1264 αἱ
1235 1235 1278 1264 ἐπὶ
1292 1238 1343 1263 τῶν
1359 1237 1445 1273 ἀγρῶν
1462 1235 1620 1273 τρεψάμεναι
1633 1239 1767 1272 γυναῖκες,
1782 1236 1834 1273 τῶν

1068 1283 1182 1310 ἀστικῶν
1203 1281 1303 1319 ἀνδρῶν
1319 1282 1383 1308 εἶσιν
1400 1280 1586 1319 ἰσχυρότεραι,
1603 1280 1648 1308 καὶ
1671 1279 1783 1312 πολλοὺς
1805 1279 1835 1308 ἂν

1066 1326 1195 1358 τοιούτους
1210 1325 1437 1354 καταπαλαίσαιεν
1459 1327 1567 1353 ἐκεῖναι.
1586 1326 1642 1354 Τοῦ
1665 1325 1691 1353 δὲ
1713 1325 1835 1363 σώματος

1065 1371 1204 1410 γενομένου
1237 1371 1439 1409 μαλακωτέρου,
1465 1371 1567 1409 ἀνάγκη
1597 1370 1643 1399 καὶ
1669 1370 1717 1406 τὴν
1748 1371 1835 1410 ψυχὴν

1066 1417 1255 1446 συναπολαύειν
1270 1420 1316 1452 τῆς
1328 1417 1412 1455 λύμης
1423 1429 1428 1434 ·
1441 1416 1475 1446 τὰ
1486 1416 1537 1455 γὰρ
1548 1416 1633 1446 πολλὰ
1647 1417 1691 1445 καὶ
1705 1417 1837 1446 συνδιατί-

1065 1466 1152 1492 Οενται
1165 1464 1246 1497 αὐτῆς
1257 1464 1283 1491 αἱ
1295 1462 1422 1502 ἐνέργειαι
1433 1465 1466 1501 τῇ
1479 1462 1571 1491 τούτου
1582 1463 1704 1492 διαθέσει.
1717 1462 1770 1492 Καὶ
1781 1462 1833 1501 γὰρ

1063 1510 1090 1537 ἐν
1115 1509 1199 1542 νόσοις
1222 1508 1306 1548 ἕτεροί
1330 1510 1408 1547 ἐσμεν
1432 1508 1475 1537 διὰ
1497 1508 1528 1537 τὸ
1552 1509 1760 1548 μαλακίζεσθαι,
1788 1508 1835 1537 καὶ

303 1617 312 1627 ³
333 1608 340 1642 [
355 1612 402 1641 ojxt
423 1616 493 1637 κακῶς
511 1611 654 1634 κατέστειλαν
667 1608 696 1631 Λ.
712 1608 738 1631 Β.
760 1606 883 1632 Commel.
905 1612 929 1631 et
949 1615 1026 1639 marg.
1042 1606 1123 1640 Sam]

706 1711 881 1740 MUTIANO
903 1710 1156 1739 SCHOLASTICO
1180 1711 1430 1740 INTERPRETE.

271 1806 395 1846 captivati
406 1812 467 1833 sunt
484 1804 639 1840 mulierum,
652 1804 784 1841 quierant
796 1802 822 1831 in
835 1813 946 1831 numero
960 1802 1080 1831 filiorum
1093 1802 1152 1837 Dei,
1165 1809 1190 1831 et
1206 1813 1254 1842 per
1268 1813 1386 1842 praeceps
1400 1802 1433 1831 ad
1448 1802 1580 1832 infernum
1596 1803 1718 1833 libidinis
1729 1804 1835 1834 decide-

270 1854 351 1882 runt?
366 1852 431 1891 quid
447 1852 496 1888 illi,
511 1851 556 1890 qui
572 1851 598 1879 in
615 1851 745 1879 masculos
762 1851 853 1878 insano
872 1850 962 1878 surore
982 1850 1159 1879 ferebantur?
1175 1850 1241 1888 quid
1262 1861 1353 1879 omncs
1373 1861 1447 1889 reges
1462 1851 1591 1890 gentium,
1608 1850 1832 1891 Babyloniorum,

272 1901 468 1939 AEgyptiorum,
478 1909 563 1927 nonne
573 1898 657 1926 vitam
672 1898 741 1925 male
754 1904 832 1935 atque
843 1897 984 1926 infeliciter
995 1898 1229 1926 terminaverunt?
1242 1908 1328 1926 nonne
1338 1898 1365 1926 in
1376 1899 1513 1927 tormentis
1525 1899 1679 1927 exsistunt?
1689 1899 1744 1928 Sed
1756 1909 1834 1933 nunc,

269 1949 313 1977 (lic
322 1948 399 1984 mihi,
411 1957 498 1975 nonne
510 1946 572 1974 talia
584 1946 680 1974 iterum
696 1944 913 1974 fiunt?Adve1-te
922 1945 1059 1973 Christum
1074 1945 1206 1974 dicentem
1220 1957 1226 1973 :
1246 1947 1304 1984 Qui
1315 1946 1452 1974 mollibus
1477 1948 1606 1975 vestibus
1619 1947 1789 1982 induuntur,
1803 1949 1836 1975 in

269 1997 401 2024 domibus
417 2004 514 2033 regum
529 1986 597 2022 sunt
609 2004 617 2020 .·
632 1992 677 2031 qni
692 2002 755 2021 vero
769 2002 822 2020 non
834 1991 934 2020 habent
950 1992 1013 2020 talia
1028 1992 1228 2030 vestimenta‚in
1243 1993 1315 2021 caelis
1329 1999 1402 2022 sunt.
1414 1993 1498 2022 Molle
1511 2003 1626 2032 namque
1645 1993 1834 2022 vestimentum

269 2042 349 2071 etiam
357 2041 496 2080 veram[f.
510 2047 536 2068 et
545 2042 689 2075 austeram]
700 2039 818 2067 animam
831 2038 966 2070 dissolvit.
980 2039 1110 2068 diffundit
1119 2047 1144 2068 et
1154 2040 1253 2079 frangit
1267 2053 1272 2068 :
1289 2051 1319 2069 ac
1334 2041 1355 2068 si
1367 2050 1491 2079 asperum
1504 2040 1601 2069 habeat
1611 2050 1708 2080 eorpus
1721 2047 1746 2068 et
1759 2041 1834 2077 forte,

269 2089 347 2117 eitius
360 2099 406 2127 per
419 2088 560 2116 delicatam
572 2086 799 2115 conversationem
819 2086 898 2115 molle
909 2086 1055 2125 perficitur.
1067 2088 1136 2116 Nam
1146 2087 1216 2115 unde
1228 2087 1338 2126 putatis,
1353 2094 1399 2115 aut
1411 2098 1445 2116 ex
1458 2087 1529 2125 quali
1542 2087 1646 2115 ratione
1660 2087 1784 2115 mulieres
1796 2087 1835 2115 sic

269 2145 324 2163 esse
334 2134 435 2162 debiles
450 2133 701 2161 etinfl1·n1as?nu1n
712 2143 746 2161 ex
757 2132 909 2161 conditione
924 2143 1002 2161 sexus
1018 2133 1144 2161 tantum?
1163 2134 1348 2171 Nequaquam,
1370 2132 1416 2162 sed
1439 2133 1519 2161 etiam
1542 2143 1574 2161 ex
1601 2133 1801 2161 conversatione
1809 2139 1835 2161 et

269 2182 436 2211 educatione.
447 2181 527 2216 Quod
538 2181 609 2208 enim
624 2181 674 2208 sub
688 2180 854 2208 umbraculis
867 2180 977 2219 degunt,
992 2180 1065 2218 quod
1080 2180 1137 2209 oleo
1151 2188 1297 2219 unguntur,
1310 2180 1381 2219 quod
1396 2180 1580 2218 frequentibus
1591 2180 1705 2209 lavacris
1715 2187 1835 2216 utuntur,

270 2229 342 2268 quod
352 2228 459 2257 assidue
473 2228 615 2265 unguentis
631 2227 832 2256 abundantibus
842 2234 867 2256 et
882 2227 1047 2256 aromatibus
1063 2227 1271 2267 perfunduntur,
1283 2235 1307 2256 ct
1318 2229 1406 2266 jacent
1417 2228 1442 2256 in
1455 2228 1628 2256 straminibus
1639 2227 1773 2264 delicatis,
1784 2227 1835 2255 hoc

268 2284 308 2305 est
319 2276 391 2315 quod
403 2287 445 2304 eas
457 2275 522 2304 tales
535 2275 627 2302 efficit.
641 2275 675 2303 Ei
691 2282 720 2303 ut
736 2275 830 2303 melius
846 2275 896 2304 hoc
907 2285 1043 2314 agnoscam,
1057 2275 1164 2304 attende
1177 2275 1249 2314 quod
1261 2276 1322 2304 dico
1334 2288 1340 2303 z
1353 2287 1387 2304 cx
1402 2276 1479 2304 horto
1491 2275 1581 2314 aliquo
1594 2275 1622 2304 in
1636 2285 1724 2303 eremo
1734 2274 1835 2303 consti-

269 2331 339 2360 tuto,
351 2324 399 2362 qui
413 2323 500 2352 ventis
514 2329 540 2351 et
553 2322 756 2361 tempestatibus
771 2322 935 2359 verberatur,
948 2334 1024 2352 sume
1038 2323 1179 2352 arbustum
1193 2323 1312 2361 aliquod,
1322 2330 1346 2352 et
1358 2334 1427 2363 pone
1442 2323 1468 2352 in
1483 2333 1565 2363 opaco
1579 2330 1605 2352 et
1619 2333 1718 2361 aquoso
1731 2322 1800 2356 loco,
1812 2328 1838 2350 et

270 2371 375 2399 videbis
392 2370 464 2409 qnod
479 2370 596 2399 multum
611 2380 625 2397 a
641 2369 797 2398 fortitudine
811 2377 836 2398 et
848 2369 979 2408 dignitate
995 2381 1042 2399 sua
1059 2371 1221 2405 mutabitur,
1237 2381 1318 2408 quam
1339 2371 1456 2399 habebat
1473 2371 1500 2399 in
1515 2370 1566 2399 hoc
1580 2370 1638 2399 loco
1650 2368 1721 2398 unde
1736 2375 1838 2397 constat

272 2429 327 2447 esse
338 2418 505 2446 translatum.
520 2417 590 2452 Quia
609 2427 703 2445 verum
718 2423 743 2444 et
765 2423 865 2445 certum
880 2425 919 2446 est
933 2418 1000 2454 hoe,
1013 2418 1119 2447 attende
1133 2418 1272 2454 mulieres,
1283 2429 1343 2457 quae
1359 2418 1386 2447 in
1401 2418 1474 2457 agris
1493 2425 1576 2457 agunt
1595 2417 1678 2447 vitam
1693 2427 1699 2443 :
1715 2415 1838 2445 fortiores

272 2475 387 2503 namque
402 2464 466 2493 viris
481 2470 551 2500 sunt,
562 2463 608 2501 qui
623 2463 721 2491 suntin
730 2462 886 2492 civitatibus
901 2464 1055 2503 constituti;
1069 2472 1095 2493 et
1108 2464 1131 2493 si
1145 2475 1189 2493 eas
1203 2465 1342 2504 permittas
1357 2475 1418 2493 cum
1435 2465 1490 2493 illis
1501 2463 1627 2493 athletico
1641 2473 1714 2491 more
1725 2469 1835 2499 certare,

272 2512 371 2540 multos
385 2511 540 2550 hujusmodi
559 2511 630 2540 viros
645 2510 697 2539 illae
715 2510 771 2539 sine
792 2509 875 2538 dubio
890 2512 1067 2550 superabunt.
1079 2513 1199 2552 Corpore
1214 2522 1329 2550 namque
1342 2512 1418 2541 molli
1432 2511 1537 2540 reddito
1551 2518 1576 2539 et
1591 2510 1719 2545 delicato,
1732 2519 1836 2538 necesse

273 2565 309 2586 est
323 2565 348 2586 et
361 2558 477 2586 animam
492 2557 653 2597 participare
667 2567 701 2585 ex
716 2556 834 2595 corporis
856 2557 960 2585 morbo.
978 2558 1007 2585 In
1025 2558 1118 2587 multis
1139 2569 1254 2596 namque
1274 2558 1475 2597 compatiuntur
1490 2564 1515 2586 et
1530 2557 1684 2586 afficiuntur
1702 2556 1834 2595 operatio-

275 2615 319 2632 nes
333 2605 427 2633 animae
443 2605 612 2644 passionibus
627 2611 653 2633 et
668 2604 853 2634 affectionibus
874 2604 1001 2645 corporis
1018 2605 1124 2635 Etenim
1144 2606 1169 2634 in
1186 2605 1393 2645 aegritudinibus
1407 2605 1485 2635 aliter
1505 2615 1551 2634 nos
1565 2604 1711 2643 habemus,
1724 2610 1833 2644 propter

1904 2647 1906 2661 ⁴
