1906 2846
243 191 311 225 286
585 201 613 223 s.

241 275 273 293 ne
285 265 322 293 sic
333 263 440 302 quidem
452 268 552 301 oportet
565 261 660 293 dicere,
674 259 771 287 nedum
780 258 800 286 si
811 267 862 285 non
871 256 970 285 credas.

243 313 274 338 At
290 310 361 347 qnod
378 317 452 336 tuum
473 314 509 335 cst
534 316 638 343 semper
659 311 776 343 spectas,
792 303 888 331 timens
903 312 935 330 ne
950 309 975 329 te

243 357 313 383 Deus
328 354 457 382 examinet
471 353 483 379 Ρ
501 352 580 379 Time
591 360 652 387 crgo
662 360 694 377 ne
707 348 740 377 de
751 348 804 376 tuis
819 347 897 385 nugis
908 357 975 375 exa—

243 400 358 427 mincris.
376 398 424 424 Hic
438 396 506 424 enim
519 406 568 423 non
586 401 660 433 potes
675 393 764 421 dicere
775 415 782 427 ‚
798 393 836 420 Nc
848 402 890 419 nie
904 392 976 419 Deus

241 443 372 470 examinet
385 452 432 480 pro
445 441 537 479 nugis:
553 440 630 478 plane
643 439 712 467 enini
723 448 763 466 res
774 437 828 476 ipsa
843 443 881 464 est
891 446 976 475 nugze.

244 489 298 515 Cur
310 486 474 515 traduxisti?
485 497 531 513 cur
546 485 645 513 malum
660 482 853 522 amplificasti?
870 481 920 509 hoc
930 492 977 509 nos

244 540 327 572 potest
343 531 460 571 pcmicrc.
476 532 616 570 Propterea
629 530 733 558 dicebat
747 528 884 561 Christus,
896 527 978 555 Noli-

245 586 273 606 te
290 579 443 617 judicare,
468 583 571 604 utnon
584 575 763 614 judicemini.
781 573 833 602 Sed
860 583 875 600 a
901 572 980 600 nobis

245 625 317 652 nulla
333 625 389 662 ejus
403 623 515 651 hahetur
530 622 597 650 ratio
608 644 615 654 ,
627 631 674 649 nec
686 630 744 658 quse
759 619 893 647 Pharisaeo
908 619 977 647 acci-

244 670 357 706 derunt,
374 679 421 697 nos
439 669 576 705 castigant.
600 667 648 695 Ine
670 676 727 694 rem
751 675 841 694 veram
854 664 977 699 dicebat,

244 717 311 743 Non
324 725 385 743 sum
401 717 473 742 sicut
485 716 538 742 iste
547 713 721 751 publicanus
732 733 740 746 ‚
751 717 776 739 et
787 710 892 738 dicebat
903 709 978 738 nullo

244 760 368 788 audiente
379 781 386 795 ,
405 766 429 787 et
444 759 494 786 suit
506 757 704 786 condemnatus.
721 757 750 785 Si
761 756 807 794 qui
822 766 917 784 verum
929 755 978 784 di-

246 807 300 839 xit,
313 806 363 832 suit
378 804 566 832 condemnatus
577 825 584 839 ,
601 810 626 832 ct
646 803 717 832 dixit
740 802 815 830 nullo
832 801 975 830 audiente:

244 852 287 889 qni
305 851 370 878 salsa
382 856 407 878 et
428 849 461 877 de
473 849 571 887 quibus
592 859 643 877 non
659 855 720 877 sunt
739 848 803 876 certi
819 870 826 883 ,
848 848 874 876 in
890 857 979 876 omnes

245 904 331 936 partes
354 896 555 931 transmittunt,
572 895 641 923 sicut
657 895 806 933 nugatriccs
822 901 847 922 et
861 895 980 922 verbosae

244 943 384 975 mulieres,
409 941 476 980 quid
496 952 547 970 nou
568 941 632 969 mali
655 940 813 980 patientur?
831 939 898 977 quid
927 950 979 968 non

245 987 436 1016 sustinebunt?
461 987 510 1015 Ori
533 993 623 1015 nostro
652 985 777 1024 deinceps
805 985 902 1013 ostium
929 985 979 1013 im—

246 1043 375 1072 ponamus
398 1039 423 1060 et
443 1038 545 1061 vectem
561 1043 566 1059 ι
585 1041 619 1060 ex
641 1031 718 1069 nugis
744 1030 814 1058 enim
835 1036 980 1058 nascuntur

246 1079 315 1107 mala
336 1077 542 1106 innumerabilia
555 1088 560 1103 :
573 1083 730 1105 evertuntur
746 1075 856 1111 domus,
866 1073 981 1104 disrum-

246 1131 346 1163 puntur
370 1124 504 1159 amicitiai,
521 1129 546 1151 et
566 1123 704 1151 innumera
727 1121 779 1150 alia
802 1121 872 1149 mala
891 1121 980 1149 oriun-

246 1177 300 1198 tur.
324 1171 365 1199 De
388 1170 469 1198 rebus
493 1168 630 1208 proximi,
646 1178 662 1196 o
675 1168 772 1203 homo,
788 1178 819 1195 ne
837 1167 872 1195 sis
887 1167 979 1195 curio-

246 1227 300 1244 sus.
316 1219 350 1245 At
364 1227 391 1245 es
403 1216 502 1253 loquax
513 1236 521 1251 ,
543 1220 568 1243 et
591 1214 641 1242 hoc
660 1214 765 1242 laboras
785 1213 873 1242 vitio?
886 1220 930 1242 tua
946 1213 979 1241 ad

247 1263 336 1290 Deum
346 1262 469 1299 loquere:
485 1260 522 1288 sic
546 1270 597 1288 non
619 1260 668 1288 erit
683 1260 799 1299 amplius
814 1259 912 1287 vitium
934 1270 981 1288 nec

246 1307 435 1335 detrimentum
449 1328 455 1340 ‚
474 1305 518 1333 sed
531 1304 709 1334 commodum.
726 1305 775 1333 Dic
796 1311 840 1332 tua
863 1305 956 1333 amicis
970 1327 978 1339 ,

247 1352 317 1380 veris
325 1352 427 1386 amicis,
441 1351 596 1390 ctjustiS.et
607 1351 704 1389 quibus
719 1351 847 1387 confidis,
862 1357 890 1378 ut
904 1358 980 1379 orent

250 1409 296 1437 pro
317 1399 370 1426 tuis
391 1398 513 1437 pcccatis.
529 1398 557 1426 Si
579 1408 638 1435 quae
652 1404 713 1425 sunt
728 1397 843 1424 aliorum
859 1395 978 1430 dixeris,

248 1444 315 1472 nihil
331 1443 378 1471 tibi
394 1443 499 1482 prodest
512 1454 596 1481 neque
609 1443 734 1477 lucraris,
745 1440 791 1470 sed
804 1442 883 1470 etiam
897 1443 980 1480 peris:

248 1490 268 1516 si
284 1496 328 1516 tua
344 1489 460 1517 Domino
477 1488 672 1523 enuntiaveris,
691 1488 801 1516 multam
814 1487 893 1515 habes
908 1497 981 1515 mer-

249 1533 339 1561 cedem
353 1545 358 1560 :
374 1535 447 1561 Diti
459 1534 528 1561 enim
538 1556 544 1564 ,
560 1533 864 1571 inquit,pron11neiaho
878 1532 981 1560 adver-

248 1590 311 1608 sum
322 1590 366 1607 me
375 1581 557 1617 iniquitatem
569 1589 662 1607 meam
671 1579 810 1614 Domino,
820 1584 845 1606 et
857 1584 887 1605 lu
899 1580 981 1605 remi-

641 199 698 223 JOA
705 200 722 222 N
729 199 780 221 le
807 196 986 219 cum'sos'r.

1017 196 1033 217 A
1040 196 1156 219 nCnu-:P
1163 211 1170 218 .
1200 196 1467 221 CONSTANTtNffl).

1029 261 1162 293 ·“σκοπεῖς,
1173 257 1296 289 δεδοικὼς
1309 258 1476 292 ἐξετασθῆναι
1490 257 1562 297 παρὰ
1577 260 1621 288 τοῦ
1635 259 1716 295 Θεοῖἱ;
1726 260 1791 288 Δεῖ-

1030 313 1074 330 σον
1089 298 1132 330 οἷον
1147 303 1183 339 μὴ
1202 303 1247 330 καὶ
1266 302 1330 340 ὑπὲρ
1344 305 1391 337 τ’ἧς
1412 302 1537 341 φλυαρίας
1562 303 1709 342 ἐξετασθῇς.
1727 305 1792 334 Ἔν-

1030 349 1114 375 vot-302
1125 347 1176 386 γὰρ
1186 349 1232 376 οὐκ
1246 348 1314 386 ἔχεις
1331 349 1412 376 εἰπεῖν
1425 348 1464 376 ὅτι
1480 347 1517 385 μή
1533 360 1566 385 με
1581 348 1686 387 ἐξετάσῃ
1699 352 1712 378 ὃ
1725 350 1793 381 Θεὸς

1031 392 1096 431 ὑπὲρ
1110 394 1157 426 τῆς
1171 393 1296 431 φλυαρίας
1309 405 1315 410 ·
1326 393 1356 422 τὸ
1365 393 1415 432 γὰρ
1429 398 1540 432 πρὶγμα
1553 395 1666 432 φλυαρία
1679 395 1744 423 ἐστί.
1757 394 1793 422 Τί

1031 437 1242 474 ἐξεπόμπευσας,
1260 438 1285 466 τί
1308 438 1423 473 ηὔξησας
1446 438 1476 466 τὸ
1494 439 1595 473 δεινόν,
1617 441 1701 468 Τοῦτο
1723 441 1795 476 ἡμᾶς

1032 482 1159 512 ἀπολέσαι
1174 483 1243 521 ἔχει·
1257 483 1299 512 διὰ
1312 486 1388 512 τοῦτο
1398 483 1484 521 ἔλεγεν
1499 486 1512 511 ὁ
1528 484 1655 522 Χριστὸς,
1674 484 1719 519 Μὴ
1737 484 1795 524 κρί-

1032 540 1087 558 νετε
1096 550 1103 563 ,
1120 528 1161 556 ἵνα
1175 528 1211 566 μὴ
1225 531 1340 583 κριῡῆτε.
1350 530 1418 558 Ἀλλ’
1433 529 1513 561 οὐδεὶς
1527 532 1591 566 ἦμῖν
1600 529 1690 558 τούτου
1703 529 1778 567 λόγος
1787 552 1795 565 ,

1031 574 1088 602 οὐδὲ
1102 574 1135 602 τὰ
1149 574 1217 603 κατὰ
1233 575 1276 603 τὸν
1290 575 1438 614 Φαρισαῖον
1452 577 1523 612 ἡμας
1535 575 1673 629 σωφρονίζε
1663 586 1694 602 ι.
1709 574 1795 603 Ἐκεῖ-

1032 631 1072 651 νος
1088 622 1158 648 εἶπεν
1173 620 1267 654 ἀληθὲς
1283 633 1405 659 πραγμα,
1421 620 1461 649 ὅτι
1473 622 1532 649 Οὐκ
1547 621 1600 657 εἰμι
1611 623 1646 652 ὡς
1657 623 1671 649 ὁ
1682 632 1709 648 τ-
1711 620 1796 655 λώνης

1032 667 1117 700 οὗτος,
1133 666 1178 694 καὶ
1195 669 1266 694 εἶπεν
1293 666 1428 698 ἀκούοντος
1449 665 1565 700 οὐδενὸς,
1579 665 1624 694 καὶ
1646 665 1796 704 κατεκρίθη.

1034 712 1066 739 Εἰ
1077 711 1107 740 τὸ
1121 711 1215 746 ἀληθὲς
1232 711 1341 750 εἰρηκὼς
1356 723 1418 740 mr:
1420 711 1496 749 κρίθη
1506 733 1514 745 ,
1529 723 1572 740 και
1577 711 1704 758 Μμτβενὸς
1717 710 1796 740 ἀκού-

1033 769 1104 789 οντος
1115 757 1212 786 εἱπων
1230 759 1253 786 οἱ
1265 757 1298 785 τὰ
1309 758 1390 796 ψευδη
1399 778 1406 791 ,
1423 769 1467 786 και
1490 757 1538 786 ὗπε
1528 769 1555 795 ρ
1574 760 1609 785 ὡν
1622 758 1668 786 οὐκ
1682 756 1732 785 εἷο-ἰ
1745 768 1797 786 πε-

1033 802 1168 840 πεισμένοι
1177 815 1260 832 ταυτα
1271 803 1503 842 διαπορθμεύοντες
1514 805 1666 841 πανταχοῦ,
1678 802 1799 840 καθάπερ

1032 853 1153 885 γυναῖκες
1164 848 1272 888 φλύαροι
1284 871 1292 884 ,
1305 848 1330 876 τί
1343 849 1371 877 οὗ
1391 848 1526 877 πείσονται
1549 848 1630 876 δεινόν
1640 860 1647 883 ;
1657 848 1682 876 τί
1704 848 1730 876 δὲ
1750 849 1798 887 οὐχ

1033 896 1206 932 ὑπομενοῦσι;
1231 896 1329 932 Θῶμεν
1347 895 1436 923 λοιπὸν
1459 896 1497 932 τῷ
1519 893 1630 931 στόματι
1653 893 1734 932 θύραν
1753 893 1798 922 καὶ

1034 941 1131 979 μοχλόν
1141 952 1147 957 ·
1165 940 1245 980 μυρία
1256 941 1306 979 γὰρ
1322 940 1373 968 ἀπὸ
1384 939 1509 979 φλυαρίας
1522 939 1611 977 γέγονε
1624 938 1693 967 κακά
1702 950 1707 956 ’
1719 938 1799 967 οἷκίαι

1034 986 1228 1025 ἀνετράπησαν,
1244 986 1328 1025 φιλίαι
1341 985 1546 1021 διεσπάσθησαν,
1564 984 1640 1025 ἕτερα
1654 984 1736 1024 μυρία
1750 997 1800 1024 χα·

1034 1032 1101 1061 λεπὰ
1120 1032 1219 1071 γέγονε.
1241 1032 1287 1067 Μὴ
1302 1031 1472 1071 περιεργάζει-,ι
1487 1031 1520 1059 τὰ
1540 1034 1585 1060 τοῦ
1606 1030 1717 1066 πλησίον
1729 1052 1737 1066 ,
1754 1030 1800 1059 ἄν·

1035 1082 1130 1135 Opunte.
1151 1077 1229 1106 Ἀλλὰ
1242 1078 1321 1109 λάλος
1340 1073 1376 1111 εἶ,
1400 1077 1445 1106 καὶ
1462 1077 1603 1114 ἐλάττωμα
1617 1076 1706 1115 ἔχεις;
1724 1076 1799 1104 λα’λει

1034 1124 1066 1152 τὰ
1081 1136 1115 1152 σα
1129 1124 1192 1162 πρὸς
1207 1124 1250 1152 τὸν
1265 1123 1318 1152 Θε’
1294 1135 1345 1151 vav·
1361 1122 1407 1151 οὔτ
1398 1135 1443 1155 ως
1456 1121 1542 1151 οὐκέτι
1557 1121 1630 1151 ἔσται
1642 1122 1672 1150 τὸ
1687 1123 1798 1151 ἐλάττω-

1036 1183 1089 1208 μα,
1104 1169 1172 1198 ἀλλὰ
1186 1169 1381 1207 πλεονέκττμα·
1396 1169 1471 1198 λαλει
1492 1167 1526 1197 τὰ
1540 1168 1574 1197 σὰ
1595 1168 1659 1207 πρὸς
1672 1180 1731 1200 τους
1751 1168 1797 1207 φί-

1035 1217 1094 1248 λους
1101 1238 1108 1251 ,
1121 1227 1180 1247 τους
1190 1215 1258 1243 πάνυ
1274 1215 1361 1253 φίλους
1373 1226 1416 1242 και
1427 1213 1550 1247 δικαίους,
1560 1224 1605 1241 και
1618 1215 1656 1245 οῖς
1677 1214 1781 1251 θαρρεῖς
1791 1235 1799 1248 ,

1035 1273 1103 1290 ωστε
1115 1260 1260 1294 εὔξασθαι(
1251 1260 1298 1289 υπέ
1304 1273 1317 1299 ρ
1341 1262 1392 1288 τῶν
1412 1261 1464 1288 σῶν
1482 1258 1690 1297 αμαρτημάτων
1703 1257 1749 1286 Ἂν
1765 1258 1800 1286 τὰ

1036 1306 1129 1344 ἑτέρων
1153 1305 1246 1343 εἴπῃς,
1275 1304 1345 1333 οὐδὲν
1369 1304 1505 1342 ‹boel-'10⁷5
1519 1325 1527 1338 ‚
1549 1302 1620 1331 οὐδὲν
1642 1302 1800 1341 ἐκέρδανας,

1035 1351 1102 1380 ἀλλὰ
1125 1351 1169 1378 καὶ
1195 1350 1300 1378 ἀπώλου
1310 1360 1316 1366 ·
1339 1349 1368 1376 ἂν
1393 1349 1425 1377 τὰ
1449 1352 1544 1377 σαυτοῦ
1569 1347 1739 1386 ἐξαγορεύσῃς
1761 1349 1798 1387 τῷ

1036 1396 1171 1432 Δεσπότῃ,
1189 1395 1268 1423 πολὺν
1288 1394 1356 1433 ἔχεις
1368 1394 1411 1422 τὸν
1427 1394 1517 1432 μισθόν
1527 1405 1533 1411 ·
1554 1389 1616 1422 εἶπα
1630 1393 1695 1432 γὰρ,
1710 1393 1798 1432 φησὶν,

1036 1441 1197 1479 ἑξαγορεύσω
1210 1442 1268 1469 κατ’
1291 1441 1356 1478 ἐμοῦ
1370 1440 1418 1475 τὴν
1438 1440 1548 1478 ἀνομίαν
1564 1451 1612 1478 μου
1636 1440 1674 1478 τῷ
1693 1438 1799 1478 Κυρίῳ,

1036 1487 1080 1515 καὶ
1091 1486 1122 1514 σὺ
1138 1488 1241 1525 ἀφῆκας
1257 1485 1304 1520 τὴν
1317 1485 1436 1514 infigam
1451 1487 1498 1520 τ’ἧς
1511 1485 1618 1525 καρδίας
1629 1496 1689 1523 μου.
1707 1483 1800 1516 Θέλεις

1036 1531 1193 1570 κρίνεινςτὰ
1216 1534 1312 1559 σαυτοῦ
1337 1531 1423 1571 κρίνε·
1441 1531 1523 1563 οὐδείς
1545 1542 1586 1560 σοι
1610 1532 1733 1569 ἐγκαλεῖ,
1754 1530 1799 1559 ἐὰν

1036 1577 1215 1615 ›intuendo-3<
1226 1576 1334 1606 σαυτόν·
1349 1577 1454 1615 ἐγκαλεῖ
1465 1576 1490 1605 δὲ
1500 1599 1507 1613 ,
1517 1576 1560 1605 ἐὰν
1572 1575 1608 1614 μὴ
1621 1575 1799 1615 καταδικάσῃς

282 1686 290 1694 ²
310 1677 409 1710 [πατεῖς
430 1680 455 1702 Α.
477 1678 503 1703 B.
526 1678 624 1702 Comm.
645 1676 720 1701 Saxit.
740 1683 765 1701 et
776 1676 882 1701 Mutian.
903 1684 986 1706 σκοπεῖ,
1001 1676 1069 1709 quod
1083 1675 1219 1710 legebatur,
1234 1675 1309 1701 Savil.
1322 1677 1345 1700 iu
1358 1675 1449 1709 marg}

645 1775 821 1805 MUTIANO
843 1774 1097 1805 SCHOLASTICO
1119 1775 1370 1804 INTERPRETE.

248 1879 306 1905 quae
321 1868 445 1896 dicuntur
459 1868 586 1896 adversus
595 1867 705 1896 fratrem
719 1873 806 1903 tuum,
820 1877 867 1895 nec
881 1866 919 1895 sic
933 1877 962 1895 ea
974 1866 1062 1895 dicere
1074 1873 1188 1906 oportet,
1201 1877 1233 1896 ne
1245 1866 1333 1896 dicam
1344 1866 1410 1895 dum
1421 1867 1460 1907 [f.
1476 1866 1543 1896 dum
1557 1868 1622 1904 non]
1636 1866 1731 1896 credis.
1743 1866 1796 1896 Sed

248 1915 346 1952 ubique
355 1926 413 1953 quae
424 1922 468 1943 tua
482 1921 543 1943 sunt
555 1914 674 1954 inspicis,
687 1914 784 1942 metuis
794 1913 943 1943 examinari
956 1925 971 1942 a
982 1914 1060 1943 Deo?
1075 1915 1165 1943 metue
1175 1925 1246 1954 ergo,
1260 1924 1292 1943 ne
1302 1914 1381 1943 etiam
1391 1925 1441 1954 pro
1453 1914 1612 1944 verbositate
1625 1913 1796 1950 discutiatis5

248 1962 291 1990 hic
307 1963 377 1990 enim
392 1972 443 1990 non
459 1969 533 2001 potes
549 1962 646 1998 dicere,
662 1961 733 1996 Quia
747 1972 800 1990 non
815 1972 858 1990 me
870 1961 994 1990 discutiet
1010 1962 1083 1990 Deus
1104 1973 1153 2001 pro
1169 1962 1330 1991 verbositate
1351 1973 1357 1990 ε
1374 1962 1431 1990 haec
1445 1961 1516 1990 enim
1529 1972 1570 1990 res
1583 1961 1731 1991 verbositas
1744 1967 1795 1990 est.

249 2009 323 2045 Quid
338 2009 479 2048 publicasti
491 2009 592 2038 malum
603 2009 616 2037 Ρ
626 2008 692 2047 quid
703 2009 902 2047 augmentasti?
912 2009 963 2038 hoc
977 2009 1049 2038 enim
1063 2009 1302 2038 exterminaturum
1315 2016 1355 2038 est
1364 2019 1412 2037 nos
1424 2021 1430 2036 :
1445 2015 1585 2048 propterea
1596 2008 1703 2036 dicebat
1715 2007 1798 2036 Chri-

248 2064 302 2084 stus
313 2068 319 2084 :
331 2057 428 2085 Nolite
439 2057 581 2095 judicare,
595 2067 631 2085 ne
637 2057 818 2095 judicemini.
834 2055 887 2084 Sed
900 2055 934 2084 de
950 2056 1000 2084 hoc
1012 2056 1089 2084 nobis
1101 2056 1176 2084 nulla
1189 2056 1256 2085 ratio
1267 2063 1320 2091 est,
1337 2066 1421 2094 neque
1435 2055 1510 2084 nobis
1525 2055 1654 2083 Pharisaei
1668 2055 1795 2094 parabola

249 2104 292 2132 illa
305 2103 417 2142 imponit
426 2103 641 2132 moderationem.
656 2104 692 2132 Et
704 2103 750 2131 ille
761 2113 852 2132 veram
862 2113 919 2131 rem
932 2102 1047 2138 dicebat,
1062 2104 1138 2140 Quia
1151 2113 1209 2131 non
1219 2114 1283 2132 sum
1297 2105 1372 2132 sicut
1381 2103 1467 2131 ethic
1479 2103 1670 2141 publicanus,
1688 2107 1714 2130 et
1723 2101 1798 2130 dice-

248 2151 293 2179 bat
307 2151 381 2179 nullo
397 2150 529 2187 audiente,
543 2157 570 2179 et
585 2157 673 2179 tamen
687 2149 829 2178 damnatus
847 2155 894 2178 est.
909 2149 938 2178 Si
951 2149 997 2178 ille
1012 2160 1107 2178 verum
1125 2149 1242 2185 dicebat,
1254 2157 1279 2178 et
1293 2149 1367 2178 nullo
1380 2149 1514 2185 audiente,
1523 2155 1644 2177 ettamen
1655 2147 1796 2178 damnatus

249 2203 284 2224 est
297 2209 302 2224 :
317 2197 362 2234 qui
376 2196 439 2224 salsa
453 2196 528 2231 dicit,
541 2203 566 2225 et
579 2206 637 2234 quae
648 2206 695 2224 nec
705 2198 762 2234 ipse
773 2195 868 2231 credit,
882 2195 981 2233 ubique
992 2195 1114 2235 deportat
1125 2195 1193 2224 sicut
1208 2195 1325 2225 verbosae
1341 2195 1477 2232 mulieres,
1489 2194 1556 2233 quid
1569 2194 1633 2223 mali
1647 2205 1699 2223 non
1715 2195 1799 2234 patie-

249 2242 316 2270 tur?
331 2241 396 2280 quid
407 2242 472 2270 mali
483 2252 533 2270 non
549 2241 714 2271 sustinebit?
725 2242 897 2280 imponamus
908 2242 966 2280 jam
980 2242 1019 2270 ori
1033 2249 1122 2271 nostro
1137 2243 1236 2271 ostium
1248 2249 1328 2280 atque
1342 2241 1499 2270 custodiam.
1515 2242 1613 2270 Decem
1624 2241 1711 2270 millia
1725 2242 1796 2270 enim

248 2288 317 2316 mala
329 2299 363 2317 ex
372 2289 530 2318 verbositate
544 2289 641 2328 saepius
653 2288 806 2317 acciderunt
817 2300 823 2315 ε
836 2288 932 2317 domus
945 2299 1043 2318 eversae
1055 2296 1126 2326 sunt,
1138 2289 1262 2318 amicitiae
1271 2289 1406 2329 dissipatae
1416 2301 1422 2316 :
1434 2295 1459 2317 et
1469 2289 1521 2317 alia
1536 2287 1628 2317 decem
1639 2288 1723 2317 millia
1734 2299 1797 2328 pes-

248 2335 314 2362 sima
334 2336 510 2374 contigerunt.
532 2335 592 2364 Noli
606 2335 731 2373 scrutari,
746 2346 762 2364 ο
779 2335 876 2372 homo,
896 2346 988 2365 causas
1003 2336 1120 2375 proximi
1140 2336 1190 2371 tui,
1207 2336 1254 2366 sed
1271 2337 1293 2365 si
1306 2337 1406 2375 loquax
1421 2347 1458 2374 es,
1476 2343 1501 2365 et
1514 2335 1566 2364 hoc
1581 2335 1648 2365 vitio
1657 2335 1795 2374 detineris,

248 2381 356 2419 loquere
365 2393 423 2420 quae
437 2389 482 2410 tua
494 2389 556 2411 sunt
566 2382 601 2411 ad
613 2384 700 2411 Deum
714 2393 720 2410 :
732 2382 771 2411 sic
781 2383 852 2411 enim
867 2393 918 2411 non
930 2383 981 2412 erit
994 2384 1093 2412 vitium
1107 2384 1177 2413 illud
1184 2384 1290 2420 vitium,
1306 2383 1353 2412 sed
1368 2383 1471 2412 virtus:
1486 2383 1594 2421 loquere
1608 2393 1667 2421 quae
1681 2389 1725 2412 tua
1734 2390 1797 2412 sunt

250 2426 284 2455 ad
301 2427 409 2462 anilem,
425 2428 470 2466 qui
482 2428 532 2456 tibi
544 2428 623 2458 valde
633 2429 712 2457 amici
722 2435 784 2457 sunt
800 2435 826 2457 et
838 2428 916 2468 justi,
931 2429 956 2457 in
971 2440 1038 2467 quos
1052 2430 1135 2458 habes
1147 2429 1346 2463 confidentiam,
1362 2436 1390 2458 ut
1404 2435 1479 2458 orent
1495 2439 1544 2468 pro
1557 2428 1672 2468 peccatis
1686 2428 1748 2457 tuis.
1765 2429 1795 2458 Si

251 2473 320 2501 enim
335 2473 434 2501 alienas
447 2484 539 2503 causas
551 2474 636 2509 dicas,
653 2475 722 2504 nibil
736 2474 786 2503 tibi
800 2474 928 2514 proderit,
943 2485 1028 2514 neque
1041 2476 1144 2515 aliquid
1158 2477 1282 2511 lucraris,
1294 2476 1441 2514 quinetiam
1455 2474 1670 2504 damnificaberis
1681 2486 1686 2502 :
1699 2475 1796 2505 sivero

252 2528 310 2555 quae
323 2525 368 2546 tua
382 2525 442 2546 sunt
451 2520 614 2557 pronunties,
628 2531 643 2548 a
655 2520 772 2549 Domino
782 2526 828 2549 tuo
838 2521 949 2549 multam
961 2520 1074 2549 habebis
1086 2521 1242 2550 mercedem.
1260 2522 1332 2550 Dixi
1342 2521 1422 2556 enim,
1433 2520 1528 2558 inquit,
1537 2521 1733 2558 pronuntiabo
1743 2521 1797 2549 ad-

253 2576 363 2595 versum
379 2575 423 2594 me
436 2565 618 2602 iniquitatem
634 2578 727 2597 meam
743 2568 882 2607 Domino,
898 2575 924 2597 et
939 2575 970 2597 tu
985 2569 1132 2598 abstulisti
1145 2570 1322 2607 impietatem
1333 2568 1426 2598 cordis
1435 2569 1498 2597 mei.
1510 2566 1560 2597 Vis
1573 2565 1695 2606 judicare
1709 2566 1722 2595 9
1735 2578 1794 2606 quae
