1886 2846
428 163 461 191 i'm
488 167 594 191 emsT.
622 167 666 190 Αι)
694 164 859 190 ununnos.

95 229 131 261 Τι’
146 232 238 262 τούτου
257 234 302 261 τοῦ
318 231 433 270 γέλωτος
447 232 491 260 καὶ
506 235 553 266 τῆς
567 230 710 270 χλευασίας
725 234 827 269 χεῖρονς
844 229 862 253 C

54 278 79 307 τί
91 279 190 314 ταύτης
200 280 247 313 τῆς
258 278 412 316 ἀνωμαλίας
425 277 568 317 βαρύτερον
582 289 589 311 ;
606 275 772 315 Αἷσιύνθητε
784 276 828 304 καὶ

55 325 202 365 ἐντράπητε
213 336 220 342 ·
235 326 258 354 εἷ
277 324 304 353 δὲ
325 324 362 362 μὴ
380 324 515 362 βούλεσθε,
532 327 609 362 ἡμεῖς
621 325 667 352 οὐκ
680 322 829 362 ἀνεχόμεθα

57 370 102 405 ἔθη
120 374 229 400 τοιαῦτα
241 370 347 409 ὀλέθρια
359 373 391 408 τῇ
405 370 532 408 ἐκκλησίᾳ
545 371 744 407 ἐπεισαγαγεῖν·
761 367 831 400 Τοὺς

58 416 110 456 γὰρ
131 416 332 457 ἁμαρτάνοντας
343 439 351 453 ,
371 416 448 455 φησὶν
461 438 468 451 ,
483 415 594 444 ἐνώπιον
609 415 714 444 πάντων
728 414 832 453 ἔλεγχε.

60 463 203 495 Κάκείναις
218 463 245 491 δὲ
263 467 321 495 ταῖς
337 462 517 500 ταλαιπώροις
535 461 579 490 καὶ
595 461 697 493 ἀθλίαις
711 462 743 489 δι’
760 462 833 498 ὑμῶν

63 508 272 547 ὢπαγορεύομεν,
294 509 426 546 μηδέποτε
446 512 503 541 ταῖς
521 510 574 536 τῶν
595 509 696 536 πιστῶν
713 509 836 546 ἐκφοραῖς

64 554 218 590 ἐπεισιέναι,
234 554 276 582 ἵνα
291 555 328 592 μὴ
345 554 425 586 ὄντως
444 554 477 582 τὰ
490 555 574 582 οἰκεῖα
586 553 665 586 αὑτὰς
678 553 834 592 ἀναγκάσω·

68 611 115 637 μεν
129 602 232 639 θρηνεῖν
250 600 334 635 κακὰ,
349 600 392 628 καὶ
405 599 587 637 παιδεύσωμεν
599 599 636 636 μὴ
651 601 677 628 ἐν
692 598 838 638 ἀλλοτρίοις

66 649 150 675 ταῦτα
163 651 256 682 ποιεῖν,
272 646 340 675 ἀλλὰ
354 646 400 678 τὰς
412 646 510 678 οἰκείας
522 645 658 684 συμφορὰς
671 646 771 682 μᾶλλον
783 644 840 673 ὀδό·

69 694 176 731 ρεσθαι·
197 692 242 720 καὶ
264 693 315 730 γὰρ
331 691 375 720 καὶ
397 691 486 730 πατὴρ
501 690 684 730 φιλόστοργος,
705 690 767 719 ὅταν
785 690 839 718 υἱὸν

68 737 180 766 ἄτακτον
193 737 253 776 ἔχῃ,
266 738 312 766 οὔκ
331 737 422 776 ἐκείνῳ
439 737 516 775 μόνον
535 741 658 775 παραινεῖ
675 737 712 775 μὴ
725 736 841 772 πλησιά-

68 785 120 816 ζειν
139 787 194 816 τοῖς
211 789 335 822 πονηροῖς
346 807 352 818 ,
374 783 442 813 ἀλλὰ
460 783 504 812 καὶ
518 783 654 816 ίὶἐκείνους
665 783 747 822 φοὸεῖ.
774 782 841 812 Ἰδοὺ

68 829 153 858 τοίνυν
171 829 216 858 καὶ
237 831 298 868 ὑμῖν
320 830 454 862 κάκείναις
475 830 602 867 δι’-ὑμῶν
621 831 754 868 παραινῶ,
774 829 842 858 ὥστε

70 876 137 913 μήτε
157 878 226 913 ὓμᾶς
237 877 328 905 καλεῖν
345 876 392 909 τὰς
405 875 541 910 τοιαύτας,
556 875 623 913 μήτε
637 875 738 908 ἐκείνας
754 888 841 915 παρα-

71 921 199 959 γίνεσθαι.
222 922 274 951 Καὶ
294 922 395 961 γένοιτο
417 921 464 960 μὲν
480 922 524 950 τὸν
541 922 618 960 λόγον
636 934 661 950 τι
679 922 842 960 ἐργάσασθαι

70 966 149 996 πλέον
170 968 215 996 καὶ
236 968 284 1003 τὴν
307 968 419 1002 ἀπειλὴν
444 970 564 1007 ἷηῧσαι·
579 970 602 997 εἰ
619 967 660 1003 δὲ,
675 967 740 1006 ὅπερ
752 968 842 1003 ἀπείη,

71 1016 322 1052 καταφρονηθῶμεν,
339 1013 596 1051 ἀναγκασθησόμεθα
608 1013 700 1041 λοιπὸν
717 1015 753 1046 εἷς
767 1014 842 1051 ἔργον

71 1061 179 1098 ἀγαγεῖν
191 1059 239 1094 τὴν
255 1059 377 1095 ἀπειλὴν,
389 1061 459 1096 ὑμᾶς
474 1059 521 1097 μἐν
533 1063 586 1091 τοῖς
598 1059 687 1096 νόμοις
700 1059 843 1087 παιδεύον-

70 1117 113 1138 τες
126 1110 179 1137 τοῖς
191 1106 432 1140 ἐκκλησιαστικοῖς,
446 1104 547 1137 ἐκείνας
558 1104 625 1137 δὲὼς
639 1104 751 1138 ἐκείναις
764 1116 844 1144 προσ-

70 1151 135 1186 ’ἤκόν
145 1153 226 1180 ἐστιν.
246 1153 278 1180 El
290 1151 318 1180 δέ
342 1163 381 1184 τις
404 1151 664 1188 ἀπαυθαδιαζόμενος
677 1156 845 1191 καταφρονεῖ,

72 1202 190 1231 ἀκουέτω
199 1204 245 1230 τοῦ
255 1203 372 1241 Χριστοῦ
381 1201 502 1241 λε’γοντος
510 1202 556 1230 καὶ
564 1205 621 1231 νῦν·
634 1201 700 1231 Ἐὰν
712 1204 726 1231 ὁ
736 1202 844 1242 ἀδελφός

72 1264 118 1282 σου
133 1252 278 1292 ἁμαρτήσῃ
293 1254 328 1285 εἰς
347 1252 392 1288 σὲ,
410 1252 509 1292 ὕπαγε,
525 1251 627 1292 ἔλεγξον
647 1253 724 1282 αὐτὸν
747 1254 844 1291 μεταξὺ

72 1307 118 1333 σοῦ
127 1303 172 1332 καὶ
182 1305 262 1333 αὐτοῦ
270 1303 350 1342 μόνου
357 1316 363 1321 ·
375 1305 397 1332 εἷ
406 1303 432 1333 δὲ
442 1304 479 1342 μὴ
489 1304 615 1340 πείθοιτο,
624 1304 763 1344 παράλαὲε
777 1305 844 1344 μετὰ

73 1357 184 1384 σεαυτοῦ
198 1353 244 1383 ἕνα
258 1353 276 1388 ἢ
291 1354 349 1382 δύο·
363 1355 385 1383 εἷ
397 1354 480 1383 δὲκαὶ
494 1354 576 1387 οὕτως
588 1354 728 1394 ἀντιλέγοι,
741 1355 798 1385 εἰπὲ
812 1357 845 1393 τῇ

72 1404 221 1444 Ἐκκλησία
231 1417 238 1422 ·
263 1405 285 1434 εἰ
301 1404 327 1433 δὲ
344 1405 389 1433 καὶ
404 1407 450 1440 τῆς
467 1404 631 1441 Ἐκκλησίας
645 1406 847 1446 παρακοόσειεν,

74 1456 143 1486 ἔστω
163 1468 205 1485 σοι
224 1458 260 1490 ὡς
275 1458 289 1484 ὁ
306 1456 405 1489 ἐθνικὸς
419 1457 464 1485 καὶ
485 1459 499 1485 ὁ
513 1456 637 1492 τελώνης.
664 1459 696 1487 Εἰ
712 1458 738 1487 δὲ
754 1458 797 1487 τὸν
812 1461 847 1492 εἷς

75 1508 123 1546 ἐμὲ
141 1507 329 1546 ἁμαρτάνοντα
340 1530 348 1543 ,
363 1507 469 1537 ἐπειδὰν
489 1507 526 1546 μὴ
541 1508 669 1545 πείθοιτο,
684 1509 765 1543 οὕτως
779 1512 848 1539 ἀπο-

77 1559 234 1597 στρέφεσθαι
252 1558 366 1587 κελεύει·
388 1559 432 1587 τὺν
449 1560 484 1592 εἰς
499 1560 592 1588 ἑαυτὸν
604 1560 792 1598 ἁμαρτάνοντα
804 1562 850 1590 καὶ

78 1610 113 1641 εἷς
128 1609 172 1638 τὸν
187 1609 256 1638 Θεὸν
271 1611 328 1642 πῶς
342 1609 413 1648 ἔχειν
428 1610 533 1648 ὀφείλω,
551 1612 625 1648 ὑμεῖς
638 1610 760 1650 κρίνατε·
776 1614 851 1650 ὑμεῖς

111 1715 122 1727 ²
142 1709 196 1732 Huc
209 1707 300 1733 desinit
313 1709 421 1733 Humilia
432 1716 521 1743 quarta
536 1710 560 1734 in
572 1709 720 1736 Colbertinu
731 1711 835 1741 Codice,

77 1754 103 1773 ει
114 1756 218 1781 sequens
231 1749 340 1774 llomilia
351 1751 438 1782 quinta
449 1750 547 1775 omissis
557 1750 708 1783 quibusdam
721 1751 753 1776 ab
764 1752 836 1777 initio

889 165 966 188 mi».
996 166 1030 188 ιι.
1065 165 1185 188 nomn.
1216 164 1262 188 iv.
1584 154 1631 201 Q)

921 229 948 257 6.
960 227 1035 263 Quid
1050 228 1100 256 hoc
1115 228 1171 256 risu
1181 234 1205 256 ct
1221 227 1271 256 liae
1283 225 1468 255 ludificatione
1479 233 1517 255 est
1533 228 1610 266 pejus
1621 227 1634 254 ἶ)

882 274 949 313 quid
964 281 1002 304 est
1017 275 1127 313 gravius
1143 274 1194 302 hac
1210 272 1412 311 incequalitatc?
1429 272 1587 301 Erubescite
1607 280 1633 301 et

883 320 987 360 pudore
998 319 1190 349 suffundimini
1201 319 1239 347 :si
1254 329 1307 348 non
1322 318 1417 357 vultis,
1433 329 1481 347 nos
1496 318 1632 358 pernicio-

884 375 926 394 sos
940 364 1073 404 ejusmodi
1088 374 1175 393 mores
1191 374 1244 392 non
1265 363 1380 392 sinimus
1395 363 1421 391 in
1440 363 1579 391 ecclesiam
1593 363 1633 391 in-

885 410 983 440 ducere
999 422 1004 438 :
1024 411 1186 440 Peccantes
1201 409 1272 438 enim
1285 432 1292 444 ‚
1306 409 1405 447 inquit,
1422 419 1521 437 coram
1537 410 1634 437 omni-

889 459 940 486 bus
952 467 1051 496 argue.
1063 456 1121 485 lllis
1135 463 1224 484 autem
1242 455 1394 484 infelicibus
1413 461 1438 483 et
1457 454 1561 484 miseris
1576 465 1633 483 mu-

888 503 1001 532 lieribus
1016 513 1063 542 per
1075 512 1125 531 vos
1142 501 1332 542 prohibemus,
1347 511 1380 530 ne
1400 511 1529 539 umquam
1550 501 1636 539 ingre-

889 550 999 579 diantur
1011 550 1038 579 in
1054 549 1177 579 fidelium
1190 550 1282 578 funera
1298 559 1358 587 quae
1379 549 1536 584 efferuntur,
1552 559 1585 577 ne
1597 559 1636 577 re—

890 607 953 625 vera
975 596 1045 636 ipsas
1068 606 1194 635 cogamus
1215 606 1263 624 sua
1283 595 1353 624 mala
1368 594 1476 630 desserc,
1491 602 1517 623 et
1530 594 1636 623 erudia-

892 653 953 671 mus
967 653 1010 671 cas
1025 653 1076 671 non
1092 642 1118 671 in
1131 642 1225 671 alienis
1239 641 1289 670 hoc
1303 641 1403 677 facere,
1416 641 1463 670 sed
1476 652 1536 670 suas
1551 640 1639 680 potius

856 692 875 714 Ι)
893 688 1032 728 deplorare
1052 688 1224 717 calamitates.
1238 687 1345 716 Etenim
1368 694 1444 726 pater
1463 698 1570 726 quoque
1593 687 1641 716 be-

895 736 1022 773 nevolus,
1038 735 1147 774 quando
1176 735 1257 764 habet
1279 734 1437 763 insolentem
1459 741 1485 763 et
1508 734 1641 763 immode-

895 788 965 810 stum
982 781 1137 817 filium,uon
1152 780 1192 809 illi
1205 780 1256 809 soli
1269 779 1365 809 suadet
1376 791 1408 809 ne
1421 779 1641 809 consuetudinem

896 828 994 856 habeat
1012 838 1073 856 cum
1091 827 1230 866 improbis,
1243 826 1288 856 sed
1302 827 1350 855 hos
1365 837 1471 865 quoque
1484 833 1572 855 terret.
1589 825 1642 854 Ec-

896 884 925 902 ce
946 883 1008 912 ergo
1028 885 1076 903 nos
1097 885 1204 912 quoque
1218 881 1243 902 et
1259 884 1306 902 vos
1328 880 1353 902 et
1371 873 1431 902 illas
1451 884 1497 913 per
1512 883 1560 902 vos
1574 873 1642 902 lior-

897 927 996 957 tamur,
1011 928 1040 948 ut
1057 931 1105 949 nee
1124 931 1172 949 vos
1194 921 1254 950 illas
1267 920 1376 956 vocetis,
1390 930 1476 958 neque
1496 919 1548 948 illae
1563 930 1642 948 acce-

897 965 971 994 dant.
984 966 1018 994 Et
1038 966 1105 994 faxit
1119 965 1231 1004 quidem
1247 967 1321 995 Deus
1333 973 1362 994 ut
1377 977 1464 995 sermo
1479 965 1582 1004 aliquid
1601 966 1643 994 es·-

897 1012 970 1040 siciat
983 1012 1110 1052 amplius,
1125 1019 1150 1040 et
1166 1012 1271 1040 valeant
1284 1012 1363 1041 minae
1380 1025 1386 1040 ε
1403 1013 1443 1041 sin
1456 1019 1557 1046 autem,
1571 1011 1645 1050 quod

897 1057 979 1092 absit,
999 1058 1143 1086 contemtui
1159 1058 1244 1086 simus
1267 1058 1364 1093 habiti,
1387 1069 1492 1088 necesse
1515 1058 1646 1087 habemus

897 1102 932 1131 de
947 1109 1041 1132 caetero
1061 1104 1147 1131 minas
1165 1103 1298 1131 deducere
1317 1103 1350 1131 ad
1370 1104 1506 1137 effectum.
1518 1115 1567 1132 vos
1586 1103 1646 1142 qui-

861 1178 884 1197 49
898 1149 958 1178 dem
981 1148 1131 1177 erudientes
1147 1148 1254 1187 legibus
1277 1148 1471 1185 ecclesiasticis,
1482 1149 1542 1177 illas
1557 1157 1645 1178 autem

863 1206 881 1227 A
900 1201 928 1223 ut
943 1194 997 1223 illis
1015 1194 1148 1223 convenit.
1161 1194 1191 1223 Si
1208 1193 1269 1232 quis
1289 1200 1378 1222 autem
1394 1201 1549 1232 arroganter
1563 1201 1588 1223 et
1603 1195 1646 1223 iu-

899 1241 1014 1270 solenter
1027 1251 1054 1269 se
1068 1251 1161 1279 gerens
1174 1239 1298 1280 despicit,
1308 1239 1401 1268 audiat
1415 1240 1554 1268 Christum
1576 1251 1647 1269 nunc

898 1297 1003 1326 quoque
1023 1286 1156 1316 dicentem
1176 1299 1181 1314 :
1202 1287 1233 1315 Si
1256 1288 1422 1324 peccaverit
1444 1289 1476 1314 in
1501 1293 1528 1315 te
1550 1287 1648 1325 frater

900 1340 980 1371 tuus,
994 1334 1083 1371 vade,
1102 1343 1192 1373 argue
1212 1343 1278 1361 eum
1297 1336 1374 1362 inter
1391 1339 1418 1361 et
1442 1340 1470 1361 te
1490 1335 1584 1372 ipsum
1602 1343 1646 1362 so-

901 1380 962 1408 lum
974 1392 981 1408 :
997 1382 1023 1408 si
1032 1386 1130 1408 autem
1143 1390 1201 1408 non
1213 1385 1327 1418 pareat,
1338 1381 1438 1417 accipe
1452 1385 1545 1408 tecum
1558 1390 1648 1408 mmm

901 1432 953 1455 aut
968 1427 1040 1455 duos
1051 1437 1060 1452 .·
1076 1427 1102 1454 si
1116 1432 1215 1454 autem
1232 1429 1320 1454 etiam
1335 1427 1378 1453 sit:
1393 1425 1590 1461 contradicat,
1602 1426 1650 1454 dic

903 1473 1046 1501 Ecclesia.²
1067 1484 1075 1499 .-
1097 1474 1123 1500 si
1141 1478 1239 1500 autem
1262 1472 1430 1500 Ecclesiam
1453 1482 1567 1510 quoque
1592 1482 1652 1500 non

903 1519 1017 1555 audiat,
1029 1520 1065 1547 sit
1081 1520 1134 1546 tibi
1155 1525 1308 1557 tamquam
1327 1518 1459 1546 ethnicus
1472 1524 1499 1546 et
1511 1517 1651 1556 publica-

905 1576 968 1594 nus.
982 1565 1011 1594 Si
1024 1572 1114 1593 autem
1127 1575 1187 1594 eum
1200 1565 1246 1603 qui
1261 1564 1287 1592 in
1303 1575 1346 1592 me
1356 1571 1525 1603 peecat‚‹:um
1536 1574 1588 1592 non
1604 1574 1651 1603 pa-

905 1611 999 1646 ruerit,
1017 1611 1055 1640 sic
1065 1611 1143 1650 jubet
1154 1610 1272 1639 avensari
1289 1616 1297 1638 ε’
1312 1610 1340 1638 in
1356 1620 1428 1645 cum,
1442 1610 1490 1648 qui
1505 1609 1532 1638 in
1549 1620 1577 1638 se
1592 1620 1652 1649 pcc-

886 1711 970 1742 lineis,
984 1711 1073 1744 incipit
1090 1711 1122 1735 ab
1136 1710 1173 1735 his
1186 1710 1269 1736 verbis
1283 1709 1335 1743 τ’μή
1348 1714 1391 1744 75¹9
1405 1713 1482 1739 ἁπλῶς
1502 1715 1603 1745 mcxli,-
1621 1717 1653 1743 τῷ

888 1755 998 1786 λεχῦέντι.

503 1857 674 1886 ΜΠΤΙΑΝΟ
695 1856 950 1888 ΞΟΗΟΙΑ8ΤΙΟΟ
972 1859 1228 1888 INTERPRETE.

123 1950 197 1985 Quid
212 1950 263 1979 hac
278 1950 402 1979 irrisione
418 1956 443 1978 et
458 1948 614 1978 inductione
628 1948 727 1988 pejus?
740 1948 805 1987 quid
822 1948 871 1976 hac
885 1948 1037 1987 :equalitate
1051 1948 1185 1986 gravius?
1199 1948 1402 1977 Consundimini
1421 1956 1447 1978 et
1461 1950 1656 1980 erubescite:si

83 2005 171 2027 autem
188 2009 241 2027 non
261 1998 359 2033 vultis,
374 2008 422 2026 nos
438 2008 491 2027 non
507 1997 626 2036 patimur
639 1997 757 2036 amplius
772 1996 834 2024 talia
857 1996 993 2025 mortifera
1008 1995 1035 2024 in
1047 1995 1185 2024 ecclesiam
1199 1995 1291 2024 induci
1304 2007 1310 2022 ε
1321 1997 1494 2031 Peccantes,
1508 1997 1606 2036 inquit,
1625 2001 1656 2026 in

83 2051 238 2084 conspectu
251 2047 380 2074 omnium
393 2055 493 2084 argue.
508 2044 542 2073 Et
557 2043 717 2072 mulieribus
734 2043 788 2072 illis
802 2043 905 2072 miseris
918 2053 964 2082 per
975 2053 1024 2071 vos
1035 2041 1247 2081 prohibitionem
1258 2041 1328 2070 lianc
1338 2041 1409 2076 dico,
1424 2049 1454 2071 ut
1468 2053 1615 2081 numquam
1629 2044 1655 2073 iu

84 2093 218 2122 mortibus
229 2092 362 2126 fidelium,
375 2099 420 2121 aut
433 2091 666 2132 exportationibus
681 2091 866 2130 ingrediantur
875 2113 882 2127 ‚
893 2101 925 2120 ne
937 2101 1028 2119 revera
1038 2089 1148 2129 propria
1161 2089 1231 2117 mala
1244 2099 1287 2117 eas
1302 2099 1429 2128 cogamus
1444 2089 1536 2127 lugere
1545 2112 1553 2127 ‚
1567 2097 1592 2119 et
1606 2091 1658 2120 do-

85 2149 191 2169 ceamus
203 2147 232 2168 ut
249 2151 300 2169 non
316 2140 342 2168 in
359 2139 452 2169 alienis
463 2139 519 2168 haec
534 2139 643 2176 faciani,
660 2138 707 2167 sed
719 2138 842 2178 proprias
859 2138 943 2177 magis
955 2137 1119 2166 calamitates
1134 2136 1322 2164 lamententur.
1335 2135 1443 2164 Etenim
1457 2143 1533 2175 pater
1548 2137 1657 2167 miseri-

85 2195 155 2221 corS,
165 2186 274 2224 quando
286 2186 373 2215 filium
390 2185 572 2215 inordinatum
585 2185 680 2222 habet,
692 2196 744 2214 non
758 2185 836 2213 illum
852 2185 939 2213 solum
950 2190 1050 2221 monet,
1061 2190 1089 2212 ut
1104 2193 1155 2212 non
1167 2182 1347 2221 conjungatur
1361 2181 1503 2220 malignis,
1514 2182 1560 2212 sed
1575 2183 1655 2212 eiiam

85 2232 147 2261 illos
158 2239 246 2262 terret.
264 2233 331 2262 Ecce
343 2233 427 2272 igitur
441 2241 464 2262 et
477 2233 557 2262 vobis
573 2240 598 2262 ct
613 2233 668 2262 illis
682 2232 842 2261 mulieribus
855 2242 901 2271 per
916 2241 962 2260 vos
975 2231 1122 2259 admoneus
1135 2229 1213 2263 dieo,
1228 2236 1257 2256 ut
1273 2239 1358 2266 neque
1372 2238 1420 2256 vos
1444 2230 1597 2258 convocetis
1616 2237 1658 2260 ta—

85 2280 134 2316 les,
149 2290 235 2318 neque
247 2280 300 2309 illae
313 2280 468 2309 adveniant.
482 2281 518 2310 Et
533 2281 670 2320 contingat
684 2279 794 2318 quidem
817 2279 869 2308 hoc
891 2279 1002 2308 verbum
1018 2278 1136 2317 amplius
1148 2275 1254 2316 operari
1268 2298 1275 2312 ,
1290 2282 1314 2304 et
1328 2276 1375 2303 has
1393 2276 1479 2304 minas
1492 2277 1656 2316 praevalere:

85 2327 108 2356 si
121 2338 194 2361 vcro.
206 2326 279 2365 quod
290 2327 369 2363 absit,
382 2334 593 2364 contemnamur,
605 2327 795 2366 compellimur
805 2326 862 2366 jam
875 2325 901 2355 in
913 2333 1003 2355 actum
1019 2324 1152 2353 adducere
1164 2323 1250 2352 minas
1262 2334 1268 2350 :
1281 2333 1330 2351 vos
1337 2321 1447 2361 quidem
1459 2322 1564 2362 legibus
1577 2324 1659 2354 eccle·

86 2374 203 2404 siasticis
217 2382 381 2410 coercentes,
397 2375 458 2404 illas
471 2383 559 2404 autem
575 2375 646 2403 sicut
663 2374 768 2412 legibus
791 2374 930 2414 competit.
947 2373 976 2403 Si
992 2383 1056 2401 vero
1072 2371 1172 2410 aliquis
1195 2369 1325 2410 pervicax
1341 2369 1467 2399 inventus
1489 2377 1658 2407 contemnat,

87 2421 180 2452 audiat
197 2422 335 2451 Christum
351 2432 421 2451 nunc
431 2422 511 2451 etiam
524 2422 672 2451 dicentem:
683 2422 714 2451 Si
725 2423 790 2461 quis
799 2432 890 2461 pecca
897 2423 968 2450 verit
982 2423 1014 2450 in
1031 2427 1068 2455 te,
1085 2420 1175 2455 vade,
1188 2428 1278 2457 argue
1292 2418 1378 2446 illum
1394 2419 1470 2446 inter
1483 2424 1512 2446 te
1525 2425 1551 2447 et
1566 2420 1660 2457 ipsum

88 2470 184 2499 solum
197 2472 240 2498 :si
255 2476 352 2498 autem
367 2479 426 2497 ιιοη
441 2470 592 2504 obaudiat,
604 2480 721 2498 assume
735 2477 828 2499 tecum
839 2480 941 2506 unum,
954 2475 1006 2498 aut
1020 2469 1093 2497 duos
1106 2479 1114 2494 .-
1131 2469 1156 2495 si
1171 2467 1260 2494 eciam
1275 2468 1316 2494 sic
1327 2467 1477 2502 restiterit,
1490 2465 1538 2494 dic
1553 2466 1659 2494 Eccle-

90 2519 140 2546 siae
152 2529 161 2544 .·
173 2519 199 2546 si
213 2524 311 2546 autem
327 2523 355 2546 et
370 2517 536 2546 Ecclesiam
549 2519 747 2553 contemserit,
761 2519 799 2547 sit
815 2519 869 2546 tibi
881 2519 954 2547 sicut
967 2517 1102 2546 ethnicus
1115 2521 1141 2542 et
1153 2513 1342 2553 publicanus.
1356 2512 1386 2542 Si
1407 2523 1471 2552 ergo
1491 2523 1553 2541 cum
1569 2514 1616 2552 qui
1633 2514 1658 2543 in

93 2574 136 2594 lue
150 2565 307 2604 peccaverit,
322 2575 384 2594 cum
400 2575 451 2594 nou
463 2564 625 2601 obaudierit,
642 2565 680 2594 sic
691 2565 808 2595 aversari
821 2566 898 2605 jubet
909 2578 914 2593 :
925 2565 970 2604 qui
988 2565 1012 2593 in
1026 2563 1141 2604 scipsum
1157 2561 1307 2602 peccaverit
1321 2567 1346 2590 et
1361 2561 1388 2589 in
1403 2561 1503 2599 Deum,
1521 2560 1658 2601 quomodo

1652 422 1670 436 t.
1685 417 1742 437 Tim,
1757 417 1780 439 5.

1648 447 1687 468 28.

1648 479 1778 507 Clirysnslo-

1650 517 1697 530 mus
1708 515 1730 529 ιιι
1741 509 1794 535 Epi-

1650 548 1727 568 scopus
1741 541 1777 562 lv<

1650 577 1734 600 quitur.

1661 1295 1748 1315 matth.
1766 1296 1800 1318 18.

1663 1325 1697 1351 15.
1711 1337 1790 1358 —17.
