1906 2846
378 187 409 210 ΚΝ
439 186 546 210 EPlST.

577 186 621 208 AD
652 183 807 207 llEBREOS
815 199 822 206 .

852 183 927 206 CAP-
956 184 1016 206 ΧΗ.
1046 184 1164 207 llOMlL.
1196 183 1290 205 XXlX.
1550 170 1618 217 589

45 252 92 280 Διὸ
113 250 157 279 καὶ
179 249 285 287 ἐπείγει·
312 249 346 276 Οἱ
370 248 416 286 μὲν
438 248 489 288 γὰρ
517 248 580 287 πρὸς
601 248 690 287 ὀλίγας
713 246 814 287 ἡμέρας
825 245 861 294 2λὸ
874 245 930 284 ipsa
948 257 952 273 z
970 255 1021 273 non
1038 245 1108 274 enim
1125 252 1232 285 propter
1249 243 1341 273 cadem
1358 249 1383 272 ct
1398 242 1442 271 hie
1455 250 1480 272 et
1495 243 1534 271 illi
1554 254 1619 271 eru-

45 296 112 325 κατὰ
133 296 162 324 τὸ
185 296 275 323 δοκοῦν
293 295 379 326 αὐτοῖς
400 294 550 323 ἐπαίδευον·
565 294 709 329 τουτέστιν,
720 292 815 328 ἡδονὴν

44 343 203 380 πληροῦντες
214 341 342 372 πολλάκις
354 363 360 375 ,
372 340 417 368 καὶ
437 341 465 369 οὖ
484 342 620 379 πανταχοῦ
641 340 669 368 τὸ
684 338 815 377 συμφέρον

44 389 163 427 δρῶντες.
175 386 306 415 Ἐνταῦθα
326 386 352 414 δὲ
374 386 419 414 οὐκ
438 385 493 413 ἔστι
515 388 592 413 τοῦτο
612 386 703 414 εἰπεῖν·
717 386 745 413 οὐ
764 383 816 422 γὰρ

44 434 87 462 διά
102 445 128 462 τι
140 435 191 461 τῶν
208 434 286 460 αὑτοῦ
302 435 378 460 τοῦτο
394 436 478 467 ποιεῖ,
494 431 561 459 ἀλλὰ
575 431 606 459 δι’
623 433 691 468 ὑμᾶς
708 430 753 459 καὶ
768 429 815 465 τὴν

43 479 170 519 ὠφέλειαν
183 478 267 517 μόνην
279 478 326 513 τὴν
342 478 484 517 ὑμετέραν·
497 479 606 511 ἐκεῖνοι,
618 477 660 506 ἵνα
673 477 717 505 καὶ
731 477 817 508 αὐτοῖς

44 525 172 564 χρήσιμοι
185 524 308 563 γένησθε,
323 524 451 556 πολλάκις
468 523 493 553 δὲ
508 524 553 552 καὶ
571 525 645 562 εἰκῇ·
662 525 772 552 ἐνταῦθα
790 522 816 551 δὲ

44 570 115 600 οὐδὲν
129 570 245 599 τοιοῦτόν
261 571 340 598 ἐστιν.
352 569 434 609 (Ορᾷς
445 569 486 598 ὅτι
500 570 544 598 καὶ
555 572 631 599 τοῦτο
643 569 714 608 φέρει
729 569 817 607 παροί-

43 617 151 652 κλήσιν,
162 617 286 645 Μάλιστα
301 617 352 656 γὰρ
365 616 472 648 ἐκείνοις
484 616 664 653 οἰκειούμεθα,
680 615 742 644 ὅταν
756 616 817 644 ἴδω-

45 675 92 700 μεν
117 662 156 691 ὅτι
181 663 209 691 οὔ
234 662 277 690 διά
300 675 323 690 τι
348 665 399 690 τῶν
427 664 510 690 αὐτῶν
533 662 549 696 ἢ
580 663 778 695 ἐπιτάττουσιν,
799 662 816 697 ἢ

43 710 224 747 παραινοῦσιν,
246 708 304 735 ἀλλ’
326 707 468 746 ὁλόκληρος
486 710 501 742 ἡ
525 706 624 741 σπουδὴ
648 706 690 735 διὰ
707 707 736 735 τὸ
751 705 817 744 ἦμέ-

43 765 116 792 τερον
139 753 250 792 γίνεται.
271 754 357 781 Τοῦτο
379 753 431 792 γάρ
453 755 523 782 ἐστιν
547 752 688 792 εἰλικρινὴς
713 753 817 791 ἀγάπη,

44 799 89 828 καὶ
100 799 180 833 ὄντως
195 799 285 837 ἀγάπη
294 821 300 833 ,
313 799 374 828 ὅταν
389 799 470 836 μηδὲν
485 799 555 831 ὄντες
567 801 604 838 τῷ
622 799 740 837 φιλοῦντι
751 799 817 837 χρή-

44 857 130 884 σιμοι,
143 846 280 885 φιλώμεθοι
293 847 356 884 παρ’
371 847 460 874 αὐτοῦ.
472 845 628 883 ψιλούμεθα
640 845 699 884 γὰρ,
715 846 763 884 οὐχ
775 845 818 873 ἵνα

44 891 128 931 λοίὸῃ,
144 893 202 920 ἀλλ’
225 892 268 920 ἵνα
294 893 344 930 δῷ·
367 891 500 925 παιδεύει,
515 891 601 920 πάντα
626 895 709 925 ποιεῖ,
731 891 818 920 πάντα

45 938 198 973 σπουδάζει,
212 937 281 966 ὥστε
295 937 417 976 γενέσθαι
436 940 507 975 ἡμᾶς
528 937 662 970 δεκτικοὺς
682 939 734 965 τῶν
755 939 818 975 ἀγα-

45 986 96 1012 θῶν
112 986 163 1012 τῶν
180 985 268 1012 αὑτοῦ.
281 985 315 1012 Οἱ
331 983 378 1020 μὲν
397 983 456 1022 γὰρ,
467 984 544 1022 φησὶ,
556 984 621 1021 πρὸς
642 983 732 1021 ὀλίγας
746 983 817 1021 ἡμέ-

47 1041 92 1069 ρας
114 1029 182 1058 κατὰ
203 1030 233 1058 τὸ
253 1030 343 1058 δοκοῦν
366 1029 452 1061 αὐτοῖς
474 1029 626 1057 ἐπαίδευον·
643 1031 655 1057 ὁ
677 1028 704 1057 δὲ
726 1029 769 1057 ἐπὶ
789 1029 819 1057 τὸ

45 1075 188 1115 συμφέρον,
203 1077 237 1108 εἷς
249 1075 279 1104 τὸ
294 1075 452 1112 μεταλαδεῖν
467 1077 514 1109 τῆς
529 1074 668 1111 ἁγιότητος
681 1076 769 1103 αὐτοῦ.
783 1074 819 1102 Τί

45 1123 117 1158 ἐστι,
139 1122 195 1156 Τῆς
220 1121 358 1159 ἁγιότητος
382 1121 476 1153 abt-033
496 1119 639 1156 Τουτέστι,
659 1122 706 1154 τῆς
732 1123 818 1148 καθα-

47 1168 169 1207 ρότητος,
182 1167 250 1196 ὥστε
267 1167 352 1201 ἀξίους
367 1168 445 1195 αὐτοῦ
465 1167 585 1205 γενέσθαι
607 1166 676 1195 κατὰ
697 1166 817 1204 δύναμιν.

47 1213 165 1246 Ἐκεῖνος
187 1213 327 1246 σπουδάζει
339 1212 382 1241 ἵνα
396 1212 510 1249 λάῧητε,
532 1212 576 1241 καὶ
591 1213 678 1241 πάντα
693 1216 762 1241 ποιεῖ
776 1211 819 1240 ἵνα

50 1260 86 1297 δῷ
100 1260 162 1296 ὑμῖν
171 1270 176 1276 ·
188 1260 262 1296 ὑμεῖς
275 1259 302 1288 δὲ
317 1260 345 1287 οὖ
362 1259 521 1291 σπουδάζετε
543 1258 585 1287 ἵνα
599 1258 710 1294 λάῧητε.
724 1254 818 1294 Εἶπον,

49 1306 127 1344 φησὶ,
142 1306 178 1343 τῷ
195 1305 299 1345 Κυρίῳ,
312 1304 407 1344 Κύριός
424 1317 472 1342 μου
491 1300 515 1333 εἶ
531 1304 572 1340 σὺ,
584 1304 624 1333 ὅτι
645 1307 697 1333 τῶν
715 1306 819 1344 ἀγαθῶν

50 1363 100 1389 μου
121 1352 149 1379 οὐ
164 1350 256 1390 χρείαν
271 1350 350 1390 ἔχεις.
368 1346 451 1387 Εἶτα,
466 1351 544 1390 φησὶ,
557 1350 615 1383 τοὺς
631 1351 678 1389 μὲν
691 1353 737 1386 τῆς
752 1363 821 1390 σαρ-

49 1398 93 1429 κὸς
107 1399 182 1435 ἡμῶν
198 1396 315 1436 πατέρας
330 1397 435 1436 εἴχομεν
450 1397 635 1432 παιδεύοντας,
653 1397 698 1426 καὶ
715 1399 819 1438 ἐνετρε-

50 1443 163 1481 πόμεθα·
187 1445 215 1471 οὐ
239 1444 329 1482 πολλῷ
353 1444 380 1472 δὲ
409 1444 509 1481 μᾶλλον
536 1443 758 1482 ὑποταγησόμεθα
783 1447 820 1484 τῷ

49 1489 137 1528 Πατρὶ
156 1491 207 1518 τῶν
223 1489 391 1527 πνευμάτων,
401 1490 446 1517 καὶ
461 1489 586 1527 ζήσομεν;
603 1490 650 1528 Τῷ
665 1490 752 1530 Πατρὶ
769 1493 819 1519 τῶν

48 1535 215 1573 πνευμάτων·
226 1534 285 1569 ἤτοι
299 1537 350 1563 τῶν
364 1535 538 1574 χαρισμάτων
551 1535 636 1574 λέγει,
650 1535 708 1570 ἤτοι
719 1538 770 1564 τῶν
781 1537 821 1564 εὖ·

48 1581 177 1619 χῶν,ἥτοι
192 1582 243 1609 τῶν
257 1581 408 1618 ἀσωμάτων
425 1581 572 1619 δυνάμειιψ.
584 1581 649 1611 Ἐὰν
663 1581 744 1615 οὕτως
757 1585 821 1612 ἀπο-

49 1627 212 1665 θνήσκωμεν,
223 1627 281 1655 τότε
299 1627 440 1665 ζησόμεθα.
457 1627 510 1656 Καὶ
524 1629 612 1660 καλῶς
627 1623 707 1664 εἶπεν,
722 1630 757 1658 Οἳ
773 1629 819 1667 μὲν

48 1670 98 1710 γὰρ
124 1672 187 1710 πρὸς
207 1672 295 1710 ὀλίγας
313 1672 414 1710 ἡμέρας
431 1673 566 1701 ἐπαίδευον
588 1673 656 1702 κατὰ
677 1674 707 1702 τὸ
728 1675 820 1704 δοκοῦν

873 291 961 320 diunt.
975 291 1089 330 Ideoque
1103 291 1243 330 subjunxit
1257 302 1262 317 z
1280 290 1331 318 Illi
1345 291 1422 318 enim
1435 292 1538 329 paucis
1555 291 1619 318 die-

875 339 938 372 bus,
950 345 1036 377 prout
1047 339 1107 367 illis
1120 339 1288 374 videbatur,
1302 337 1473 365 erudiebant
1487 348 1495 363 :
1508 336 1558 365 hoc
1571 343 1620 371 est,

874 395 944 424 saepe
956 385 1096 424 implentes
1111 384 1286 423 voluptatem,
1301 394 1348 411 nee
1360 393 1463 422 semper
1472 389 1621 422 spectantes

875 430 903 459 id
918 430 990 469 quod
1001 430 1136 460 conducit.
1147 430 1198 458 Hic
1209 437 1297 458 autem
1312 440 1363 458 non
1378 436 1461 468 potest
1476 429 1527 458 hoc
1543 429 1599 458 dici
1612 441 1618 456 :

875 488 927 506 non
946 477 1016 505 cnim
1036 477 1086 506 hoc
1105 477 1167 505 facit
1189 483 1296 516 propter
1315 475 1427 513 aliquod
1447 475 1620 504 commodum

876 535 965 560 suum,
978 523 1023 552 sed
1034 530 1140 563 propter
1150 534 1197 552 vos
1206 530 1230 551 et
1238 529 1353 552 vestram
1364 521 1447 550 solam
1459 521 1600 550 utilitatem
1614 534 1619 549 :

875 570 915 598 illi
933 577 962 599 ut
982 577 1008 598 et
1025 570 1089 609 ipsis
1107 569 1166 597 sitis
1185 569 1274 603 utiles,
1291 578 1361 607 saepe
1381 574 1470 596 autem
1485 567 1565 595 etiam
1581 574 1622 595 te-

875 627 961 653 mcrc;
974 616 1018 645 hic
1027 623 1117 644 autem
1132 615 1200 644 nihil
1212 622 1249 644 est
1264 613 1431 653 hujusmodi.
1446 613 1532 643 Vides
1547 614 1620 652 quod

872 663 923 691 hoc
935 673 1041 701 quoque
1059 663 1136 691 affert
1153 660 1384 690 consolationem?
1402 661 1471 688 Nam
1486 670 1547 688 Cum
1563 660 1621 688 illis

873 709 991 737 maxime
1006 708 1189 737 benevolentia
1204 706 1404 746 conjungimur,
1421 705 1528 744 quando
1546 705 1620 734 vidi-

837 755 854 776 Β
874 766 934 784 mus
951 755 1023 794 quod
1043 766 1095 784 non
1116 761 1225 794 propter
1244 752 1347 791 aliquid
1365 763 1443 781 snum
1459 752 1622 791 autjubcnt,

873 810 920 831 aut
932 802 1054 840 suadent,
1069 802 1114 831 sed
1129 808 1295 841 proptcrnos
1311 806 1395 828 totum
1413 799 1446 827 ab
1461 798 1498 827 eis
1513 798 1622 837 ponitur

873 848 1003 877 studium.
1020 849 1077 877 Hoc
1091 848 1161 876 enim
1176 854 1214 876 est
1229 847 1330 875 sincera
1345 845 1454 874 dilectio
1469 851 1493 873 et
1508 855 1571 873 vere
1582 844 1622 872 di-

873 894 951 923 lectio
965 918 971 928 ,
987 894 1097 933 quando
1110 904 1171 922 cum
1186 893 1255 921 nihil
1270 893 1353 921 simus
1369 891 1447 920 utiles
1460 891 1483 919 ei
1496 890 1542 929 qui
1555 890 1622 919 dili-

873 940 923 979 git,
943 940 977 968 ab
993 950 1022 968 eo
1040 947 1128 968 tamen
1142 938 1283 977 diligimur
1300 949 1305 964 :
1323 937 1466 975 diligimur
1479 936 1551 965 enim
1569 946 1621 964 non

873 994 902 1015 ut
915 986 1040 1026 accipiat,
1058 986 1105 1015 sed
1118 992 1146 1014 ut
1159 985 1204 1014 det
1221 997 1226 1012 ι
1242 984 1340 1020 erudit,
1355 984 1444 1012 omnia
1458 983 1530 1020 facit,
1545 993 1623 1011 omne

874 1032 993 1061 studium
1018 1032 1131 1069 confert,
1154 1038 1183 1059 ut
1200 1030 1344 1059 reddamur
1359 1040 1470 1058 suorum
1489 1029 1622 1058 bonorum

874 1088 992 1117 capaces.
1008 1079 1047 1106 Ee
1062 1078 1107 1106 illi
1115 1078 1242 1116 quidem,
1255 1076 1352 1114 inquit,
1367 1078 1398 1103 in
1409 1082 1535 1114 tempore
1546 1086 1622 1114 pau-

874 1134 972 1152 corum
980 1124 1092 1152 dierum
1102 1123 1260 1151 secundum
1270 1122 1454 1150 voluntatem
1463 1131 1547 1150 suam
1558 1132 1622 1150 eru-

874 1171 990 1199 dierunt
1003 1180 1054 1198 nos
1065 1182 1074 1198 .·
1085 1171 1132 1198 hic
1143 1176 1239 1198 autem
1255 1169 1337 1197 adid
1348 1169 1428 1206 quod
1438 1169 1510 1196 utile
1524 1175 1575 1202 est,
1593 1170 1624 1196 in

874 1218 1040 1256 recipiendo
1064 1216 1329 1256 sanctificationem
1361 1216 1433 1254 ejus.
1463 1213 1538 1248 Quid
1563 1221 1600 1242 est
1614 1237 1622 1249 ,

838 1275 855 1298 C
873 1265 1145 1303 Sanctificationem
1165 1264 1250 1302 ejus?
1272 1262 1329 1290 Hoc
1354 1268 1401 1298 est,
1421 1260 1576 1300 puritatem,
1594 1267 1624 1289 ut

874 1321 923 1350 pro
939 1310 1043 1339 viribus
1058 1310 1143 1339 simus
1157 1320 1187 1338 eo
1203 1307 1288 1347 digni.
1304 1308 1353 1336 Ille
1368 1307 1444 1347 ponit
1457 1306 1577 1335 studium
1595 1313 1624 1334 ut

874 1357 1030 1396 accipiatis,
1046 1363 1071 1385 et
1084 1355 1172 1385 omnia
1187 1354 1250 1383 facit
1262 1361 1291 1382 ut
1303 1354 1347 1382 det
1362 1353 1440 1382 vobis
1456 1365 1461 1381 z
1475 1363 1523 1381 vos
1534 1359 1623 1380 autem

875 1403 997 1432 studium
1015 1413 1067 1431 non
1088 1401 1189 1441 ponitis
1206 1407 1235 1428 ut
1256 1399 1402 1439 accipiatis.
1418 1400 1501 1433 Dixi,
1524 1398 1622 1436 inquit,
1636 1412 1767 1435 Psal.15.2

877 1451 1015 1485 Domino,
1031 1449 1177 1477 Dominus
1187 1457 1266 1475 meus
1279 1457 1308 1475 es
1323 1452 1362 1481 tu,
1378 1446 1517 1484 quoniam
1533 1445 1625 1472 bono-

875 1506 939 1524 rum
961 1505 1090 1524 meorum
1105 1504 1164 1522 non
1179 1503 1252 1533 eges.
1267 1492 1383 1520 Deinde
1391 1497 1490 1530 patres
1506 1491 1623 1529 quidem

874 1543 972 1570 carnis
989 1547 1094 1569 nostra²
1110 1540 1270 1568 eruditores
1285 1539 1452 1572 habuimus,
1464 1542 1491 1564 et
1506 1546 1624 1564 revere-

876 1589 979 1616 bamur
992 1597 1039 1615 eos
1057 1599 1065 1613 :
1081 1596 1181 1614 annon
1196 1585 1289 1613 multo
1304 1585 1396 1622 magis
1410 1583 1624 1620 obtemperabi-

876 1642 939 1660 mus
949 1632 1034 1659 Patri
1049 1632 1213 1669 spirituum,
1228 1635 1255 1657 et
1270 1630 1403 1656 vivemus
1416 1629 1428 1654 Ρ
1440 1627 1527 1654 Patri
1541 1627 1625 1664 spiri-

877 1682 955 1704 tuum
969 1688 979 1708 ,⁷
998 1675 1055 1704 sive
1074 1674 1267 1703 charismatum
1286 1671 1375 1709 dicit,
1393 1677 1438 1700 aut
1457 1669 1624 1705 orationum,

475 1777 648 1814 MUTIANO
671 1786 927 1816 SCHOLASTICO
952 1786 1206 1816 INTERPRETE.

50 1885 103 1907 tem
116 1887 192 1905 suam
203 1876 422 1914 desideriumque
435 1876 597 1915 complentes
605 1899 614 1912 ,
627 1887 712 1915 neque
727 1878 828 1916 ubique
843 1878 917 1917 quod
931 1879 996 1907 utile
1010 1885 1049 1907 est
1064 1878 1106 1907 vel
1119 1877 1193 1916 quod
1205 1876 1332 1906 conducit
1346 1874 1496 1904 attendunt.
1508 1875 1560 1903 Hic
1574 1885 1625 1903 au-

50 1931 103 1953 tem
115 1934 165 1952 non
180 1930 266 1963 potest
281 1923 404 1952 similiter
418 1923 474 1952 dici
490 1935 496 1950 :
510 1934 594 1961 neque
611 1924 683 1953 enim
699 1932 808 1964 propter
821 1926 925 1964 aliquid
944 1937 999 1955 suae
1015 1925 1163 1956 voluntatis
1176 1925 1222 1954 hic
1233 1924 1307 1961 facit,
1323 1923 1369 1952 sed
1385 1929 1496 1962 propter
1506 1929 1626 1951 nostram

52 1971 278 2001 commoditatem.
298 1971 343 2000 Illi
364 1977 454 1999 autem
475 1971 534 1999 ideo
552 1981 599 2000 vos
617 1971 786 2006 erudiebant,
800 1973 900 2010 inquit,
914 1980 943 2002 ut
958 1974 1023 2012 ipsis
1038 1973 1128 2002 essetis
1151 1972 1239 2007 utiles,
1251 1970 1398 2009 aliquando
1413 1969 1533 1998 fortassis
1545 1969 1626 1997 etiam

51 2019 108 2048 sine
120 2029 199 2047 eausa
212 2030 218 2045 ε
229 2018 274 2046 hic
287 2024 377 2046 autem
388 2016 457 2045 nihil
474 2017 526 2045 tale
540 2023 587 2045 est.
605 2017 801 2056 Contemplaris
814 2019 877 2056 quia
891 2018 971 2047 ctiam
986 2019 1013 2046 in
1027 2019 1079 2047 hoc
1089 2018 1200 2058 dignam
1213 2017 1268 2046 illis
1283 2016 1374 2046 attulit
1388 2015 1598 2045 consolationem
1611 2015 1626 2044 Ξ)

51 2066 172 2096 Maxime
186 2065 257 2094 enim
270 2066 338 2094 circa
358 2065 418 2093 illos
435 2075 482 2093 nos
497 2064 657 2093 familiarius
678 2064 817 2101 habemus,
833 2077 900 2104 quos
917 2067 1103 2105 cognoscimus
1117 2066 1180 2104 quia
1197 2075 1249 2094 non
1265 2071 1374 2104 propter
1389 2074 1416 2092 se
1434 2063 1567 2103 imperant
1580 2063 1623 2092 vel

51 2114 194 2150 erudiunt,
211 2113 259 2142 sed
276 2119 362 2141 totum
375 2112 429 2140 illis
442 2118 467 2140 et
481 2111 590 2151 plenum
605 2119 714 2151 propter
729 2123 775 2141 nos
786 2113 937 2142 celebratur
952 2113 1082 2143 studium.
1099 2113 1157 2142 Hoc
1171 2113 1274 2152 quippe
1288 2119 1327 2141 est
1344 2112 1453 2140 sincerae
1463 2118 1544 2150 atque
1554 2110 1626 2139 inte-

52 2173 106 2202 grae
121 2161 249 2197 caritatis,
264 2160 372 2199 quando
389 2159 490 2188 amanti
506 2159 532 2188 in
548 2159 624 2188 nullo
639 2170 732 2189 sumus
746 2161 924 2199 accommodi,
943 2169 969 2190 et
985 2168 1072 2191 tamen
1088 2161 1122 2190 ab
1140 2172 1171 2190 eo
1188 2160 1317 2190 docemur
1332 2161 1374 2199 Ul
1387 2159 1559 2198 diligimur]‚
1572 2169 1625 2188 non

52 2216 82 2238 ut
102 2208 207 2248 aliquid
224 2208 353 2248 accipiat,
368 2207 414 2236 scd
430 2206 516 2245 magis
531 2213 560 2235 ut
574 2207 677 2236 tribuat
697 2219 703 2234 :
717 2207 814 2244 erudit,
831 2208 959 2244 instituit,
979 2208 1102 2238 universa
1115 2208 1190 2246 facit,
1207 2208 1277 2237 circa
1292 2214 1386 2236 cuncta
1401 2207 1517 2242 festinat,
1533 2213 1563 2235 ut
1577 2216 1625 2235 nos

53 2257 152 2286 efficiat
162 2266 272 2285 suorum
287 2254 460 2295 receptabiles
469 2265 621 2283 munerum.
637 2255 691 2283 Illi
703 2257 790 2291 enim,
807 2254 904 2294 inquit,
916 2258 947 2284 in
962 2262 1088 2295 tempore
1100 2265 1261 2295 paucorum
1272 2255 1385 2283 dierum
1399 2254 1559 2283 secundum
1570 2264 1623 2282 vo-

53 2306 197 2334 luntatem
214 2315 298 2333 suam
314 2304 486 2333 erudiebant
502 2313 555 2331 nos
569 2314 577 2330 .·
595 2303 643 2332 hic
658 2309 757 2331 autem
772 2303 812 2332 ad
825 2304 857 2331 id
868 2305 948 2343 quod
961 2304 1035 2333 utile
1051 2310 1104 2339 est,
1122 2310 1152 2332 ut
1167 2305 1342 2342 recipiamus
1356 2302 1624 2340 sanctificationem

53 2354 123 2392 ejus.
139 2351 213 2387 Quid
225 2358 274 2387 est,
286 2350 558 2389 Sanctificationem
568 2351 631 2389 ejus
644 2352 657 2377 P
671 2349 727 2378 Hoc
742 2356 791 2387 est,
808 2350 970 2379 munditiam
981 2351 1047 2390 ejus,
1065 2357 1094 2379 ut
1107 2350 1203 2389 dignos
1214 2349 1313 2378 efficiat
1326 2348 1474 2378 secundum
1485 2348 1558 2386 quod
1570 2359 1623 2388 po-

52 2406 110 2428 test.
125 2399 242 2428 Festinat
259 2399 348 2437 itaque
359 2404 388 2426 ut
401 2397 550 2437 accipiatis,
561 2403 587 2425 et
602 2403 696 2425 cuncta
712 2396 784 2433 facit,
803 2404 831 2426 ut
846 2398 924 2427 vobis
941 2398 1079 2438 impertiat
1096 2410 1102 2426 t
1119 2409 1166 2427 vos
1181 2404 1269 2426 autem
1280 2396 1387 2425 nullum
1399 2396 1491 2435 geritis
1502 2395 1625 2425 studium

54 2453 84 2476 ut
101 2447 212 2476 valeatis
229 2446 360 2486 accipere.
381 2446 455 2474 Dixi
463 2467 470 2481 ,
484 2444 573 2483 inquit
586 2467 592 2481 ,
613 2445 693 2473 Deus
709 2455 788 2474 meus
800 2456 829 2474 es
840 2452 882 2482 tu,
901 2448 1041 2485 quoniam
1059 2447 1199 2475 bonorum
1217 2454 1347 2473 meorum
1359 2454 1418 2472 non
1433 2454 1508 2483 eges.
1521 2443 1624 2473 Deinde

54 2494 192 2534 subjungit
209 2506 215 2522 :
231 2493 383 2529 Carnales,
396 2491 493 2530 inquit,
507 2498 606 2530 patres
618 2498 730 2521 nostros
741 2492 896 2522 habuimus
909 2493 1041 2522 doctores
1056 2500 1084 2522 ot
1099 2493 1280 2529 educatores,
1295 2497 1321 2520 et
1334 2492 1538 2520 reverebamur
1552 2500 1600 2519 eos
1614 2502 1622 2517 :

58 2551 153 2571 nonne
164 2541 255 2570 multo
270 2541 396 2580 amplius
408 2540 514 2579 subjici
527 2539 663 2568 dehemus
675 2540 763 2568 Patri
772 2541 936 2579 spirituum,
951 2547 978 2570 et
991 2543 1122 2570 vivemus
1131 2544 1143 2568 P
1152 2539 1233 2576 Quod
1243 2546 1330 2568 autem
1344 2538 1427 2574 dixit,
1441 2539 1529 2567 Patri
1537 2540 1624 2577 spiri-

59 2595 150 2627 tuum,
167 2594 211 2617 aut
228 2587 420 2617 charismatum
433 2585 510 2623 dicit,
523 2592 569 2614 aut
583 2585 746 2626 orationum,
760 2593 805 2615 aut
821 2587 1039 2627 incorporearum
1051 2587 1193 2616 virtutum.
1209 2586 1237 2616 si
1252 2586 1323 2615 onim
1337 2585 1374 2615 sic
1390 2585 1546 2622 moriemur,
1561 2591 1624 2614 tunc
