1886 2846
462 171 494 194 IN
522 171 628 194 EPIST-

94 233 141 266 τὰς
158 231 267 272 καρδίας
291 232 376 270 ὑμῶν,
394 233 429 264 ὡς
449 234 472 261 οἱ
492 232 603 272 πατέρες
627 234 710 271 ὑμῶν.
732 233 860 269 Δηλονότι

94 279 164 308 ἔστιν
177 278 246 313 ἄλλη
261 278 441 311 κατάπαυσις·
453 278 514 318 περὶ
530 279 576 317 μὲν
592 279 642 318 γὰρ
653 282 700 314 τῆς
714 279 862 308 Παλαιστί-
880 288 896 310 Β

94 336 142 359 νης
154 326 202 354 οὔκ
213 324 250 353 ἔνι
261 326 343 353 εἰπεῖν
352 336 357 340 ·
368 327 438 364 εἰχον
450 324 500 364 γᾶρ
514 325 594 360 αὐτήν
603 337 609 343 ·
620 325 678 364 περὶ
689 325 716 354 δὲ
727 327 774 360 τῆς
789 325 862 354 {660¹-

96 383 148 408 μης
169 372 216 400 οὐκ
236 370 306 399 ἔστιν
327 372 423 399 εἰπεῖν·
445 372 474 399 οὐ
499 371 550 410 γὰρ
575 372 658 406 δήπου
681 372 741 410 περὶ
764 371 863 406 ταύτης

94 416 224 455 διελέγετο
238 419 285 452 τῆς
306 417 390 446 πάλαι
406 418 595 456 γεγενημένης.
611 417 675 457 Ἄρα
697 418 787 456 ἑτέραν
803 417 862 446 τινὰ

96 463 236 493 αἰνίττεται
250 463 297 499 τὴν
312 464 392 497 ὄντως
407 464 562 493 ἀνάπαυσιν.

132 598 236 633 Ὄντως
255 599 306 639 γὰρ
321 600 406 636 ἐκείνη
422 599 492 629 ἐστὶν
507 600 670 636 ἀνάπαυσις,
686 601 747 630 ἔνθα
761 601 863 640 ἀπέδρα

95 649 174 685 ὀδύνη
192 649 238 679 καὶ
257 651 328 686 λύπη
347 650 392 679 καὶ
405 650 559 690 στεναγμὸς,
574 650 635 680 ἔνθα
648 651 706 680 οὐδὲ
722 651 864 690 φροντίδες,

96 699 155 728 οὔτε
166 699 250 734 πόνοι,
261 699 320 728 οὔτε
330 699 440 738 ἀγωνία,
455 699 513 729 οὔτε
527 700 604 739 ςόὸος
614 702 808 736 καταπλήττων
821 702 865 730 καὶ

95 748 172 777 σείων
186 748 234 783 τὴν
248 748 345 787 ψυχὴν,
362 749 431 778 ἀλλὰ
446 749 522 787 μόνος
533 753 546 779 ὁ
562 753 607 779 τοῧ
623 752 692 780 Θεοῦ
708 751 787 790 φόὸος
803 752 866 786 ἦδο-

95 800 140 834 νῆς
155 798 258 838 πλήρης
275 798 321 827 ὤν.
335 800 395 828 Οὐκ
410 800 480 828 ἔστιν
500 801 555 829 ἐκεῖ
570 801 696 838 ἀκοῦσαι,
712 802 758 830 Ἐν
774 802 866 839 ἱδρῶτι

95 852 140 878 τοῦ
155 849 296 889 προσώπου
315 862 361 879 σου
380 853 450 890 φαγῇ
465 851 508 880 τὸν
521 852 598 890 ἄρτον
611 864 656 881 σου
666 865 672 871 ·
683 852 756 887 οὐδὲ,
769 852 866 881 Ἀκάν-

95 903 151 936 Θας,
165 901 241 935 οὐδὲ,
264 901 400 941 τριὲόλους
421 903 542 931 ἀνατελεῖ
562 915 611 932 σοι.
639 903 738 932 Οὐκέτι
754 903 865 932 ἄκανθαι

95 950 140 979 καὶ
150 950 266 990 τρίὸολοι
274 963 279 968 ·
292 951 339 980 οὐκ
350 951 430 987 ἔστιν,
442 951 488 981 Ἐν
499 952 594 986 λύπαις
604 953 684 986 τέξεις
695 953 783 988 τέκνα,
797 952 864 988 οὐδὲ,
892 959 899 980 ἶ

95 1000 167 1040 Πρὸς
180 1001 224 1030 τὸν
239 1001 321 1040 ἄνδρα
336 1013 382 1030 σου
397 1004 413 1036 ἡ
425 1003 580 1042 ἀποστροφή
594 1014 651 1039 σου,
665 1003 710 1031 καὶ
724 1002 801 1035 αὐτός
819 1014 864 1031 σου

95 1051 240 1090 κυριεύσει·
270 1051 358 1080 πάντα
382 1052 474 1090 εἰρήνη
500 1054 555 1081 ἐκεῖ
565 1075 573 1088 ,
597 1052 670 1091 χαρὰ
680 1075 687 1088 ,
709 1053 864 1092 εὐφροσύνη,

94 1100 191 1137 ἡδονὴ,
209 1102 381 1140 ἀγαθωσύνη,
394 1102 526 1142 πραότης,
542 1103 664 1139 εὐθύτης,
678 1103 780 1142 ἀγάπη.
807 1105 865 1132 Οὐκ

93 1151 163 1181 ἔστιν
178 1153 232 1181 ἐκεῖ
246 1153 391 1187 ζηλοτυπία
405 1153 462 1182 οὐδὲ
475 1153 619 1192 βασκανία,
636 1154 664 1182 οὗ
680 1153 765 1190 νόσος,
778 1155 807 1182 οὗ
819 1154 865 1182 θά-

93 1213 170 1235 νατος
189 1198 263 1235 οὗτος
276 1205 290 1232 ὁ
303 1206 348 1232 τοῦ
360 1203 496 1242 σώματος,
510 1205 557 1233 οὗκ
571 1207 669 1238 ἐκεῖνος
681 1207 695 1234 ὁ
707 1206 755 1239 τῆς
767 1206 864 1244 ψυχῆς,

94 1252 141 1280 οὒκ
151 1251 207 1281 ἔστι
223 1252 325 1289 σκότος,
335 1253 395 1282 οὔτε
404 1254 449 1288 νύξ
458 1266 464 1272 ·
475 1254 564 1284 πάντα
578 1254 666 1293 ἡμέρα
675 1278 682 1292 ,
701 1255 790 1284 πάντα
801 1257 864 1294 φῶς,

94 1304 182 1332 πάντα
197 1303 296 1336 ἄνεσις·
309 1305 355 1333 οὔκ
366 1305 423 1333 ἔστι
435 1309 541 1343 καμεῖν,
551 1307 598 1334 οὒκ
610 1306 666 1335 ἔστι
675 1306 752 1346 κόρον
763 1306 864 1341 λαὸεῑν,

95 1355 155 1383 ἀλλ’
166 1354 208 1383 ἀεὶ
219 1355 244 1383 ἐν
259 1355 386 1395 ἐπιθυμία
398 1357 450 1384 τῶν
466 1357 570 1394 ἀγαθῶν
583 1356 777 1395 διατελέσομεν.
798 1357 863 1386 Βού-

94 1405 170 1434 λεσθε
184 1405 221 1433 δῶ
232 1417 291 1434 τινα
307 1405 352 1434 καὶ
365 1405 452 1435 εἰκόνα
463 1408 524 1444 ὑμῖν
535 1409 583 1441 τ’ἧς
596 1408 649 1436 ἐκεῖ
660 1407 865 1443 καταστάσεως;

94 1456 152 1484 Οὐκ
166 1455 222 1485 ἔστι
237 1456 361 1485 δυνατόν·
375 1456 444 1492 πλὴν
457 1456 517 1485 ἀλλ’
527 1456 609 1494 ὅμως,
623 1458 658 1490 ὡς
673 1456 704 1485 ἂν
718 1453 735 1495 ᾗ
747 1457 864 1491 δυνατὸν,

94 1506 256 1546 πειράσομαι
277 1509 338 1545 ὑμῖν
363 1507 453 1536 δοῦναί
468 1519 528 1536 τινα
547 1507 643 1536 εἰκόνα.
663 1507 864 1547 Ἀναξλέψωμεν

94 1559 130 1591 εἷς
150 1558 194 1587 τὸν
210 1558 335 1598 οὐρανὸν,
353 1559 430 1595 ὅταν,
451 1559 563 1597 μηδενὸς
582 1561 747 1599 ἐνοχλοῦντος
764 1560 864 1599 νέφους,

94 1610 173 1649 φαίνῃ
191 1610 234 1639 τὸν
249 1613 341 1640 ἑαυτοῦ
357 1611 483 1651 στέφανον
494 1623 500 1629 ’
517 1607 573 1640 εἶτα
586 1611 651 1651 πρὸς
665 1612 695 1641 τὸ
710 1612 807 1645 κᾶλλος
817 1614 864 1648 τῆς

94 1663 177 1702 ὅψεως
191 1665 270 1703 αὗτοῐ
283 1663 364 1693 πολὺν
379 1664 564 1703 διατρίψαντες
577 1664 684 1705 χρόνον,
699 1665 864 1702 ἐννοήσωμεν

660 172 704 194 An
730 171 885 195 HEBRAEOS
911 172 952 194 CA
958 173 975 195 P
981 185 989 193 ·

1019 172 1068 195 IV·
1095 172 1213 196 Romu„
1245 173 1292 194 Vt.
1612 176 1655 208 97

913 233 1013 271 quiem,
1024 239 1050 261 et
1064 243 1117 262 non
1128 233 1239 272 ingressi
1253 240 1324 262 sunt.
1341 232 1444 262 Deinde
1454 240 1514 272 post
1526 233 1586 261 illos
1597 234 1656 263 lon·

914 288 948 318 go
969 285 1088 318 tempore
1109 279 1220 317 loquens
1243 289 1304 307 cum
1327 279 1449 316 Judaeis,
1466 278 1542 317 dicit,
1559 280 1658 308 ,oblite

915 325 1054 353 indurare
1079 326 1171 353 corda
1195 331 1315 361 vestra,
1338 327 1413 354 sicut
1433 331 1532 363 patres
1556 327 1657 353 vestri.

916 370 995 400 Unde
1009 371 1182 410 perspicuum
1203 378 1242 400 est
1257 370 1328 410 quod
1343 371 1377 400 sit
1391 371 1443 399 alia
1459 370 1572 408 requies.
1588 371 1658 399 Nam

915 417 948 446 de
969 417 1110 446 Palaestina
1132 428 1184 446 non
1205 428 1348 457 possumus
1367 417 1471 453 dicei-03
1485 427 1543 446 eam
1559 417 1660 456 quippe

916 463 1049 492 habebant
1062 475 1067 492 :
1083 463 1116 492 de
1130 464 1243 503 septimo
1259 463 1303 492 die
1320 469 1411 492 autem
1424 463 1480 491 diei
1492 473 1545 492 non
1561 469 1656 502 potest3

917 519 968 538 non
981 510 1052 538 enim
1065 509 1100 538 de
1113 520 1143 539 eo
1156 509 1334 548 loquebatur,
1347 509 1393 548 qui
1409 509 1473 538 olim
1492 509 1556 537 suit.
1571 508 1659 537 Aliam

917 566 979 594 crgo
990 556 1090 593 innuit,
1103 567 1162 594 quae
1176 566 1238 586 vere
1248 563 1287 584 est
1299 556 1415 594 requies.

958 602 988 630 4.
1014 603 1116 631 Revera
1132 603 1204 631 enim
1226 610 1265 631 est
1284 603 1332 631 illa
1346 602 1451 641 requies
1462 624 1470 638 ‚
1484 601 1531 630 ubi
1555 601 1660 639 aufugit

919 647 1013 685 dolor,
1038 648 1147 678 tristitia
1174 656 1199 677 et
1226 649 1360 688 gemitus,
1383 648 1430 677 ubi
1456 658 1542 686 neque
1567 658 1637 676 curte
1650 669 1658 683 ,

920 704 1004 732 neque
1018 693 1140 731 labores,
1164 705 1248 733 neque
1275 705 1375 734 angor,
1393 704 1479 732 neque
1504 700 1592 722 metus
1606 693 1662 721 ani-

920 750 991 768 mam
1016 740 1160 779 percellens
1173 747 1198 769 et
1211 740 1332 779 quatiens
1341 761 1349 775 ,
1363 740 1410 769 sed
1423 740 1497 769 solus
1509 740 1558 768 Dei
1573 746 1660 768 metus

920 785 1014 824 plenus
1029 786 1176 825 voluptate.
1192 787 1252 815 Non
1266 786 1323 814 illic
1339 785 1482 821 audietur,
1503 787 1540 814 In
1557 786 1663 814 sudore

920 830 1021 859 vultus
1031 833 1074 858 tui
1082 832 1289 869 vescerispane
1299 837 1359 867 tuo,
1371 840 1456 868 neque
1463 829 1564 869 spinas,
1576 838 1662 867 neque

921 876 1033 905 tribulos
1053 877 1215 917 germinabit
1238 877 1297 906 tibi.
1327 877 1386 905 Non
1407 883 1445 905 est
1471 875 1606 915 amplius,
1627 876 1662 903 In

919 924 1067 952 doloribus
1075 926 1172 962 paries
1176 925 1261 963 filios
1274 930 1354 961 tuos,
1366 930 1401 959 et,
1410 923 1464 951 Ad
1471 925 1569 951 virum
1581 929 1662 951 tuum

918 972 1068 999 conversio
1081 976 1132 998 tua
1141 993 1148 1004 ,
1159 977 1185 998 et
1195 973 1255 1009 ipse
1271 972 1323 998 tibi
1339 971 1539 999 dominabitur
1551 981 1560 997 :
1573 968 1663 999 omnia

918 1016 957 1044 ibi
973 1023 1036 1044 sunt
1057 1026 1111 1055 pax
1121 1038 1129 1052 ‚
1146 1016 1275 1054 gaudium
1285 1039 1293 1053 ,
1308 1017 1401 1045 laetitia
1412 1039 1420 1053 ‚
1442 1016 1566 1055 voluptas
1579 1038 1586 1053 ‚
1609 1016 1662 1044 bo-

918 1062 1006 1098 nitas,
1020 1061 1197 1089 mansuetudo
1208 1084 1216 1098 ,
1232 1061 1344 1099 {equitas
1355 1084 1363 1099 ,
1378 1062 1484 1090 caritas.
1502 1062 1562 1090 Non
1577 1067 1616 1090 cst
1628 1061 1661 1089 il-

918 1107 954 1136 lic
965 1107 1101 1136 aemulatio
1115 1114 1141 1135 et
1162 1106 1266 1135 invidia
1278 1130 1287 1141 ,
1309 1117 1362 1136 non
1387 1108 1513 1145 morbus,
1536 1118 1590 1136 non
1604 1107 1662 1136 haec

918 1164 990 1182 mors
1005 1152 1144 1192 corporis,
1161 1163 1214 1181 nou
1235 1152 1281 1181 illa
1296 1163 1368 1181 mors
1389 1154 1502 1191 animae,
1524 1164 1577 1182 non
1599 1160 1663 1182 sunt

919 1199 1033 1229 tenebrae
1047 1209 1134 1237 neque
1148 1209 1204 1227 nox
1217 1210 1222 1226 :
1239 1198 1328 1227 omnia
1341 1205 1403 1226 sunt
1416 1197 1473 1226 dies
1483 1221 1490 1235 ‚
1502 1200 1591 1227 omnia
1602 1199 1662 1235 lux,

918 1246 1008 1276 omnia
1023 1245 1111 1284 quies.
1123 1246 1183 1274 Non
1204 1251 1244 1273 est
1257 1244 1312 1273 illis
1323 1243 1478 1283 defatigatio
1491 1267 1500 1281 ,
1513 1255 1564 1272 nou
1580 1245 1663 1273 satie-

920 1300 978 1322 tas:
993 1302 1099 1331 semper
1113 1291 1213 1321 erimus
1227 1291 1254 1320 in
1269 1298 1398 1331 perpetuo
1412 1291 1545 1319 bonorum
1560 1290 1664 1319 deside-

919 1339 969 1368 rio.
989 1339 1116 1368 vultisne
1133 1338 1196 1366 dem
1215 1338 1297 1366 etiam
1315 1337 1436 1375 aliquam
1452 1337 1597 1376 imaginem
1607 1337 1664 1376 ejus

919 1386 966 1424 qui
987 1385 1045 1413 illic.
1057 1391 1097 1413 est
1119 1384 1226 1413 status?
1242 1383 1314 1412 Fieri
1335 1394 1388 1412 non
1403 1389 1490 1422 potest
1502 1394 1511 1421 ;
1527 1389 1663 1411 verumta-

919 1442 990 1468 men,
1001 1430 1090 1469 quoad
1104 1431 1162 1469 ejus
1176 1429 1235 1458 fieri
1249 1429 1357 1469 poterit,
1368 1429 1513 1468 imaginem
1521 1428 1598 1457 vobis
1609 1427 1662 1456 ali-

918 1490 1000 1518 quam
1025 1478 1134 1507 tentabo
1161 1477 1306 1506 ostendere.
1331 1476 1517 1516 Suspiciamus
1548 1476 1644 1505 caelum
1653 1498 1662 1512 ‚

918 1525 1024 1565 quando
1041 1525 1115 1554 nulla
1139 1525 1211 1554 nube
1232 1524 1428 1554 interturbante
1449 1534 1525 1552 suam
1547 1522 1663 1552 ostendit

918 1584 1043 1602 eoronam
1056 1584 1062 1600 :
1077 1572 1175 1601 deinde
1199 1582 1260 1600 eum
1276 1572 1356 1610 longo
1380 1578 1501 1611 tempore
1525 1571 1662 1599 immorati

917 1620 1048 1649 fuerimus
1062 1620 1089 1648 in
1105 1618 1311 1659 pulchritudine
1331 1619 1388 1657 ejus
1409 1624 1531 1657 aspectus
1548 1639 1556 1655 ,
1572 1617 1662 1645 consi-

917 1665 1041 1695 deremus
1067 1665 1141 1704 quod
1166 1665 1254 1694 solum
1276 1674 1384 1703 quoque
1404 1663 1585 1699 habebimus,
1608 1673 1660 1691 non

516 1778 693 1807 MUTIANO
715 1778 968 1808 SCHOLAS'I'ICO
991 1778 1243 1808 INTERPRETE.

93 1877 153 1911 post
165 1870 250 1899 multa
264 1877 383 1909 tempora
396 1870 507 1908 loquens
520 1869 621 1899 Judaeis
639 1869 711 1898 dixit
725 1882 731 1897 :
747 1871 797 1899 Ne
818 1871 965 1899 obduretis
979 1871 1069 1899 corda
1090 1877 1209 1906 vestra,
1224 1872 1297 1898 sicut
1310 1875 1408 1908 patres
1425 1870 1526 1897 vestri.
1549 1868 1659 1896 Certum

93 1928 156 1957 ergo
171 1923 210 1946 est
225 1917 350 1955 quoniam
363 1923 401 1945 est
411 1917 464 1945 alia
475 1916 590 1955 requies.
605 1916 708 1946 Deinde
725 1918 764 1955 [f.
777 1918 818 1946 Dc
832 1917 949 1954 ea]enim
962 1928 1021 1956 quae
1034 1917 1062 1945 in
1078 1916 1221 1945 Palaestina
1237 1916 1299 1950 suit,
1317 1926 1369 1944 non
1384 1922 1471 1954 posset
1483 1915 1557 1952 dici;
1575 1915 1659 1943 babe-

93 1963 159 1992 bant
176 1963 246 1992 enim
263 1962 336 1991 illam
352 1963 426 2002 :jam
441 1962 474 1991 de
488 1963 600 2002 septima
615 1962 659 1992 die
671 1974 723 1992 non
738 1970 826 2002 posset
841 1963 895 1992 dici
911 1975 918 1999 ;
935 1974 988 1992 non
1003 1963 1074 1991 enim
1090 1963 1124 1991 de
1137 1963 1193 2002 ipsa
1209 1962 1402 2002 disputabant,
1424 1961 1559 1999 siquidem
1573 1961 1659 1989 multo

93 2016 154 2039 ante
167 2011 224 2050 jam
239 2010 307 2038 sacta
319 2015 386 2038 erat.
405 2009 493 2048 Aliam
509 2009 591 2048 igitur
600 2010 747 2048 quamdam
761 2010 948 2049 significabat,
963 2021 1023 2048 quze
1038 2020 1102 2038 vera
1116 2016 1155 2038 est
1169 2009 1283 2047 requies.

132 2059 235 2087 Revera
245 2057 317 2086 enim
331 2056 378 2085 illa
392 2063 430 2085 est
444 2057 548 2095 requies
562 2080 568 2093 ,
586 2057 631 2086 ubi
647 2058 717 2097 fugit
740 2057 832 2093 dolor,
850 2058 959 2086 tristitia
970 2080 979 2096 ,
996 2056 1126 2097 gemitu5‚
1137 2063 1163 2085 et
1175 2056 1222 2085 ubi
1237 2066 1323 2094 neque
1344 2053 1557 2090 sollicitudines,
1575 2065 1660 2093 neque

91 2104 212 2142 labores,
227 2115 312 2143 neque
326 2115 424 2144 agones
436 2127 444 2140 ‚
462 2115 548 2142 neque
561 2104 643 2134 timor
656 2105 842 2145 obstupescere
858 2105 957 2134 faciens
971 2111 997 2134 et
1017 2114 1189 2133 commovens
1201 2103 1337 2140 animam,
1358 2101 1404 2131 scd
1419 2101 1491 2130 solus
1513 2101 1564 2129 Dei
1579 2101 1660 2130 timor

93 2151 232 2190 voluptate
243 2151 346 2190 plenus.
362 2151 421 2179 Non
433 2157 472 2179 est
486 2150 561 2186 illic,
577 2153 616 2180 In
629 2152 734 2181 sudore
749 2153 850 2181 vultus
866 2154 908 2180 tui
923 2153 1056 2181 comedes
1068 2162 1173 2190 panem
1191 2158 1290 2184 tumn,-
1304 2159 1388 2187 nequc
1402 2148 1499 2187 spinre,
1515 2158 1601 2186 neque
1612 2148 1659 2176 tri-

93 2197 153 2226 buli
166 2209 172 2224 :
187 2207 238 2226 non
252 2204 291 2226 est
301 2197 374 2234 illic,
389 2199 428 2226 In
442 2199 570 2227 tristitit‘s
584 2200 825 2240 generabisfilios
835 2222 842 2236 ,
855 2210 955 2238 neque,
972 2199 1025 2228 Ad
1038 2200 1138 2227 virum
1152 2205 1233 2226 tuum
1247 2197 1397 2226 conversio
1413 2202 1464 2223 tna
1477 2217 1485 2229 ‚
1499 2201 1526 2223 et
1545 2197 1606 2234 ipse
1617 2198 1660 2224 tui

94 2244 311 2278 dominabitur;
325 2243 372 2272 sed
385 2244 475 2273 omnia
496 2256 568 2284 pax,
582 2246 712 2284 gaudium
725 2268 732 2281 ‚
749 2246 907 2286 jucunditas
917 2269 926 2284 ,
951 2246 1096 2286 voluptas,
1123 2245 1230 2274 bonitas
1242 2267 1250 2281 ,
1265 2242 1456 2273 mansuetudo.
1473 2242 1533 2270 'Non
1549 2249 1587 2270 est
1603 2242 1659 2271 illie

94 2289 215 2326 invidia,
228 2299 314 2328 neque
324 2290 412 2328 zelus,
431 2301 516 2330 neque
525 2292 653 2327 morbus,
668 2303 752 2330 neque
764 2303 836 2321 mors
851 2292 987 2332 corporis,
1001 2302 1087 2331 neque
1099 2291 1145 2320 illa
1159 2303 1217 2330 quze
1231 2298 1269 2319 est
1280 2290 1376 2319 animae
1392 2301 1397 2317 ε
1412 2299 1465 2318 non
1481 2287 1519 2317 ibi
1531 2288 1658 2325 tenebrae,

94 2347 179 2376 neque
186 2347 257 2373 nox,
274 2347 379 2377 semper
389 2337 448 2367 dies
459 2361 468 2376 ,
482 2349 586 2379 semper
602 2339 651 2368 lux
661 2363 668 2376 ,
680 2350 784 2380 semper
797 2340 851 2369 diei
875 2340 991 2369 claritas.
1006 2341 1065 2369 Non
1086 2346 1124 2369 est
1140 2339 1177 2368 ibi
1192 2338 1321 2378 fatigari,
1335 2348 1386 2366 non
1404 2344 1442 2366 est
1459 2336 1497 2365 ibi
1521 2335 1660 2364 fastidium

92 2383 231 2424 accipere,
247 2394 352 2423 semper
361 2384 389 2413 in
404 2384 538 2414 desiderio
554 2386 686 2416 bonorum
704 2388 943 2426 perseverabimus.
956 2387 1049 2417 Vultis
1069 2394 1098 2416 ut
1112 2387 1174 2416 dem
1188 2386 1265 2415 tobis
1280 2383 1490 2414 similitudinem
1512 2380 1660 2420 quamdam

94 2429 168 2459 illius
182 2430 286 2459 status?
302 2431 360 2459 Non
372 2438 411 2460 est
422 2430 532 2470 quidem
543 2433 688 2472 possibile,
705 2441 888 2463 verumtamen
908 2434 935 2463 in
951 2441 1082 2474 quantum
1097 2444 1205 2474 possum
1221 2432 1337 2461 conabor
1349 2431 1414 2460 darc
1429 2429 1505 2459 vobis
1522 2427 1658 2467 quandam

94 2477 247 2517 imaginem.
260 2478 447 2518 suspiciamus
463 2479 490 2508 in
501 2479 612 2518 caelum,
627 2481 734 2519 quando
746 2483 821 2511 nulla
844 2493 872 2512 se
892 2482 1039 2522 interponit
1059 2482 1161 2518 nubes,
1186 2488 1209 2509 ct
1230 2480 1300 2509 clara
1319 2486 1357 2508 cst
1370 2478 1456 2508 omnis
1470 2477 1528 2516 ejus
1542 2486 1638 2505 corona
1651 2487 1656 2502 :

92 2525 190 2554 deinde
203 2525 237 2554 ad
250 2525 481 2565 pulchritudinem
494 2535 617 2567 aspectus
640 2529 697 2568 ejus
711 2529 909 2569 aliquantulum
926 2530 1053 2570 temporis
1070 2530 1247 2569 perduremus
1262 2551 1268 2563 ,
1284 2535 1307 2556 et
1326 2526 1508 2565 intelligamus
1528 2523 1657 2562 quoniam

95 2579 118 2601 et
131 2573 218 2602 solum
236 2573 383 2612 habemus,
401 2585 452 2603 non
469 2575 578 2613 quidem
595 2577 646 2605 tale
658 2600 664 2606 .
684 2578 762 2615 quale
783 2590 852 2608 nunc
867 2586 902 2608 cst
915 2603 921 2608 .
942 2579 986 2608 sed
1003 2586 1075 2607 tanto
1102 2578 1196 2607 melius
1211 2577 1349 2613 effectum,
1362 2581 1460 2613 quanto
1483 2572 1561 2601 luteis
1584 2571 1656 2600 testis

1675 882 1732 903 Gen.
1743 881 1764 903 3Δ
1779 889 1813 912 ¹9·

1676 912 1711 935 18.
1726 915 1760 935 16.

1673 1075 1743 1102 Regni
1760 1083 1799 1095 cse-

1672 1107 1745 1127 lorum
1764 1107 1813 1127 suli·

1673 1139 1733 1159 titas.
