1906 2846
125 1090 188 1111 ltwn.
213 1092 246 1107 12.

126 1267 211 1289 Mami.

127 1493 213 1514 nauh.
228 1499 255 1513 zo

147 1524 163 1544 ⁴.
184 1529 204 1543 rt
227 1523 265 1544 23.

280 185 322 218 32>
316 184 348 218 3
600 192 626 211 s.
657 189 793 212 Joxxxis
822 188 1000 210 cnunsosr.

278 257 402 284 domiuus
420 267 424 280 :
442 251 717 291 tlt->pinu‹lixui;1s.vt
733 249 784 277 eris
795 249 888 281 dives3
904 248 1013 286 despice

279 302 404 337 g·lo1i.un.
422 306 444 327 et
461 298 510 325 vri>
526 296 672 333 gloriosius;
689 294 762 332 desp}
767 304 795 321 ιο
811 293 940 321 ultionem
957 292 1014 320 ini-

280 347 418 374 utitor-,uui
427 351 449 371 ct
463 350 524 370 tunc
539 352 614 369 cam.
608 340 769 377 assiqueiis;
781 338 886 377 despice
897 338 1014 376 quietem

1036 186 1184 209 mentite.

1215 185 1319 207 CONS‘l'
1330 186 1482 208 xthNor.

1069 247 1112 275 χαί
1130 247 1175 282 ἔσῃ
1198 246 1335 278 πλούσιος·
1352 246 1546 284 καταφρόνησον
1562 247 1648 282 δόξης,
1670 248 1713 276 καὶ
1728 248 1774 286 ἔσῃ
1793 248 1831 276 ἔν-

1069 293 1153 326 δοξος
1165 292 1361 330 καταφρόνησον
1383 293 1429 325 τ’ἦς
1442 292 1569 330 τιμωρίας
1591 295 1643 321 τῶν
1661 295 1770 332 ἐχθρῶν,
1786 294 1830 321 καὶ

1068 338 1126 366 τότε
1153 338 1232 372 αὐτῆς
1258 337 1396 375 ἐπιτεύξῃ·
1420 337 1617 376 καταφρόνησον
1640 338 1766 373 ἀνέσεως,
1787 339 1832 367 καὶ

278 399 301 418 et
328 398 520 420 lentissimum
544 393 567 414 ct
594 392 656 413 tunc
675 395 733 412 eam
758 384 891 422 accipies.
910 390 937 412 ut
953 394 1013 411 cum
1024 384 1127 424 23020'15
1140 384 1220 418 αὕτη]
1231 384 1320 422 λήιῃ·
1334 383 1376 411 ἰία
1389 384 1488 419 ὶαὸὼν,
1505 383 1570 420 μὴ
1558 396 1593 416 ως
1607 383 1710 420 Σέσμιος
1729 385 1829 422 λάὲῃς,

276 446 305 463 a«
309 435 421 473 reperis,
440 443 490 461 nou
509 440 644 469 tamquam
667 430 772 458 xiuctus
796 440 854 457 eam
876 429 990 468 accipias
1005 451 1012 465 ‚
1034 435 1052 456 Α

277 490 359 518 neque
376 486 512 516 tamquam
527 487 632 511 servus,
647 474 693 503 scd
706 482 842 512 tamquam
853 474 928 503 liber.
939 475 1015 502 Sicut

276 528 345 554 enim
360 526 386 554 in
402 525 493 564 parvis
506 523 612 563 pueris,
629 520 736 559 quando
748 531 813 559 puer
821 520 930 558 quidem
945 520 1014 548 desi<

276 571 351 600 derat
365 570 467 598 ludicra
482 568 594 608 puerilia
608 590 614 600 ,
628 576 740 605 propere
762 565 909 594 admodum
923 576 951 594 ca
967 576 1012 594 oc-

277 617 426 651 cultamus,
449 622 477 643 ut
499 613 608 652 globum
629 618 654 639 et
678 617 771 639 caetcra
787 610 942 649 hujusmodi
957 633 964 646 ,
984 621 1015 639 ne

278 661 438 700 impediatur
453 671 466 687 ιι
481 657 632 687 necessariis
647 668 653 683 τ
669 655 775 695 quando
786 662 875 684 antem
886 666 915 684 ea
925 655 1014 695 despi-

277 708 327 741 cit,
343 713 368 735 et
389 716 439 734 non
459 703 575 743 amplius
589 713 618 730 ea
631 701 782 738 desiderat,
805 701 856 740 ipsi
873 711 901 729 ea
924 711 1015 729 secure

278 753 460 792 impertimur,
477 757 504 778 ut
517 749 562 787 qui
573 749 688 777 sciamus
701 747 763 776 inde
774 747 876 776 nullam
891 746 1016 786 deinceps

275 800 298 827 ci
314 809 369 827 esse
383 808 481 826 noxam
491 819 497 829 ,
510 806 570 824 cum
581 793 650 823 illud
659 793 822 822 desiderium
834 804 886 821 non
898 793 1016 833 amplius

276 845 358 884 possit
370 855 429 872 cum
443 843 574 871 abducere
585 852 599 869 a
618 840 772 869 necessariis
787 852 793 867 :
807 840 843 868 ita
857 841 931 868 Deus
948 851 1014 878 quo-

275 900 341 928 que,
357 899 417 917 cum
435 887 534 917 viderit
558 897 606 915 nos
627 896 679 914 non
696 885 813 924 amplius
838 896 936 924 cupere
956 897 1014 924 quae

275 937 318 965 hic
331 943 391 965 sunt
402 958 410 972 ,
425 942 488 963 tunc
499 933 564 962 sinit
575 943 623 962 nos
637 933 674 961 eis
687 933 726 960 uti
743 944 749 959 :
764 943 794 960 ea
805 932 876 960 enim
887 932 1016 961 babemus
1034 940 1051 963 Β

275 988 411 1018 tamquam
425 977 502 1006 liberi
513 984 538 1005 ct
550 977 602 1006 viri
614 999 621 1013 ,
636 986 688 1005 nou
703 983 838 1014 tamquam
850 976 936 1014 pueri.
948 977 1017 1004 Nam

275 1025 345 1064 quod
354 1047 361 1061 ,
374 1025 396 1053 si
409 1023 578 1052 contemseris
589 1021 717 1050 ultionem
725 1031 830 1050 sumere
843 1021 878 1049 de
892 1021 1017 1055 inimicis,

276 1079 338 1100 tunc
345 1070 500 1108 assequeris,
509 1068 574 1097 audi
585 1067 651 1106 quid
660 1067 744 1095 dicat:
753 1067 782 1095 Si
793 1069 880 1095 esurit
888 1074 952 1095 tuus
961 1069 1016 1095 ini«-

276 1119 376 1151 micus,
385 1117 449 1144 ciba
459 1115 558 1142 illum.-
568 1115 593 1142 si
599 1114 668 1147 sitit,
678 1113 717 1140 da
723 1114 868 1150 eipotum5
876 1119 900 1140 et
909 1112 1018 1151 subjun-

276 1163 314 1191 xit
323 1185 330 1197 ‚
341 1163 404 1190 Hoc
415 1162 492 1189 enim
500 1159 626 1197 faciens,
635 1167 770 1196 congeres
780 1159 920 1186 carbones
933 1168 1018 1196 super

275 1208 438 1246 caputejus.
447 1205 482 1234 Et
490 1214 583 1232 rursus
592 1202 664 1241 quod
673 1225 681 1239 ,
697 1202 719 1230 si
729 1202 882 1241 despexeris
892 1202 1001 1231 divitias
1010 1227 1016 1239 ‚

259 1281 262 1285 .
276 1262 339 1283 tunc
365 1263 408 1282 eas
424 1250 586 1289 assequeris,
614 1249 678 1278 audi
703 1249 841 1277 Christum
866 1249 998 1278 dicentem
1011 1262 1016 1277 :

279 1302 380 1329 Omnis
391 1300 442 1337 qui
455 1298 604 1335 reliquerit
615 1302 739 1334 patrem,
756 1302 807 1323 aut
823 1302 954 1331 matrem,
966 1302 1017 1324 aut

276 1347 405 1381 domum,
417 1344 595 1383 autsratres,
608 1342 775 1378 centuplum
785 1344 916 1380 accipiet,
931 1349 959 1370 et
973 1345 1016 1370 vi-

277 1398 336 1420 tam
349 1398 486 1420 oeternam
497 1389 662 1425 possidebit.
678 1388 713 1416 Et
725 1387 797 1425 quod
807 1409 814 1423 ,
829 1387 851 1415 si
866 1387 1018 1426 despexeris

277 1437 389 1475 gloriam
399 1459 406 1472 ,
422 1442 484 1463 tunc
500 1445 557 1463 eam
571 1433 736 1471 assequeris,
747 1432 809 1460 audi
824 1433 913 1471 ipsum
924 1444 1017 1461 rursus
1034 1439 1052 1462 <3

260 1507 264 1511 .
277 1482 415 1511 Christum
429 1480 559 1509 dicentem
572 1501 579 1516 ‚
593 1480 648 1517 Qui
658 1479 723 1507 vult
738 1480 814 1506 inter
826 1487 879 1505 vos
889 1488 948 1506 esse
958 1480 1016 1516 pri-

277 1538 351 1563 mus,
364 1529 401 1555 sit
414 1533 512 1554 vester
522 1527 654 1553 minister
667 1536 676 1556 ;
688 1530 713 1551 et
730 1533 839 1559 rursus,
856 1523 912 1560 Qui
922 1533 952 1551 se
966 1524 1016 1551 hu-

277 1574 451 1605 mitiaverit,
465 1571 653 1599 exaltabitur.
668 1568 741 1603 Quid
761 1568 851 1596 dicis?
869 1568 892 1596 si
908 1567 943 1596 do
963 1579 1015 1606 po-

276 1627 333 1647 tum
347 1618 468 1651 inimico,
483 1623 545 1645 tunc
558 1626 617 1644 eum
629 1615 711 1654 punio
723 1615 736 1642 ἶ)
746 1614 767 1642 si
782 1614 921 1642 facultates
932 1613 1015 1642 dimi-

276 1675 345 1699 εει-ο,
361 1671 422 1693 tunc
434 1674 478 1691 ero
493 1662 635 1691 excelsus?
651 1661 672 1689 si
689 1671 730 1688 me
745 1659 935 1698 humiliavero,
952 1666 1016 1689 tunc

1070 429 1136 467 μηοὲ
1147 431 1182 462 ὡς
1192 431 1296 463 Somne,
1311 430 1368 457 ἀλλ’
1381 431 1416 462 ὣς
1430 430 1568 468 ἐλευθερος.
1585 430 1710 470 Καθάπερ
1727 431 1801 469 γὰρ
1790 431 1833 459 επὶ

1068 487 1120 504 των
1133 475 1244 504 παιδίων
1259 487 1310 504 των
1325 477 1435 514 μικρῶν,
1454 475 1516 504 ὅταν
1529 475 1576 512 μὲν
1597 476 1712 513 ἐπιθυμῇ
1724 475 1754 504 τὸ
1770 487 1835 504 παι-

1068 521 1121 549 δίον
1146 521 1276 549 παιδικῶν
1305 520 1471 558 ἀθυρμάτων,
1500 520 1566 558 μετὰ
1593 521 1692 555 ποὶλῆς
1719 521 1833 555 σπουδῆς

1068 568 1154 595 εκεῖνα
1166 566 1324 606 κρύπτομεν,
1338 570 1389 595 οἷον
1404 571 1517 606 σφαῖραν
1535 579 1578 595 και
1592 567 1641 595 ὅσα
1650 569 1777 603 τοιαῦτα,
1791 567 1833 595 ἵνα

1069 612 1106 649 μὴ
1121 612 1294 649 εμποοίζηται
1317 614 1368 640 τῶν
1384 612 1548 650 ἀναγκαίων·
1564 612 1624 640 ὅταν
1646 612 1672 640 δὲ
1688 614 1772 641 αὐτῶν
1786 624 1833 641 κα-

1068 657 1220 697 ταφρονήσῃ
1235 658 1279 686 καὶ
1296 657 1391 695 μηκέτι
1406 659 1536 695 ἐπιθυμῇ,
1552 658 1632 690 ἀδεῶς
1647 659 1730 686 αὐτῶν
1750 670 1833 696 μετοκ

1069 703 1201 740 διδόαμεν,
1211 703 1304 735 εἰδότες
1319 705 1354 735 ὡς
1369 702 1478 740 οὐδεμία
1495 703 1581 741 βλάὸη
1603 703 1692 732 λοιπὸν
1705 705 1775 742 αὐτῷ
1788 704 1832 731 ἔν-

1069 751 1156 777 τεῧθεν
1170 749 1288 787 γίνεται,
1303 752 1349 784 ’.ἧς
1361 748 1500 786 ἐπιθυμίας
1512 749 1613 783 ἐκείνης
1626 748 1714 778 οὐκέτι
1729 749 1833 788 {clymi-

1070 806 1117 829 σης
1135 796 1280 832 ἀπαγαγεῖν
1304 794 1381 822 αὐτὸν
1405 796 1456 822 τῶν
1480 794 1643 832 ἀναγκαίων·
1668 794 1736 823 οὕτω
1752 794 1797 823 καὶ
1821 797 1834 823 ὁ

1069 840 1152 875 Θεὸς,
1166 839 1227 868 ὅταν
1246 840 1289 878 ἴδῃ
1313 839 1408 877 μηκέτι
1426 841 1615 877 ἐπιθυμοῦντας
1638 842 1690 868 τῶν
1710 841 1834 876 ἐνταῦθα,

1069 885 1159 913 λοιπὸν
1173 885 1280 924 ἀφίησιν
1297 886 1383 918 αὐτοῖς
1402 887 1547 924 κεχρῆσθαι
1558 897 1564 902 ·
1586 888 1621 918 ὡς
1635 885 1686 925 γὰρ
1706 885 1834 925 ἐλεύθεροι

1069 931 1114 959 καὶ
1136 930 1225 969 ἄνδρες
1239 930 1305 960 αὗτὰ
1321 930 1426 970 ἔχομεν,
1447 931 1496 969 οὔχ
1518 932 1553 962 ὡς
1569 931 1669 963 παῖδες.
1683 931 1749 960 εὈτι
1770 931 1834 970 γὰρ,

1069 977 1114 1005 ἐὰν
1134 977 1336 1016 καταφρονήσῃς
1357 979 1404 1011 τῆς
1422 976 1551 1015 τιμωρίας
1571 979 1622 1005 τῶν
1644 978 1755 1016 ἐχθρῶν,
1775 978 1834 1007 τότε

1070 1023 1190 1061 ἐπιτεύξῃ
1201 1045 1208 1057 ,
1223 1023 1301 1052 ἄκουε
1311 1034 1336 1052 τι
1354 1035 1450 1061 φησιν·
1462 1022 1527 1052 Εὰν
1540 1027 1618 1062 πεινᾷ
1635 1025 1649 1052 ὁ
1666 1023 1757 1062 εχθρός
1771 1035 1816 1053 σου
1826 1045 1834 1058 ,

1470 1068 1559 1101 πότιζε
1580 1068 1676 1098 αὐτόν·
1698 1068 1744 1097 καὶ
1765 1069 1833 1103 ἐπή-

1070 1068 1173 1106 ψώμιζε
1189 1069 1266 1097 αὐτόν
1277 1080 1283 1086 ·
1300 1070 1345 1096 ἐὰν
1371 1069 1449 1107 debu,

1070 1125 1150 1152 γαγε,
1166 1115 1252 1143 Τοῦτο
1266 1114 1316 1151 γὰρ
1337 1125 1431 1148 ποιων,
1447 1114 1577 1152 ἄνΟρακας
1600 1125 1681 1152 πυρος
1697 1126 1835 1154 σωρευσεις

1071 1160 1114 1188 ἐπὶ
1130 1159 1177 1193 τὴν
1194 1159 1310 1199 κεφαλὴν
1326 1161 1413 1188 αὐτοῦ.
1427 1159 1479 1188 Καὶ
1490 1159 1579 1195 πάλιν,
1591 1160 1630 1188 ὅτι
1644 1158 1688 1188 ἐὰν
1699 1171 1832 1198 καταφρο-

1072 1205 1153 1244 νήσῃς
1167 1207 1212 1234 τοῦ
1231 1204 1355 1239 πλούτου,
1370 1204 1428 1233 τότε
1452 1205 1530 1233 αὐτοῦ
1544 1205 1682 1243 ἐπιτεύξῃ,
1697 1205 1774 1233 ἄκουε
1789 1207 1834 1234 τοῦ

1071 1253 1186 1290 Χριστοῦ
1200 1250 1335 1288 λέγοντος·
1351 1251 1410 1279 Οὐκ
1424 1249 1494 1278 ἔστιν
1520 1250 1546 1282 ὂς
1569 1251 1655 1288 ἀφῆκε
1679 1249 1797 1288 πατέρα,
1817 1250 1834 1285 ἢ

1072 1297 1173 1335 μητέρα
1182 1319 1189 1331 ,
1204 1297 1220 1330 ἢ
1236 1295 1330 1330 οἰκίαν,
1343 1295 1359 1329 ’ἢ
1375 1294 1501 1334 ἀδελφοὺς
1512 1316 1519 1330 ,
1530 1295 1557 1327 ὃς
1568 1295 1626 1333 οὐχὶ
1641 1296 1835 1325 ἑκατονταπλα-

1072 1343 1145 1371 σίονα
1156 1342 1283 1380 λήψεται,
1299 1340 1344 1368 καὶ
1359 1340 1427 1374 ζωὴν
1441 1339 1544 1369 αἰώνιον
1564 1340 1767 1379 κληρινομήσει.
1783 1342 1834 1371 Καὶ

1071 1388 1110 1416 ὅτι
1124 1387 1168 1415 ἐὰν
1189 1385 1392 1424 καταφρονήσῃς
1406 1384 1498 1420 δόξης,
1515 1385 1574 1413 τότε
1594 1387 1675 1421 αὐτ-’ῆς
1695 1386 1832 1427 ἐπιτεύξῃ,

1071 1434 1148 1462 ἄκουε
1164 1433 1240 1461 αὐτοῦ
1260 1432 1341 1460 πάλιν
1361 1433 1405 1459 τοῦ
1419 1431 1532 1469 Χριστοῦ
1551 1430 1684 1469 λέγοντος·
1698 1431 1732 1461 Ὁ
1753 1432 1835 1461 θέλων

1071 1481 1096 1508 ἐν
1118 1481 1178 1516 ὑμῖν
1190 1480 1292 1517 πρῶτος
1307 1473 1387 1512 εἶναι,
1402 1477 1470 1505 ἔστω
1485 1478 1558 1514 ὑμῶν
1576 1477 1707 1509 διάκονος·
1722 1477 1767 1506 καὶ
1781 1478 1834 1507 ποί-

1070 1526 1122 1558 λιν,
1138 1523 1189 1556 “Ος
1203 1523 1253 1562 γὰρ
1268 1523 1298 1551 ἂν
1313 1522 1465 1561 ταπεινώσῃ
1482 1523 1583 1558 ἑαυτὸν,
1603 1518 1677 1555 οὗτος
1698 1524 1836 1562 ὑψωθήσε-

1069 1582 1122 1598 ται.
1135 1568 1171 1598 Τί
1194 1569 1296 1606 λέγεις;
1310 1568 1354 1596 ἐὰν
1375 1568 1476 1597 ποτίσω
1495 1568 1538 1597 τὸν
1560 1568 1662 1607 ἐχθρὸν,
1677 1569 1736 1597 τότε
1757 1569 1834 1598 αὐτὸν

1070 1615 1192 1649 κολάζω,
1206 1614 1251 1643 ἐὰν
1272 1616 1330 1653 ἀφῶ
1351 1614 1384 1642 τὰ
1408 1615 1579 1653 ὑπάρχοντα,
1593 1613 1653 1643 τότε
1678 1614 1753 1644 αὐτὰ.
1765 1615 1835 1654 ἔχω;

1070 1660 1114 1690 ἐὰν
1132 1660 1286 1689 ταπεινώσω
1305 1660 1430 1698 ἐμαυτὸν,
1454 1659 1512 1688 τότε
1527 1659 1625 1698 ὑψηλὸς
1640 1659 1734 1698 ἔσομαι
1745 1673 1752 1696 3
1764 1662 1833 1697 Nat,

693 1766 866 1795 MUTIANO
888 1766 1142 1796 SCHOLASTICO
1164 1764 1416 1795 INTERPRETE.

277 1868 414 1891 contemne
422 1860 532 1888 divitias
541 1881 548 1894 ,
561 1865 585 1886 et
595 1858 647 1886 eris
660 1857 796 1896 locuples;
809 1864 947 1886 contemne
961 1858 1084 1896 gloriam,
1099 1864 1123 1886 et
1137 1858 1190 1885 eris
1202 1857 1334 1896 gloriosus
1344 1868 1352 1893 ;
1361 1863 1498 1884 contemne
1508 1855 1640 1895 supplicia
1653 1856 1833 1894 inimicorum,

275 1916 299 1937 et
316 1916 377 1937 ωηο
391 1919 434 1936 eos
449 1916 574 1946 superas;
592 1912 730 1934 contemne
741 1905 923 1934 remissionem
937 1912 961 1933 et
973 1906 1100 1943 quietem,
1119 1911 1215 1933 ettunc
1230 1914 1286 1932 eam
1301 1903 1425 1943 accipies,
1441 1910 1471 1931 ut
1483 1913 1543 1932 cum
1551 1913 1608 1931 eam
1623 1904 1766 1942 acceperis,
1781 1915 1832 1933 non

277 1957 375 1994 ligatus
389 1955 503 1994 accipias
513 1976 520 1989 ,
533 1963 618 1992 neque
629 1952 698 1981 sicut
710 1962 818 1986 servus,
832 1952 877 1980 sed
891 1952 960 1981 sicut
973 1953 1043 1981 liber
1060 1964 1065 1980 :
1079 1952 1149 1981 sicut
1163 1951 1243 1980 etiam
1258 1951 1396 1980 infantulis
1411 1950 1533 1990 parvulis
1547 1949 1606 1978 fieri
1623 1950 1766 1979 cernimus.
1784 1951 1832 1979 In-

277 2002 397 2031 santulus
413 2002 514 2041 quippe
524 2011 586 2029 cum
598 1999 702 2038 aliquid
716 2000 819 2038 puerile
829 1999 981 2036 desiderat,
999 2011 1060 2029 cum
1071 2000 1143 2029 omni
1159 2000 1325 2028 festinatione
1339 1998 1528 2027 abscondimus
1541 2021 1549 2034 ,
1563 2005 1657 2037 utputa
1677 1998 1808 2038 sphaeram
1822 2022 1831 2036 ,

275 2057 299 2078 ct
313 2047 568 2088 quaecumquetalia,
584 2057 615 2075 ne
627 2046 792 2085 impediatur
805 2057 820 2074 a
833 2047 987 2076 necessariis
1005 2060 1010 2075 :
1028 2058 1089 2076 cum
1104 2053 1192 2075 autem
1207 2057 1235 2075 ea
1251 2046 1435 2081 contemserit,
1450 2052 1476 2073 et
1489 2055 1541 2073 non
1550 2046 1607 2084 jam
1621 2055 1713 2074 eorum
1728 2045 1832 2075 deside-

275 2097 316 2125 rio
329 2096 464 2125 detinetur
473 2117 482 2132 ,
495 2094 551 2122 sine
566 2092 747 2122 sollicitudine
757 2093 780 2121 ei
791 2092 887 2122 damus
896 2115 904 2129 ,
919 2095 1029 2122 seientes
1043 2094 1170 2132 quoniam
1183 2093 1256 2121 nulla
1268 2093 1341 2121 laesio
1355 2092 1388 2121 de
1400 2099 1494 2120 caetero
1509 2092 1533 2120 ei
1550 2092 1683 2130 continget
1696 2115 1704 2129 ,
1718 2092 1765 2121 illa
1782 2103 1833 2121 cu-

276 2143 388 2183 piditate
399 2147 529 2176 cessante,
543 2150 602 2178 quae
614 2150 675 2168 eum
689 2150 703 2167 a
715 2140 868 2168 necessariis
880 2146 982 2178 poterat
996 2151 1115 2169 avocare.
1135 2140 1181 2168 Sic
1196 2139 1275 2168 etiam
1297 2140 1370 2168 Deus
1381 2161 1390 2176 ,
1407 2149 1468 2167 cum
1485 2138 1584 2167 viderit
1599 2149 1651 2167 non
1671 2149 1719 2167 nos
1733 2149 1762 2167 ea
1783 2149 1833 2167 cu-

274 2189 375 2228 pientes
389 2198 447 2226 quae
461 2194 563 2215 terrena
575 2192 648 2222 sunt,
665 2192 729 2213 tunc
747 2186 803 2224 jam
827 2185 884 2224 ipsa
895 2185 972 2214 nobis
986 2186 1019 2214 ad
1032 2185 1160 2214 utendum
1174 2185 1288 2224 largitur
1303 2197 1308 2212 :
1325 2191 1350 2213 et
1365 2185 1433 2214 sicut
1445 2184 1522 2213 liberi
1535 2191 1560 2213 et
1574 2184 1625 2213 viri
1641 2195 1671 2213 ea
1684 2185 1833 2224 possidebi-

276 2246 351 2271 mus,
364 2245 416 2263 non
429 2234 498 2262 sicut
509 2233 594 2272 pueri.
614 2232 686 2267 Quia
700 2232 788 2269 enim,
803 2232 825 2260 si
839 2233 1010 2261 contemseris
1028 2233 1160 2272 supplicia
1179 2232 1351 2261 inimicorum
1368 2254 1376 2268 ,
1393 2238 1457 2260 tunc
1480 2241 1524 2260 eos
1544 2241 1670 2271 superas,
1684 2232 1747 2261 audi
1765 2233 1833 2271 quid

275 2282 346 2310 dixit
361 2294 366 2310 z
380 2282 410 2310 Si
420 2282 554 2310 esurierit
568 2281 704 2308 inimicus
720 2286 804 2314 tuus,
820 2281 886 2308 ciba
897 2280 1002 2314 illum;
1016 2282 1042 2309 si
1053 2282 1168 2315 sitierit,
1184 2286 1284 2319 potum
1299 2280 1339 2308 da
1355 2279 1422 2312 ini,-
1437 2285 1462 2307 et
1482 2278 1591 2312 intulit,
1611 2280 1676 2307 Hoc
1692 2281 1831 2319 enimfa-

276 2331 365 2365 ciens,
389 2329 529 2356 carbones
544 2328 619 2365 ignis
636 2327 823 2365 congregabis
844 2328 923 2355 circa
935 2333 1022 2365 caput
1037 2328 1108 2366 ejus.
1124 2326 1159 2355 Et
1179 2327 1276 2354 iterum
1289 2325 1352 2364 quia
1367 2325 1389 2354 si
1401 2324 1571 2353 contemseris
1583 2324 1705 2363 divitias,
1716 2331 1780 2354 tunc
1789 2336 1833 2355 eas

276 2375 445 2414 adipisceris,
465 2373 530 2402 audi
555 2373 693 2402 Christum
706 2372 837 2401 dicentem
852 2385 858 2401 t
874 2374 942 2401 Non
956 2380 998 2402 ese
1017 2375 1068 2412 qui
1082 2375 1214 2402 dimittat
1232 2379 1347 2410 patrem
1360 2378 1386 2401 et
1402 2378 1543 2409 matrem,
1561 2378 1614 2400 aut
1635 2372 1768 2409 domum,
1779 2379 1833 2402 aut

269 2423 383 2460 fratres
397 2443 405 2457 ,
420 2427 446 2449 et
463 2431 521 2449 non
535 2421 703 2458 centuplum
725 2420 857 2458 accipiet,
880 2427 907 2449 et
926 2422 1021 2449 vitam
1036 2427 1175 2449 (eternam
1193 2421 1376 2449 hereditabit.
1392 2418 1427 2447 Et
1441 2418 1504 2457 quia
1516 2441 1526 2456 ,
1543 2419 1565 2447 si
1579 2419 1749 2447 contemseris
1772 2419 1832 2458 glo-

278 2469 362 2501 riam,
379 2475 441 2495 ωηο
452 2477 510 2494 eam
522 2465 694 2505 adipisceris,
711 2465 775 2494 audi
787 2465 909 2494 cumdem
923 2466 1012 2505 ipsum
1027 2466 1165 2495 Christum
1179 2466 1310 2495 dicentem
1329 2477 1335 2492 :
1355 2466 1410 2503 Qui
1424 2465 1490 2494 vult
1503 2468 1535 2493 in
1545 2466 1630 2493 vobis
1639 2468 1749 2503 prImus
1758 2476 1829 2502 esse,

279 2517 332 2542 erit
353 2520 447 2541 vester
471 2515 668 2546 novissimus;
682 2519 705 2541 ct
724 2513 831 2548 iterum,
849 2514 905 2551 Qui
923 2515 1001 2542 enim
1018 2524 1048 2542 se
1063 2515 1272 2551 humiliaverit,
1285 2513 1473 2541 exaltabitur.
1492 2511 1565 2546 Quid
1583 2511 1711 2540 dicis?si
1734 2512 1832 2542 dedero

281 2567 370 2600 potum
385 2559 492 2588 inimico
507 2570 564 2587 meo
574 2582 582 2593 ,
601 2567 663 2587 tunc
676 2570 736 2588 eum
750 2560 834 2597 magis
849 2560 955 2599 punio?
970 2561 991 2590 si
1007 2560 1133 2589 dimisero
1149 2571 1206 2599 quae
1221 2561 1318 2595 habeo,
1335 2567 1397 2589 tunc
1411 2570 1439 2588 ea
1454 2559 1557 2588 habebo
1573 2559 1585 2586 Ρ
1600 2558 1620 2587 si
1643 2569 1684 2587 nic
1699 2559 1830 2589 humilia-
