1886 2846
81 950 132 971 Ace.
147 950 169 973 3.
184 950 222 972 25.

240 148 302 190 184
565 161 594 183 S.
623 161 762 185 JOANNIS
790 162 969 184 CHRYSOST.
1001 160 1455 186 ARCfflEP.CONsTANT1NOP.

234 228 363 261 tempore,
378 222 450 260 quod
464 222 565 251 scilicet
578 231 636 262 post
650 226 781 253 Aaronem
796 225 830 253 sit
845 224 866 252 is
877 246 884 260 ,
901 231 967 251 tam·
1025 223 1154 261 κέχρηται
1180 226 1246 263 αὐτῇ
1270 225 1314 253 καὶ
1337 226 1487 264 ἐγρήσατο·
1501 227 1548 255 οὔκ
1569 227 1638 255 ἔστιν
1655 227 1735 256 εἰπεῖν
1750 226 1789 256 ὅτι

231 278 311 305 quam
324 267 424 296 scilicet
438 269 613 307 praestantior.
627 270 661 299 Et
675 269 742 308 quid
757 270 807 298 sibi
824 269 881 297 vult
896 267 968 306 quod
1023 267 1110 296 τελεία
1135 268 1167 306 μὲ
1169 281 1182 297 ν
1207 273 1249 304 ἦν,
1272 271 1300 298 οὗ
1323 270 1491 308 προειστήκει
1514 272 1540 300 δὲ
1555 275 1600 301 τοῦ
1624 273 1696 301 λαοῦ.
1709 271 1734 287 ¹³
1737 273 1789 301 Ex'

232 312 356 351 deinceps
375 313 511 350 sequitur,
528 315 658 353 Populus
677 317 755 343 enim
774 316 827 342 suh
847 315 906 350 ipso
926 313 1004 340 le-c.
1024 315 1090 352 αὔτη
1111 315 1314 353 νενοαοθέτητο·
1336 316 1481 373 τουτέστινῖ
1498 319 1564 355 αὖτῇ
1585 318 1727 357 ἐχρήσατο.
1740 318 1789 350 Ἰίς

231 368 295 396 gem
319 360 456 396 accepit?
470 358 536 397 quid
555 366 593 388 cst
605 382 612 394 ,
625 360 682 388 Sub
703 362 786 397 ipso?
800 359 828 385 In
848 357 906 395 ipso
927 357 968 384 in·
1023 362 1066 387 οὖν
1089 360 1178 399 ἑτέρας
1202 364 1233 396 ἠν
1259 361 1401 400 ἱερωσύνης
1420 362 1512 401 χρεία,
1527 364 1549 391 εἰ
1563 374 1594 391 το
1606 364 1704 392 τέλειον
1719 367 1791 402 εἶχες

233 402 362 440 greditur,
378 413 424 442 per
436 403 524 442 ipsum
539 405 607 443 gerit
621 404 708 432 onmia
727 415 732 430 :
747 412 798 430 non
816 408 901 440 potest
912 401 967 430 dici
1024 405 1238 443 Μετατιθεμένης
1252 407 1303 444 γὰρ
1326 409 1373 441 τῆς
1386 408 1527 464 ἱερωσύνης
1539 430 1546 442 ,
1563 409 1588 442 ἐξ
1605 409 1721 447 ἀνάγκης
1745 408 1790 437 καὶ

233 448 305 486 quod
325 448 384 477 aliis
409 448 443 477 sit
460 449 563 478 datum.
582 449 712 487 Populus
728 449 780 476 sub
800 449 861 485 ipso
878 447 968 486 legem
1024 450 1103 487 νόμου
1119 452 1257 488 μετάθεσις
1269 451 1386 489 γίνεται·
1401 453 1423 480 εἰ
1438 452 1464 480 δὲ
1479 452 1566 491 ἕτερον
1582 454 1619 481 δεῖ
1633 453 1703 492 ἱερέα
1713 449 1790 488 εἶναι,

233 496 344 532 accepi!
362 506 370 520 .-
386 493 437 523 hoc
459 501 512 528 est,
527 506 557 523 ca
579 504 642 521 usus
663 500 709 521 cst.
735 493 794 520 'Non
815 499 900 531 potest
915 492 969 521 dici
1025 497 1152 532 pamas,
1137 496 1164 525 οὲ
1175 497 1264 536 ἑτέραν
1278 496 1431 535 ἱερωσύνην,
1443 498 1544 536 ἀνάγκη
1557 498 1601 526 καὶ
1612 498 1692 536 νόμον
1703 498 1790 537 ἕτερον

233 539 304 578 quod
326 540 438 579 perfecta
460 540 567 578 quidem
586 545 652 566 esset
661 538 785 577 ,populo
808 545 896 567 autem
917 549 969 567 non
1024 544 1099 569 εἶναι.
1113 542 1200 570 Τοῦτο
1213 542 1278 595 πρὸς
1289 542 1346 575 τοὺς
1361 542 1500 580 λέγοντας,
1515 542 1541 570 τί
1559 542 1610 570 ἔδει
1624 545 1716 578 καινῆς
1730 544 1791 572 δια-

233 586 372 625 praeposita
389 586 475 614 sumit.
497 586 552 613 Sub
573 587 634 623 ipso
657 584 747 623 legem
764 587 903 623 accepit:
919 584 970 613 hoc
1023 586 1121 621 Οηκης
1115 609 1122 622 ,
1139 588 1169 615 Ι·ζ’
1152 599 1220 626 “LE
1217 587 1247 615 ιιὲ
1250 600 1262 615 ν
1276 586 1328 625 γὰρ
1340 598 1384 616 και
1397 587 1544 626 μαρτυρίαν
1564 589 1645 616 εἰπεῖν
1661 588 1713 616 ἀπὸ
1726 599 1792 628 προ-

234 638 282 665 cst,
300 631 357 670 ipso
374 641 437 658 usus
455 637 501 657 cst.
517 629 592 663 Quid
612 640 675 668 crgo
695 640 762 669 opus
782 636 838 658 crat
854 629 908 658 alio
925 640 969 658 sa·
1023 631 1150 670 φητείας·
1167 632 1234 668 αὕτη
1255 632 1387 668 διαθήκη,
1400 633 1432 667 ἦν
1447 632 1569 670 διεθέμην
1591 637 1643 666 τοῖς
1661 633 1792 672 πατράσιν

235 675 362 708 cci-detio,
378 675 398 702 si
412 674 477 702 illud
491 675 636 713 persectum
649 675 727 703 erat?
742 674 884 703 Translate
900 675 972 703 enim
1024 679 1097 715 ὑμῶν
1109 690 1115 696 ·
1130 679 1195 712 τέως
1208 679 1236 708 δὲ
1252 679 1304 708 ἀπὸ
1318 681 1364 714 τῆς
1377 679 1518 718 ἱερωσύνης
1533 678 1657 718 μάχεται.
1678 679 1732 708 Καὶ
1743 679 1792 718 ὅρα

234 721 389 755 saccidmio,
407 730 511 749 necesse
524 727 563 748 est
582 727 612 749 ut
627 720 694 759 legis
708 731 813 759 quoque
833 720 972 749 translatio
1025 725 1080 756 πῶς
1095 724 1192 753 ἄνωθεν
1207 727 1290 753 ταῦτα
1315 725 1396 753 εἰπεῖν
1420 724 1518 753 ὤδινεν.
1535 720 1617 760 Eine,
1643 725 1720 754 Κατὰ
1743 724 1792 759 τὴν

234 766 280 794 siat
294 779 300 794 :
315 766 335 794 si
356 772 443 793 autem
464 776 568 795 necesse
588 773 627 795 est
646 773 676 795 ut
697 767 733 795 sit
752 767 822 795 alius
837 767 970 804 sacerdos,
989 771 1009 794 D
1025 769 1096 802 τάξιν
1122 770 1299 809 Μελχισεδέκ.
1320 771 1405 799 Τοῦτο
1426 769 1474 804 τὴν
1490 769 1588 809 Ἀαρὼν
1611 769 1749 804 ἐξέὸαλεν·
1763 772 1792 799 οὗ

234 811 275 839 vel
291 810 380 849 potius
401 809 476 838 aliud
498 810 687 848 sacerdotium,
703 811 785 840 aliam
805 823 910 850 quoque
930 812 971 840 le-
1025 814 1075 852 γὰρ
1090 815 1130 851 ἂν,
1142 815 1220 844 Κατὰ
1233 815 1280 851 τὴν
1297 816 1368 849 τάξιν
1392 817 1570 855 Μελχισεδὲχ,
1585 811 1668 852 εἶπεν,
1683 818 1705 845 εἷ
1725 816 1792 851 αὕτη

233 866 293 894 gem
307 866 361 884 esse
371 866 476 885 necesse
489 864 537 886 est.
553 857 610 886 Hoc
622 857 657 886 ad
670 868 714 887 eos
725 858 772 897 qui
783 859 886 895 dicunt,
895 858 973 894 Quid
1026 860 1140 898 ἀμείνων
1154 857 1196 895 ἦν.
1218 862 1251 889 Εἰ
1273 861 1357 889 τοίνυν
1372 861 1498 900 ἱερωσύνη
1518 863 1638 896 εἰσῆκται
1653 861 1721 897 ἄλλη
1731 884 1739 898 ,
1755 863 1793 891 δεῖ

234 912 301 940 opus
314 909 369 930 erat
383 912 452 930 novo
465 902 656 932 Testamento?
666 905 735 932 Nam
744 911 848 943 poterat
862 904 973 943 quidem
1026 906 1152 942 διαθήκην
1166 902 1233 935 εἶναι
1251 907 1342 945 ἑτέραν
1354 918 1360 924 ·
1385 907 1443 935 οὔτε
1457 906 1508 946 γὰρ
1532 906 1603 945 ἱερέα
1626 906 1683 936 ἔστι
1702 907 1794 942 διαθή-

234 946 314 975 etiam
330 957 364 975 ex
383 947 520 986 prophetis
537 947 626 977 dicere
647 949 826 978 testimonium
841 962 848 977 z
864 951 920 979 Hoc
934 957 973 978 est
1025 964 1073 988 κης
1087 953 1169 992 χωρὶς
1187 957 1254 982 εἰναι
1274 953 1319 981 καὶ
1335 953 1421 991 νόμων
1435 952 1480 981 καὶ
1498 953 1720 992 προσταγμάτων,
1735 953 1794 982 οὔτε

235 1000 421 1021 testamentum
435 993 508 1031 quod
526 993 647 1033 disposui
662 995 783 1034 patribus
803 996 897 1024 vestris
912 1008 918 1024 :
933 996 973 1024 in—
1026 998 1117 1038 ἑτέραν
1139 998 1285 1027 λαὸόνταιε
1278 998 1420 1036 ιερωσύνην
1436 997 1521 1036 ἓκεινῃ
1537 999 1692 1036 κεχρῆσθαι.
1707 994 1775 1027 Εἶτα
1785 1021 1793 1034 ,

234 1039 312 1067 terim
326 1046 414 1068 aulem
428 1047 530 1079 pugnat
545 1051 581 1068 ex
593 1041 751 1070 sacerdotio.
768 1042 804 1070 Et
819 1041 880 1070 vide
891 1053 973 1080 quam
1026 1043 1090 1084 ὅπερ
1110 1044 1264 1076 ἀντιθέσεως
1278 1047 1320 1078 ἠν,
1340 1046 1396 1076 πῶς
1415 1043 1497 1082 ἷερευς
1512 1043 1541 1072 ἂν
1558 1043 1597 1079 εἴη
1613 1043 1682 1081 μὴ’
1665 1055 1702 1072 ων
1716 1043 1795 1072 Λευί-

235 1085 263 1113 id
276 1085 332 1113 ab
325 1085 402 1114 mitio
416 1086 504 1114 dicere
518 1085 630 1116 studuit.
644 1087 732 1123 Dixit,
746 1087 908 1116 Secundum
924 1098 973 1116 or-
1025 1101 1087 1126 της,
1102 1101 1179 1118 τουτο
1194 1089 1237 1118 δια
1255 1092 1306 1118 τῶν
1321 1089 1376 1118 ἄνω
1395 1088 1633 1145 προκαταῧαλὼν,
1640 1088 1699 1117 οὗδὲ
1713 1090 1792 1118 λ’ὗσαι

234 1132 331 1160 dinem
354 1132 580 1160 Melchisedech.
605 1132 664 1160 Hoc
687 1132 764 1171 ejecit
792 1132 971 1161 sacerdotium
980 1136 1056 1178 1305}
1060 1141 1106 1169 ιοῖ,
1120 1137 1202 1164 ἀλλΗ
1191 1148 1216 1164 εν
1231 1136 1390 1174 παραδρομῇ
1405 1135 1503 1173 εἰσάγει
1517 1134 1592 1163 αὐτό·
1608 1137 1690 1170 εἶπον,
1704 1135 1794 1174 φησὶν,

235 1177 362 1205 Aaronis:
375 1187 427 1205 non
441 1177 512 1205 enim
523 1177 650 1215 dixisset,
667 1178 831 1207 Secundum
841 1179 972 1207 ordinem
991 1187 1009 1209 x
1026 1181 1066 1210 ὅτι
1081 1193 1171 1219 μεπτε
1166 1181 1204 1216 ’οη
1221 1183 1261 1215 ῆὶ
1254 1192 1397 1219 ιερωσυνη·
1413 1182 1502 1208 οὐκοῦν
1518 1180 1588 1214 καὶὴ
1604 1180 1725 1215 διαθήκη.
1738 1182 1794 1209 Με-

234 1223 457 1257 Melchisedech,
474 1222 496 1251 si
511 1223 581 1251 illud
597 1230 664 1252 esset
679 1223 783 1252 melius.
795 1224 824 1252 Si
843 1234 906 1262 ergo
929 1225 970 1253 in·
1026 1239 1052 1255 τ
1043 1227 1116 1261 τέθτ,
1139 1226 1165 1255 δὲ
1185 1228 1213 1254 οὖ
1226 1227 1263 1264 τῷ
1278 1225 1368 1264 τρόπῳ
1379 1225 1467 1262 μόνον,
1479 1224 1536 1253 οὐδὲ
1548 1228 1602 1257 τοῖς
1615 1224 1794 1264 προστάγμα-

233 1267 389 1296 troductum
406 1268 456 1296 suit
475 1268 550 1296 aliud
572 1268 760 1304 sacerdotium,
774 1269 886 1297 alterum
908 1280 972 1307 quo·
1026 1285 1077 1307 σιν,
1090 1271 1157 1300 ἀλλὰ
1170 1271 1215 1300 καὶ
1227 1274 1260 1309 τῇ
1274 1272 1342 1309 φυλῇ
1355 1282 1361 1288 ·
1379 1270 1431 1298 ἔδει
1442 1271 1493 1308 γὰρ
1507 1270 1552 1299 καὶ
1566 1272 1599 1308 τῇ
1612 1272 1690 1309 φυλῇ.
1714 1271 1794 1307 Πῶς;

234 1324 286 1352 que
299 1314 418 1352 oportuit
434 1325 489 1342 esse
503 1321 689 1343 testamentum
706 1326 712 1342 z
729 1325 815 1352 neque
830 1315 900 1343 enim
915 1315 974 1343 fieri
1026 1316 1241 1353 Μετατιθεμένης
1261 1317 1311 1354 γὰρ
1325 1318 1372 1350 τῆς
1385 1315 1545 1355 ἱερωσύνης,
1560 1316 1634 1355 φησί,
1648 1315 1794 1352 Τουτέο-τι,

234 1367 320 1398 potest
339 1367 368 1388 ut
382 1360 415 1388 sit
429 1360 551 1389 sacerdos
570 1361 670 1398 absque
693 1367 850 1389 testamento
867 1368 892 1389 et
909 1361 975 1399 legi-
1027 1361 1070 1390 διὰ
1092 1364 1167 1390 τοῦτο
1195 1360 1320 1397 μετετέθη
1337 1361 1389 1389 ἀπὸ
1408 1362 1491 1400 φυλῆς
1511 1363 1547 1394 εἷς
1564 1360 1660 1400 φυλὴν,
1682 1361 1735 1390 ἀπὸ
1747 1364 1796 1397 τῆς

234 1405 284 1434 bus
303 1413 329 1433 et
350 1406 488 1445 praeccptis
502 1418 508 1442 ;
525 1417 609 1444 neque
629 1413 669 1441 ut,
685 1406 738 1435 alio
758 1414 866 1446 accepto
884 1418 973 1436 sacer·
1026 1408 1159 1446 ἱερατικῆς
1173 1407 1216 1435 ἐπὶ
1229 1406 1276 1441 τὴν
1295 1406 1444 1444 βασιλικὴν,
1459 1405 1501 1434 ἵνα
1515 1402 1560 1445 ᾗὴ
1574 1406 1639 1441 αὐτλΙ
1657 1407 1702 1435 καὶ
1715 1409 1795 1445 βασι-

234 1451 321 1487 dolio,
338 1452 384 1480 illo
409 1458 510 1480 utatur.
524 1452 645 1489 Deinde,
659 1452 731 1490 quod
750 1453 832 1492 objici
855 1461 974 1493 poterat,
1026 1452 1087 1487 λικὴ
1106 1452 1151 1481 καὶ
1166 1452 1294 1491 ἷερατικῆ.
1312 1452 1365 1480 Καὶ
1389 1451 1434 1481 Οεά
1459 1452 1489 1480 τὸ
1514 1452 1674 1491 μυστήριον·
1687 1454 1792 1492 πρῶτον

234 1497 367 1534 quomodo
391 1497 471 1525 suerit
492 1497 629 1534 sacerdos,
644 1498 689 1536 qui
710 1509 763 1527 non
786 1506 842 1527 erat
858 1499 951 1528 Levita
967 1512 974 1527 :
1029 1498 1075 1536 μὲν
1090 1494 1121 1533 ἧν
1139 1497 1272 1536 βασιλικὴ,
1286 1497 1351 1525 καὶ*
1367 1500 1410 1525 νῦν
1425 1496 1529 1535 γέγονεν
1538 1497 1657 1537 ἱερατική
1670 1509 1676 1514 ·
1692 1499 1796 1537 ὥσπερ·

234 1542 296 1579 hoc,
313 1553 374 1571 cum
395 1554 440 1582 per
461 1543 596 1583 superiora
617 1544 700 1572 veluti
721 1544 857 1583 quoddam
873 1545 973 1574 funda·
1027 1548 1070 1573 οὖν
1091 1544 1136 1573 καὶ
1159 1543 1202 1573 ἐπὶ
1222 1547 1267 1572 τοῦ
1283 1544 1398 1582 Χριστοῦ
1409 1555 1415 1560 ·
1439 1542 1560 1581 βασιλεὺς
1573 1542 1621 1580 μὲν
1633 1542 1684 1581 γὰρ
1695 1539 1728 1578 ἦν
1739 1543 1796 1579 ἀεὶ,

235 1595 354 1616 mentum
376 1588 450 1627 prius
468 1589 585 1627 jecisset,
599 1599 632 1617 ne
648 1589 707 1618 vult
729 1590 837 1627 quidem
860 1590 971 1625 solvere,
1027 1590 1126 1629 “ἷερεὺς
1142 1589 1168 1618 δὲ
1183 1589 1297 1628 γέγονεν,
1312 1589 1354 1617 ὅτε
1369 1588 1417 1624 τὴν
1433 1589 1519 1628 σάρκα
1533 1589 1670 1627 ἀνέλαὸεν,
1686 1588 1729 1618 ὅτε
1748 1589 1796 1625 τὴν

236 1633 281 1661 sed
298 1640 434 1672 tamquarm
449 1634 674 1673 p1·aetercuri·end0
689 1635 739 1664 hoc
755 1635 858 1664 inducit
875 1648 880 1663 :
898 1636 974 1672 Dixi,
1029 1636 1118 1665 θυσίαν
1134 1635 1309 1674 προσήγαγεν.
1324 1634 1406 1674 Ὁρᾷς
1418 1634 1466 1669 τὴν
1482 1634 1649 1672 μεταὸολήνς
1662 1635 1714 1664 Καὶ
1729 1635 1796 1674 ἅπερ

270 1725 283 1743 1,
301 1725 433 1756 [Repetita
446 1724 497 1750 haec
516 1724 591 1750 verba
604 1729 638 1753 ἐπ’
655 1730 752 1760 αὐτῇ...
771 1731 884 1762 ἐχρήσατο
897 1727 991 1753 inclusa
1074 1727 1086 1739 ⁸
1105 1726 1169 1757 [Sar
1178 1726 1203 1750 il.
1217 1732 1269 1753 τετε
1281 1730 1328 1757 72²7·
1340 1726 1444 1752 Mutian.
1455 1725 1569 1759 postem]

237 1763 314 1788 habet
327 1763 417 1796 Seu-IL]
1074 1774 1084 1785 a
1102 1765 1174 1790 Colb.
1189 1766 1228 1798 [A.
1243 1767 1270 1789 B.
1285 1764 1408 1792 Commel.
1422 1770 1447 1789 et.
1459 1773 1539 1798 marg.
1552 1765 1641 1797 Savil]
1653 1767 1777 1800 ἀρχιερεὺς.

655 1838 829 1866 ML‘TIANO
850 1838 1100 1866 SCHOLASTICO
1123 1839 1373 1867 INTERPRETE.

237 1936 295 1965 vult
309 1935 381 1974 quod
395 1937 526 1975 sequitur,
537 1938 684 1977 Populus,
703 1937 806 1976 inquit,
822 1940 853 1966 in
865 1938 918 1966 illo
939 1937 1031 1977 Iegem
1045 1940 1155 1976 accepit
1165 1937 1177 1966 Ξ)
1187 1937 1255 1976 qnid
1269 1944 1316 1973 est,
1331 1939 1369 1965 In
1381 1937 1434 1965 illo
1445 1940 1456 1965 ἓ·
1469 1937 1523 1976 [psi
1538 1936 1653 1974 obediet,
1666 1946 1713 1976 per
1724 1936 1795 1965 illud

237 1984 325 2012 omnia
340 1984 407 2023 gerit
421 1996 427 2012 :
440 1995 491 2014 non
513 1985 585 2014 enIm
598 1985 652 2014 dici
668 1992 768 2025 potest,
783 1986 844 2024 quia
860 1986 1007 2025 perfectum
1025 1985 1135 2023 quidem
1156 1992 1226 2021 erat,
1246 1995 1299 2014 non
1313 1992 1401 2013 autem
1416 1984 1586 2024 praepositum
1599 1991 1655 2013 erat
1674 1984 1774 2024 populo
1787 1997 1792 2013 :

237 2030 265 2059 in
282 2031 328 2059 illo
342 2031 412 2059 enim
430 2031 514 2070 legem
529 2032 641 2071 acecpit,
656 2032 707 2060 hoc
721 2038 774 2069 est,
787 2042 817 2060 eo
833 2041 906 2060 usus.
919 2031 992 2067 Quid
1006 2042 1069 2070 ergo
1083 2031 1136 2059 alio
1150 2030 1297 2059 sacerdotio
1311 2041 1379 2070 opus
1389 2030 1467 2058 erat?
1481 2030 1622 2058 Translate
1635 2031 1735 2069 quippe
1750 2040 1794 2059 sa-

238 2077 365 2109 cerdotio,
381 2078 526 2106 necessario
540 2085 565 2107 et
579 2078 646 2116 legis
660 2078 796 2107 translatio
813 2078 858 2107 fiet
870 2090 876 2105 z
888 2078 910 2106 si
923 2088 988 2107 vero
1001 2078 1085 2106 alium
1098 2084 1201 2117 oportet
1213 2076 1378 2106 sacerdotem
1392 2086 1457 2114 esse,
1467 2076 1552 2114 magis
1566 2084 1655 2105 autem
1666 2075 1741 2104 aliud
1755 2087 1795 2105 sa-

238 2124 398 2158 cerdotium,
413 2124 558 2153 necessario
568 2131 593 2153 et
603 2125 689 2163 legem
701 2124 820 2153 alteram.
835 2124 892 2153 Hoc
905 2124 941 2153 ad
954 2135 998 2153 eos
1011 2123 1058 2162 qui
1072 2123 1175 2158 dicunt,
1189 2122 1264 2159 Quid
1281 2133 1348 2162 opus
1363 2129 1419 2150 erat
1434 2132 1504 2151 novo
1518 2123 1696 2151 testamento?
1709 2123 1797 2152 Habet

238 2171 346 2209 quidem
360 2172 509 2210 suffragans
523 2178 549 2200 et
563 2172 743 2200 testimonium
759 2183 793 2200 ex
810 2172 960 2211 prophetia,
975 2172 1033 2200 Hoc
1046 2177 1085 2200 est
1099 2177 1296 2206 testamentum,
1310 2169 1383 2208 quod
1397 2169 1528 2208 disposuit
1545 2170 1667 2209 patribus
1681 2170 1796 2199 nostris:

240 2218 347 2247 interim
361 2229 431 2247 nunc
444 2229 479 2247 ex
496 2219 642 2248 sacerdotio
654 2219 773 2247 dimicat.
786 2220 822 2248 Et
838 2220 940 2248 intuere
953 2218 1086 2258 quomodo
1098 2229 1132 2247 ex
1144 2217 1328 2257 superioribus
1340 2227 1462 2253 narrans,
1474 2216 1545 2245 dixit
1554 2239 1562 2253 ‚
1571 2217 1735 2246 Secundum
1747 2228 1795 2246 or-

240 2266 336 2294 dinem
346 2266 550 2295 Melchisedec.
562 2267 619 2295 Hoc
633 2266 706 2295 dicto
720 2266 833 2295 exclusit
847 2266 1024 2296 sacerdotium
1035 2269 1138 2295 Aaron:
1154 2275 1324 2303 nequaquam
1338 2264 1408 2292 enim
1430 2263 1577 2292 secundum
1591 2264 1713 2293 ordinem
1729 2265 1799 2294 Mel-

241 2312 362 2340 chisedec
375 2312 484 2348 diceret,
502 2313 523 2341 si
538 2312 606 2341 illud
619 2312 797 2342 sacerdotium
811 2309 906 2342 melius
922 2320 997 2342 esset.
1009 2313 1039 2342 Si
1052 2313 1134 2351 igitur
1149 2310 1327 2340 sacerdotium
1346 2310 1529 2339 introductum
1543 2317 1597 2347 est,
1609 2311 1684 2339 aliud
1696 2318 1799 2350 oportet

242 2366 267 2386 et
279 2366 464 2388 testamentum
478 2370 533 2388 esse
545 2371 550 2386 :
563 2369 648 2397 neque
662 2359 732 2387 enim
747 2366 832 2398 potest
843 2359 966 2388 sacerdos
978 2360 1034 2388 sine
1046 2364 1200 2388 testamento
1211 2368 1266 2386 esse
1282 2364 1307 2386 et
1322 2357 1378 2386 sine
1392 2357 1450 2395 lege
1466 2363 1491 2385 et
1510 2356 1567 2385 sine
1583 2357 1720 2396 praeceptis
1728 2368 1738 2394 ;
1751 2367 1799 2386 ne-

243 2415 294 2442 que
307 2405 382 2434 aliud
393 2406 551 2445 accipientes
564 2405 752 2442 sacerdotium,
764 2405 810 2434 sed
824 2406 872 2433 illo
883 2412 970 2434 vetere
981 2406 1021 2434 uti
1036 2404 1163 2445 oportuit.
1177 2403 1281 2433 Deinde
1297 2403 1369 2442 quod
1390 2403 1489 2442 opponi
1509 2410 1597 2442 posset
1614 2409 1718 2439 tractat,
1729 2414 1794 2441 quo-

244 2451 322 2480 modo
336 2453 456 2482 sacerdos
467 2464 522 2482 csse
535 2453 630 2493 possit,
643 2453 689 2491 qui
703 2464 755 2482 non
772 2460 810 2482 est
824 2454 927 2482 Levita.
941 2453 997 2482 Hoc
1016 2454 1044 2482 in
1058 2452 1240 2492 superioribus
1255 2457 1426 2491 praestruens,
1437 2461 1521 2489 neque
1535 2450 1663 2480 solvendo
1681 2450 1796 2489 dignum

245 2498 359 2536 putavit,
373 2500 417 2527 sed
433 2500 459 2528 in
474 2507 626 2529 transcursu
640 2500 691 2529 hoc
704 2499 859 2536 introducit,
873 2499 974 2536 dicens,
986 2500 1083 2538 inquit,
1099 2499 1161 2538 quia
1177 2498 1333 2527 translatum
1345 2504 1383 2526 est
1395 2496 1589 2526 sacerdotium:
1603 2507 1665 2536 ergo
1679 2504 1704 2526 et
1714 2503 1796 2526 testa-

246 2552 372 2573 mentum.
388 2546 558 2576 Translatum
577 2555 613 2577 cst
632 2555 720 2576 autem
739 2558 790 2576 non
810 2547 902 2577 ordine
924 2546 1125 2584 tantummodo,
1138 2556 1222 2584 neque
1236 2545 1386 2584 praeceptis,
1403 2543 1449 2573 scd
1466 2544 1545 2573 etiam
1559 2544 1796 2584 tribu:oportebat

1869 2789 1882 2846 ..-
