1886 2846
415 193 447 216 ΙΝ
476 192 582 216 EPIST.

50 259 102 287 τῶν
114 256 157 286 διὰ
171 255 283 288 πίστεως
311 256 354 284 καὶ
382 254 562 295 μακροθυμίας
587 253 817 293 κληρονομούντων

52 303 97 337 τὰς
113 302 278 343 ἐπαγγελίας.

100 814 309 852 Ἐπιθυμοῧμεν,
321 812 398 852 φησίν
408 824 413 829 ’
426 813 472 840 οὐκ
482 811 532 850 ἄρα
542 810 622 850 μέχρι
637 810 760 849 ῥημάτων
774 811 829 838 τοῦ·
848 814 865 836 Β

59 872 89 889 το
100 860 245 899 βουλόμεθα
259 859 345 898 μόνον.
355 858 433 887 Ἀλλὰ
446 858 471 886 τί
480 860 628 895 ἐπιθυμεῖς,
639 857 705 886 εἶπέ.
717 856 831 886 Ἐπιθυ-

62 910 160 944 μοῧμεν
175 918 222 940 της
235 907 280 945 ἀρε
270 905 333 940 τῆς
346 907 413 942 ὑμᾶς
430 904 552 943 ἔχεσθαι·
567 904 615 942 οὐχ
629 906 664 936 ὥς
675 915 726 931 των
740 902 833 941 προτέ-

62 965 89 992 ριι
85 965 112 980 ι)ν
123 951 373 990 καταγινώσκοντες,
380 951 467 990 φησὶν,
477 950 556 979 ἀλλ”
547 949 595 979 υπὲ
585 962 613 989 ρ
623 961 674 978 των
686 949 833 987 μελλόντων

62 999 190 1027 δεοοικότε
181 1011 214 1031 ς.
230 998 282 1027 Καὶ
294 999 340 1027 οὐκ
354 993 487 1032 εἰπεν,ὅτι
506 998 555 1035 οὐχ
575 998 611 1027 ὡς
632 1007 683 1023 των
698 1006 778 1033 προτε
773 995 833 1033 ’ρων

63 1044 304 1084 καταγινώσκοντες
315 1066 322 1080 ,
347 1042 414 1072 ἀλλὰ
441 1045 492 1071 τῶν
519 1042 674 1081 παρόντων·
697 1040 783 1074 ἓξελυθ
786 1052 833 1074 rste

613 191 657 214 AD
688 188 841 215 tttzssRAEOS
849 206 856 214 .

886 190 963 214 car.
995 190 1040 213 vi.
1071 189 1188 213 nonu„
1215 191 1248 213 x.
1553 179 1608 214 151

874 264 926 288 ina,
940 259 965 281 et
978 252 1050 290 quod
1061 252 1111 280 erit
1123 253 1149 280 in
1165 252 1376 281 combustionem
1389 264 1394 280 :
1407 261 1438 280 ne
1453 252 1575 282 videatur
1586 254 1620 282 ‹Ic

874 299 907 328 iis
920 298 1012 327 isthaec
1025 298 1101 327 effari
1112 321 1120 336 ,
1135 298 1278 337 subjunxit
1293 298 1384 326 statim
1398 310 1404 325 :
1418 299 1482 327 Non
1493 301 1568 326 enim
1580 301 1622 326 in-

871 347 968 385 justus
982 351 1025 374 est
1041 345 1121 374 Deus
1131 367 1139 382 ‚
1162 351 1192 372 ut
1208 345 1398 373 obliviscatur
1413 347 1506 383 operis
1530 348 1622 374 ‘vestri

878 398 905 421 et
921 391 1100 425 dilectionis;
1114 390 1265 427 ostendens,
1277 389 1351 428 quod
1363 391 1412 419 etsi
1427 391 1462 419 ita
1475 391 1622 429 loquimur,

880 448 932 467 non
945 438 1052 467 omnino
1066 437 1124 466 liaec
1137 436 1171 466 de
1183 437 1259 466 vobis
1272 436 1398 465 dicimus.
1410 437 1446 466 Et
1461 437 1482 466 si
1495 437 1529 466 de
1546 437 1623 465 nobis
1636 432 1638 434 ’

881 494 933 512 non
952 483 1035 521 dicis,
1051 483 1119 522 quid
1144 483 1253 512 demum
1274 489 1410 521 tamquam
1433 483 1537 512 desides
1561 493 1623 522 per-

881 529 999 568 stringis,
1013 536 1039 558 et
1050 536 1130 558 terres
1145 529 1282 568 spinarum
1301 528 1428 557 refricans
1448 529 1625 557 memoriam?

882 578 893 604 1
904 578 914 604 1
925 600 929 604 .
942 577 1079 615 Cupitnus
1108 582 1205 604 autem
1235 585 1470 615 unumquemque
1494 582 1625 604 vestrum

883 623 1013 650 eamdem
1026 623 1174 651 ostendere
1188 623 1417 652 sollicitudinem
1430 622 1471 650 ad
1486 622 1625 661 erpletio-

884 679 948 696 nem
967 670 1027 707 spei
1046 678 1135 707 usque
1154 670 1185 696 in
1192 668 1306 708 finem;
1319 669 1366 696 12.
1380 674 1410 696 ιιι
1438 678 1498 695 non
1525 678 1626 707 segnes

883 714 1069 754 ‹fficiamini‚
1083 724 1186 742 ‘uerum
1207 715 1368 742 imitatores
1383 723 1482 741 eorum.
1501 715 1552 753 qui
1564 714 1627 753 fide

883 766 909 788 et
923 762 1068 799 patientia
1083 760 1289 788 hereditabunt
1298 761 1513 798 promissiones.

925 808 952 834 5.
970 807 1123 845 Cupimus,
1139 805 1226 844 inquit
1238 816 1243 832 :
1257 815 1309 834 non
1320 805 1408 834 solum
1421 815 1485 844 ergo
1500 804 1535 834 ad
1545 805 1627 834 verba

887 862 970 890 usquc
985 852 1035 880 hoc
1050 851 1184 881 volumus.
1196 850 1249 880 Sed
1260 851 1326 890 quid
1334 850 1429 890 cupis?
1440 851 1571 890 Cupimus
1580 862 1629 881 vos

887 899 1022 927 adhaerere
1031 898 1126 927 virtuti
1136 921 1144 935 ,
1154 909 1205 927 non
1216 905 1332 937 tamqam
1350 898 1439 938 priora
1452 898 1630 927 condemnan-

888 952 926 973 tes
939 967 946 980 ‚
960 944 1006 973 sed
1020 944 1054 973 de
1068 945 1166 973 futuris
1181 945 1313 973 timentes.
1325 945 1360 973 Et
1374 956 1427 974 non
1438 945 1528 982 dixit,
1544 946 1629 974 Tam-

888 1001 968 1028 quam
987 990 1077 1029 priora
1091 990 1314 1027 condemnantes,
1329 990 1377 1020 sed
1394 991 1534 1030 proesentia
1547 1004 1552 1019 :
1568 991 1630 1021 estis

887 1036 959 1064 enim
981 1036 1117 1069 dissoluti,
1127 1035 1190 1064 facti
1220 1036 1283 1064 estis
1308 1037 1452 1076 segniores.
1481 1037 1535 1066 Sed
1566 1037 1630 1067 vide

887 1092 967 1120 quam
979 1081 1086 1121 placide
1101 1080 1128 1109 id
1139 1081 1265 1118 ostendit,
1277 1088 1302 1110 et
1313 1093 1365 1110 non
1380 1082 1460 1112 feiiit.
1473 1083 1547 1118 Quid
1557 1083 1628 1112 enim
1639 1085 1701 1106 P³u¹¹
1715 1093 1766 1113 wu-

886 1128 972 1157 dicit'‘
982 1129 1122 1166 Cupimus
1137 1134 1235 1156 autem
1247 1138 1481 1168 unumquemque
1497 1137 1628 1159 vestrum
1638 1117 1722 1169 ffgfflf
1725 1125 1766 1137 ¹¹¹¹

63 1091 128 1130 γὰρ,
142 1090 312 1130 ῥᾳθυμότεροι
323 1089 456 1128 γεγόνατε.
477 1087 547 1117 Ἀλλ’
562 1087 611 1127 ὅρα
626 1089 681 1119 πῶς
695 1087 833 1125 προσηνῶς

64 1137 185 1176 ἐνέφηνε,
202 1135 247 1164 καὶ
265 1137 311 1164 οὐκ
321 1134 425 1170 ἔπληξε.
437 1133 474 1163 Τί
488 1134 539 1173 γάρ
558 1145 653 1172 φησιν;
669 1133 833 1171 Ἐπιθυμοῦ-

64 1194 112 1221 μεν
123 1182 149 1211 δὲ
165 1181 275 1211 ἕκαστον
289 1183 362 1219 ὑμῶν
376 1180 423 1216 τὴν
437 1179 518 1214 αὐτὴν
528 1179 644 1215 σπουδὴν
656 1178 834 1208 ἐνδείκνυσθαι

64 1229 128 1268 ἄχρι
139 1228 239 1261 τέλους.
261 1228 347 1257 Τοῦτο
360 1226 411 1266 γὰρ
425 1227 455 1256 τὸ
469 1225 620 1264 θαυμαστόν
636 1226 692 1254 ἔστι
701 1227 747 1260 τῆς
759 1225 835 1253 Παύ-

65 1276 111 1304 λου
127 1274 266 1309 συνέσεως,
281 1273 321 1302 ὅτι
335 1274 380 1302 οὐκ
393 1272 554 1301 ἐνδείκνυται
567 1294 574 1308 ‚
590 1270 630 1300 ὅτι
645 1271 784 1307 ἐνέδωκαν,
795 1269 835 1299 ὅτι

66 1322 228 1360 καθυφῆκαν.
243 1319 283 1349 To
298 1319 348 1358 γὰρ
375 1320 456 1347 εἰπεῖν
466 1341 474 1354 ,
502 1318 700 1356 Ἔπιθυμοῧμεν
725 1317 834 1346 ἕκαστον

65 1371 150 1407 ὑμῶν,
163 1367 240 1397 τοῦτό
255 1368 335 1402 ἐστιν,
354 1367 389 1398 ὡς
403 1365 433 1393 ἂν
444 1365 511 1394 εἴποι
526 1376 580 1400 τις,
593 1363 672 1412 θέλω..
675 1376 704 1393 σε
718 1363 836 1393 σπουδά-

66 1417 118 1449 ζειν
136 1414 189 1450 ἀει,
200 1426 246 1443 και
257 1416 308 1445 οἷος
328 1415 359 1447 ἠς
369 1411 505 1468 πρότερρν,
518 1413 632 1440 τοιοῦτον
648 1413 714 1439 εἶναι
728 1410 773 1439 καὶ
790 1422 834 1439 νυν

66 1474 111 1490 και
126 1462 161 1494 εἷς
171 1461 201 1490 τὸ
218 1459 324 1499 μέλλον
339 1459 425 1487 Τοῦτο
447 1457 498 1495 γὰρ
511 1469 554 1485 τον
574 1455 682 1495 ἔλεγγον
700 1455 834 1494 προσηνέ-

64 1519 154 1547 στερον
169 1519 213 1536 και
227 1505 357 1544 εὐπαράδε
347 1516 419 1534 ,κτον
435 1503 574 1542 εἰργάζετο.
592 1502 699 1531 Καιούκ
711 1505 782 1538 εἰπε,
794 1502 834 1531 θέ-

66 1555 104 1582 λυ
113 1553 194 1592 ,ὅπερ
209 1556 239 1588 ἠν
250 1552 437 1585 διοασκαλικῆς
450 1548 583 1581 αὐθεντίας
592 1571 600 1584 ‚
611 1547 692 1576 ἀλλ’
679 1558 692 1576 ο
703 1550 835 1587 πατρικῆς

65 1594 97 1634 ἦν
111 1597 309 1638 φιλοστροργίας
321 1597 365 1625 καὶ
373 1596 451 1625 πλέον
463 1599 507 1624 τοῦ
521 1595 616 1629 θελειν,
628 1594 835 1632 Ἔπιθυμοῧμεν·

66 1644 203 1683 μονονουχὶ
217 1644 310 1683 λέγων,
324 1643 455 1681 σύγγνωτε
471 1641 518 1670 κᾶν
534 1640 655 1680 φορτικόν
676 1652 702 1668 τι
716 1639 834 1679 φθεγξώ-

66 1694 142 1728 μεθα.
155 1690 352 1728 Ἐπιθυμοῦμεν
363 1689 414 1728 γὰρ
426 1689 470 1717 ἕνα
481 1687 592 1716 ἕκαστον
604 1689 678 1725 ὑμῶν
693 1687 741 1722 τὴν
755 1686 835 1721 αὐτὴν

66 1736 243 1765 ἐνδείκνυσθαι
255 1735 370 1770 σπουδὴν
387 1734 450 1774 πρὸς
465 1733 512 1769 τὴν
528 1732 709 1772 πληροφορίαν
724 1734 771 1767 τῆς
795 1733 835 1760 ἐλ-

888 1177 1020 1205 eamdem
1050 1176 1200 1204 ostendere
1228 1176 1458 1205 sollicitudinem
1487 1188 1578 1217 usque
1598 1181 1630 1207 in

882 1223 986 1263 finem.
999 1223 1057 1251 Hoc
1068 1222 1140 1252 enim
1153 1222 1231 1251 Pauli
1245 1221 1393 1262 prudentia:
1405 1230 1443 1251 est
1458 1223 1629 1260 admirabile,

890 1269 963 1308 quod
979 1280 1031 1299 non
1046 1268 1163 1298 ostendit
1177 1279 1221 1298 eos
1243 1269 1350 1298 cessisse
1360 1292 1367 1306 ‚
1383 1276 1408 1298 et
1423 1270 1505 1298 factos
1522 1281 1577 1299 esse
1587 1282 1631 1299 re-

853 1324 871 1347 C
890 1318 1033 1347 missiores.
1042 1318 1138 1347 Dicere
1150 1317 1232 1356 enim,
1244 1318 1382 1357 Cupirnus
1396 1328 1632 1358 unumquemque

889 1372 1021 1394 ‘uestrum
1034 1387 1043 1403 ,
1060 1365 1112 1394 hoc
1128 1371 1183 1401 est,
1200 1364 1314 1404 perinde
1328 1375 1358 1393 ac
1372 1364 1394 1393 si
1413 1364 1505 1393 dicas:
1522 1365 1592 1394 Volo
1607 1371 1633 1394 te

889 1423 995 1452 semper
1009 1412 1116 1442 studere
1127 1434 1135 1449 ,
1147 1419 1172 1441 et
1186 1412 1273 1451 qualis
1288 1412 1365 1452 prins
1384 1423 1442 1441 eras
1454 1435 1462 1449 ,
1474 1412 1554 1441 talem
1578 1423 1633 1442 esse

889 1465 915 1488 et
929 1469 999 1488 nunc
1013 1466 1038 1487 et
1051 1458 1078 1487 in
1093 1465 1238 1498 posterum.
1256 1459 1313 1488 Hoc
1327 1458 1397 1487 enim
1420 1459 1555 1488 mitiorem
1570 1459 1633 1488 facit

889 1504 1123 1545 reprehensionem
1136 1527 1143 1541 ,
1159 1512 1185 1534 et
1199 1515 1252 1534 non
1271 1515 1342 1544 tegre
1355 1504 1559 1534 admittendam.
1577 1506 1633 1534 Nec

889 1553 975 1588 dicit,
992 1552 1074 1589 Volo,
1087 1552 1160 1591 quod
1174 1559 1229 1582 erat
1240 1552 1353 1581 docendi
1368 1552 1552 1589 auctoritatis5
1568 1552 1632 1590 sed,

890 1599 961 1637 quod
972 1606 1089 1638 paternae
1100 1607 1156 1628 erat
1163 1599 1354 1629 benevolentiae
1362 1599 1448 1638 magis
1460 1610 1541 1638 quam
1555 1599 1632 1635 velle,

891 1644 1046 1683 Cupimus;
1061 1644 1257 1684 propemodum
1271 1644 1362 1673 dicens
1372 1656 1378 1671 ε
1388 1644 1519 1683 Ignoscite
1534 1644 1633 1682 siquid

889 1688 1032 1717 molestum
1054 1695 1079 1717 et
1094 1699 1174 1727 grave
1188 1689 1349 1718 dixerimus.
1368 1690 1509 1728 Cupimus
1524 1699 1631 1717 unum—

890 1743 1033 1771 quemque
1061 1739 1191 1762 vestrum
1218 1734 1352 1762 eamdem
1379 1734 1529 1762 ostendere
1567 1733 1632 1762 sol-

485 1843 662 1874 MUTIANO
688 1842 944 1874 SCHOLASTICO
958 1844 1210 1874 INTERPRETE.

67 1940 170 1978 utique,
184 1938 282 1977 inquit,
297 1937 331 1966 dc
345 1936 422 1966 vobis
436 1936 486 1965 hoc
500 1935 618 1964 dicimus
629 1945 636 1961 ε
647 1935 715 1964 Νοη
732 1937 810 1964 enim
823 1937 949 1975 injustus
965 1942 1007 1965 est
1020 1937 1110 1973 Deus,
1123 1943 1155 1965 ut
1174 1937 1368 1966 obliviscatur
1388 1939 1480 1976 operis
1495 1940 1587 1967 vestri
1604 1944 1632 1966 et

66 1988 209 2016 caritatis.
226 1987 278 2015 Pro
291 1996 344 2024 qua
361 1995 389 2013 re
409 1994 472 2022 ergo
494 1983 551 2012 haec
573 1982 712 2011 dicimus?
727 1982 937 2011 Desideramus
960 1993 1194 2023 unumquemque
1211 1991 1344 2013 vestrum
1360 1985 1491 2013 eamdem
1513 1986 1633 2013 demon-

65 2039 160 2061 strare
171 2033 391 2071 festinationem
405 2031 446 2058 ad
461 2030 697 2069 satisfactionem
710 2030 772 2067 spei
792 2039 884 2068 usque
898 2030 939 2057 ad
950 2029 1054 2066 finem,
1071 2040 1107 2058 ne
1121 2031 1280 2059 imbecilles
1292 2031 1467 2071 efficiamini
1478 2043 1489 2066 ‚·
1501 2033 1634 2061 imitato-

65 2089 111 2108 res
123 2085 220 2108 autem
233 2088 331 2107 eorum
343 2087 414 2112 esse,
430 2079 480 2116 qui
486 2087 539 2115 per
540 2076 637 2116 sidem
651 2082 679 2104 et
692 2077 868 2114 patientiam
884 2076 1041 2105 hereditati
1050 2083 1117 2105 sunt
1133 2079 1348 2116 promissiones.

106 2126 315 2155 Desideramus
327 2132 427 2162 autem,
437 2124 533 2163 inquit.
546 2124 605 2152 Non
615 2134 677 2162 ergo
690 2123 847 2152 festinamus
862 2130 977 2160 tantum,
992 2134 1075 2162 neque
1090 2135 1174 2163 usque
1185 2124 1221 2154 ad
1233 2125 1314 2153 verba
1326 2124 1471 2163 volumus;
1485 2125 1531 2154 scd
1541 2126 1608 2165 quid
1619 2127 1632 2156 Ρ

66 2172 249 2202 desideramus
260 2173 330 2202 circa
346 2172 475 2202 virtutem
488 2182 536 2201 vos
549 2171 661 2208 versari,
676 2181 727 2199 non
744 2171 828 2200 veluti
844 2171 933 2210 priora
949 2178 1035 2200 vestra
1051 2172 1200 2211 culpantes,
1217 2173 1316 2211 inquit,
1337 2172 1383 2201 sed
1398 2184 1446 2212 pro
1460 2173 1560 2202 suturis
1578 2174 1633 2203 sol-

66 2217 146 2249 liciti.
163 2218 198 2247 Et
211 2228 263 2246 non
276 2218 361 2253 dixit,
372 2218 443 2253 Quia
456 2229 509 2247 non
525 2218 593 2247 sicut
608 2219 699 2258 priora
714 2225 803 2247 vestra
821 2218 967 2258 culpantes,
980 2218 1037 2254 sed,
1053 2220 1195 2248 Praesentia
1208 2232 1214 2248 :
1230 2220 1310 2249 soluti
1325 2221 1387 2249 estis
1401 2221 1483 2257 enim,
1501 2228 1526 2250 et
1541 2222 1632 2261 negli—

66 2263 198 2302 gentiores
221 2264 317 2292 effecti.
333 2264 387 2294 Sed
401 2264 559 2303 quomodo?
575 2265 682 2294 Intuere
698 2263 832 2303 quomodo
847 2264 1004 2304 procliviter
1025 2272 1050 2294 et
1065 2265 1241 2305 significavit,
1266 2274 1291 2295 et
1305 2278 1357 2296 non
1382 2267 1540 2307 increpavit.
1557 2268 1632 2304 Quid

67 2311 138 2340 enim
163 2310 257 2340 dixit?
275 2312 413 2350 Cttpimus
437 2319 536 2342 autem
552 2323 788 2353 unumquemque
810 2319 942 2341 vestrum
963 2314 1095 2342 eamdem
1119 2316 1213 2354 ipsam
1227 2316 1458 2355 festinationem
1482 2317 1634 2345 ostendere

67 2368 157 2398 usque
168 2358 209 2386 ad
219 2358 320 2397 finem.
336 2359 393 2387 Hoc
407 2360 478 2388 enim
495 2359 620 2388 mirabile
632 2367 671 2388 cst
683 2360 710 2388 in
731 2359 807 2389 Pauli
819 2359 960 2399 sapientia,
974 2361 1102 2399 quoniam
1119 2372 1170 2390 non
1189 2362 1320 2398 ostendit,
1333 2363 1397 2401 quia
1412 2362 1578 2392 remissiores
1591 2363 1631 2392 sa·

66 2406 101 2435 cti
120 2413 208 2444 erant,
227 2406 270 2436 vel
286 2417 352 2446 opus
366 2418 521 2447 aggressum
535 2408 708 2447 reliquerant.
724 2408 844 2437 Dicendo
857 2408 937 2445 enim,
954 2409 1093 2449 Cupimus
1108 2421 1342 2450 unumquemque
1356 2418 1495 2445 vestrum,
1509 2410 1561 2440 Iioc
1583 2417 1631 2447 cst,

66 2453 151 2482 veluti
163 2454 186 2483 si
197 2454 340 2493 quisquam
354 2454 424 2483 dieat
436 2467 442 2482 :
460 2454 530 2484 Volo
543 2461 568 2483 te
581 2455 705 2484 festinare
719 2465 834 2495 semper,
848 2462 874 2484 et
887 2456 975 2495 qualis
987 2457 1062 2486 fuisti
1081 2457 1212 2497 primum,
1226 2457 1306 2487 talem
1318 2468 1373 2487 esse
1385 2464 1410 2487 et
1425 2468 1496 2486 nunc
1507 2464 1535 2486 et
1547 2457 1574 2486 in
1588 2458 1632 2486 fu-

65 2506 167 2531 turum.
183 2501 240 2530 Hoc
254 2502 325 2530 enim
337 2502 553 2541 redargutionem
569 2504 626 2542 ejus
637 2510 662 2532 et
675 2503 823 2532 faciliorem
834 2510 859 2533 ct
870 2504 1080 2534 tolerabiliorem
1100 2513 1235 2545 operatur.
1250 2505 1287 2534 Et
1304 2516 1357 2535 non
1369 2505 1452 2543 dixit,
1465 2505 1545 2541 Volo,
1558 2505 1631 2544 quod

67 2554 106 2576 cst
118 2548 285 2578 auctoritatis
300 2549 440 2585 doctrinae,
456 2549 511 2586 sed,
532 2549 605 2589 quod
626 2557 682 2580 erat
697 2557 813 2591 paternae
830 2550 981 2582 dilectionis
994 2553 1111 2593 amplius
1126 2564 1207 2592 quam
1225 2553 1304 2591 velle,
1324 2554 1474 2592 Cupimus,
1492 2563 1568 2593 paenc
1583 2553 1628 2582 di-

69 2604 139 2634 cenS,
153 2596 287 2635 Ignoscite
297 2607 328 2627 ac
339 2597 361 2626 si
379 2607 460 2637 grave
473 2597 540 2636 quid
557 2598 704 2637 loquimur.
723 2600 862 2638 Cupimus
878 2611 1111 2641 unumquemque
1126 2607 1255 2631 vestrum
1269 2602 1401 2631 eamdem
1416 2603 1509 2640 ipsam
1529 2607 1627 2630 osten-
