1886 2846
52 925 133 945 ,11..Ιι.’,,
151 932 171 952 5.

50 962 86 983 ²0¹

214 147 274 182 162
539 160 567 183 s.
596 160 735 184 JOANNJS
761 160 942 183 euersosr.

208 222 381 261 Exspectate.
407 222 491 260 iuqui-
509 234 516 256 ;
541 223 649 251 omnino
675 223 744 251 euim
764 223 823 251 erit.
844 220 945 249 Deinde

206 267 310 305 plenam
326 268 436 296 afferens
449 269 642 307 persuasionem
662 291 668 298 .
684 268 749 297 dicit
767 280 771 294 :
791 267 878 304 Magis
893 276 943 293 au-

206 318 258 340 tem
273 323 319 351 spe
330 314 385 351 jam
407 314 560 351 cousmpiuli
576 314 645 342 estis.
663 313 697 341 lit
718 323 769 341 uon
785 312 855 339 dixit
866 333 872 344 ,
886 311 943 338 Su-

206 368 265 386 mus
279 358 361 390 iulus:
377 358 423 387 sed
435 381 442 392 ,
465 359 522 397 lpsa
538 366 575 387 est
591 359 708 396 ingressa
727 357 818 395 :quod
833 356 942 393 quidem

205 411 260 431 erat
274 405 362 432 verius
373 411 398 432 et
409 405 586 443 probabilius.
600 405 675 433 Sient
687 404 756 431 enim
768 411 864 429 ancora
879 400 941 428 navi

204 461 318 489 appensa
330 474 337 484 ,
355 462 405 480 nun
421 452 483 480 sinit
497 463 553 480 eam
570 449 733 479 circumferri
747 471 754 484 ‚
767 447 868 476 etiamsi
883 457 940 475 eam

204 497 275 524 renti
287 497 407 535 quatiant
422 497 640 531 iniu11m=1·.-1bilcs‚
651 495 695 523 sed
710 504 821 533 appensa
834 494 938 522 sirmam
950 519 984 539 m

204 542 290 571 reddit
314 550 338 572 et
362 543 482 571 stabilem
500 554 505 569 ε
522 543 555 570 ita
578 542 654 569 etiam
670 551 739 579 spes.
766 538 836 568 Vide
851 546 939 568 autem
959 549 977 569 Α

203 600 282 626 quam
303 590 382 618 valde
407 595 594 626 congruentem
620 586 751 615 iurent-rit
775 585 919 623 imaginem
932 598 937 614 ;

204 645 254 663 non
270 635 339 663 enim
352 635 417 663 dicit
437 633 650 662 fuinlamentiun.
670 631 742 669 quod
755 631 939 670 discrepasset,

203 680 248 708 sed
260 691 391 709 ancoram.
402 682 468 708 Nam
480 678 552 716 quod
563 685 600 706 est
612 678 637 705 iu
651 678 733 705 fluctu
747 677 840 712 maris,
853 684 880 706 et
888 687 940 706 non

202 725 308 753 ridetur
321 736 376 754 esse
394 724 538 753 admodum
555 724 662 751 lirinum
675 729 699 751 et
712 723 818 758 stabile,
831 729 882 751 stat
894 734 941 751 su-

202 782 248 809 per
262 782 356 808 aquam
382 778 515 808 taunpiam
539 780 619 808 supra
644 776 756 805 terram,
773 769 938 807 labascitque

200 823 223 843 et
241 826 289 843 nou
306 816 426 844 labascit.
439 817 504 844 Nam
519 815 544 843 iu
561 814 711 853 iisquidem
724 815 770 853 qui
785 822 846 843 sunt
859 815 937 844 valde

200 861 270 888 lirmi
285 861 417 898 solidique
443 867 467 889 et
491 860 661 899 philosophi,
676 860 743 889 illud
767 867 939 890 consentanee

199 906 286 944 posuit
302 906 423 934 Christus
434 929 440 941 ,
451 906 541 935 dicens
554 918 559 934 ε
579 908 636 944 Qui
646 907 805 945 (edificas-it
819 907 937 935 domum

198 962 281 979 suam
297 962 384 990 supra
403 959 516 991 petram
530 964 537 979 .·
555 951 582 979 in
602 952 634 979 iis
648 958 737 980 autem
757 952 803 990 qui
818 959 879 980 sunt
892 952 938 980 de-

198 997 257 1025 fessi
275 1020 282 1031 ,
309 1004 334 1025 et
360 997 457 1026 debent
480 1008 527 1037 spe
549 997 666 1037 portari,
682 997 867 1026 convenienter
887 997 938 1026 hoc

199 1044 288 1083 posuit
310 1045 418 1073 Paulus.
444 1046 510 1073 Nam
535 1045 631 1073 fluctus
658 1043 768 1082 quidem
789 1050 814 1072 ct
842 1054 936 1082 magna
956 1053 973 1075 ιι

198 1098 338 1130 tempestas
354 1091 479 1130 scapham
494 1090 581 1129 quatit
595 1103 602 1118 2
619 1100 678 1129 spes
692 1097 778 1118 autem
805 1100 857 1118 non
874 1090 938 1118 sinit

197 1137 385 1171 circumferri,
398 1137 501 1165 etiamsi
515 1147 572 1164 eam
588 1135 660 1164 venti
675 1135 773 1173 agitent
787 1135 938 1163 innumera·

198 1183 273 1211 biles.
285 1182 467 1218 Quamobrem
483 1182 504 1211 si
527 1192 584 1210 eam
598 1192 649 1209 nou
665 1181 867 1219 habuissemus,
880 1182 937 1220 jam

197 1229 262 1257 olim
276 1239 392 1258 essemus
406 1228 528 1256 demersi.
544 1229 604 1256 Non
619 1228 706 1256 solum
721 1234 808 1255 autem
820 1227 846 1255 in
859 1228 938 1266 spiri-

198 1274 331 1309 tualibus,
345 1273 391 1302 sed
406 1273 485 1301 etiam
499 1274 523 1301 in
535 1274 565 1301 iis
579 1284 638 1311 ‹pn-e
653 1272 687 1301 ad
702 1273 771 1300 hanc
780 1273 863 1301 vitam
873 1283 936 1311 per-

198 1321 280 1349 tinent
289 1343 295 1355 ‚
307 1331 429 1358 magnam
442 1321 498 1359 ejus
514 1321 569 1348 vim
582 1319 729 1357 inveneris,
741 1319 766 1347 in
780 1326 937 1356 mercatura,

198 1366 224 1394 iu
238 1366 411 1403 agricultura,
425 1367 449 1394 in
460 1366 556 1394 militia
572 1378 577 1393 :
591 1365 639 1394 nisi
652 1365 721 1393 enim
734 1365 866 1404 quispiam
879 1376 936 1393 eam

197 1413 285 1441 statim
302 1413 352 1440 sibi
377 1413 566 1452 pra‘posuerit,
588 1423 620 1440 ne
633 1422 700 1451 opus
717 1411 825 1449 quidem
839 1411 935 1448 attige-

198 1457 243 1485 rit.
267 1460 397 1486 Auroram
414 1466 502 1487 autem
518 1469 570 1486 non
586 1457 656 1486 dixit
669 1457 807 1491 absolute,
824 1456 869 1485 sed
884 1457 934 1485 lir-

199 1514 267 1531 mam
281 1511 305 1532 et
320 1504 460 1540 stabilem,
477 1511 505 1532 ut
524 1503 643 1532 ostendat
658 1504 714 1542 ejus
736 1502 886 1531 firmitatem
902 1502 935 1531 iis

197 1550 243 1587 qui
267 1550 312 1578 illa
330 1550 478 1578 fulciuntur
493 1550 527 1578 ad
547 1550 658 1578 salutem
675 1548 752 1576 :ideo
774 1548 932 1587 subjungit,
953 1558 970 1581 C

201 1597 270 1633 Quae
283 1597 444 1635 ingreditur
457 1598 487 1624 in
498 1598 637 1624 interiora
649 1595 806 1623 velaminis
815 1607 825 1628 ;
838 1594 865 1622 id
879 1601 918 1623 est
927 1617 934 1628 ,

199 1651 257 1678 quae
279 1641 401 1680 pervadit
423 1652 508 1680 nsque
529 1641 563 1669 ad
589 1640 691 1670 caelum.
721 1640 826 1669 Deinde
853 1640 935 1668 fidem

230 1730 242 1747 ¹>
259 1730 419 1763 [ἑξκρτῃίνεὶςκ
431 1730 551 1754 inclusum
563 1730 639 1753 hahet
649 1729 739 1761 Saril.]

229 1776 237 1786 ἒ
257 1768 316 1801 [Hs.
328 1769 394 1801 apud
408 1769 483 1793 Savil.
502 1774 527 1794 τὸ
538 1774 581 1802 γὰρ
593 1772 614 1793 ἐν
624 1772 684 1800 πάλῳ
694 1772 726 1799 ὃν,
739 1771 819 1793 12}th
830 1774 870 1796 τῆς
880 1769 948 1801 ὑγρᾶς

197 1819 218 1833 o„
233 1811 314 1842 :pilu
327 1811 358 1834 ζεῖ
373 1811 490 1843 ἑῦρᾶτθκε,
508 1811 553 1833 025⁷
567 1811 641 1841 ὥσπερ
653 1811 688 1833 ἐπὶ
699 1813 737 1836 τῆς
755 1813 792 1839 γῆς
805 1810 893 1835 ἕστηκε.
912 1810 949 1832 καὶ

974 157 1129 181 Ancqui’.

1159 157 1221 181 CON
1227 158 1286 182 STA
1292 160 1412 184 N'l'lNOl‘
1419 176 1426 184 .

998 220 1061 258 ὅπερ
1078 219 1249 259 ἀληθέστερον
1269 216 1300 255 ἦν
1319 222 1363 250 καὶ
1378 222 1561 262 πιθανώτερον.
1587 224 1693 264 “’Ὼσπερ
1710 225 1761 263 γὰρ

998 268 1014 299 ἡ
1029 266 1129 304 ἄγκυρα
1145 265 1317 304 ἐξαρτηΟεῖο-οι
1333 270 1378 295 τοῦ
1398 268 1499 301 πλοίου,
1518 271 1563 298 οὐκ
1580 271 1685 309 ἀφίησιν
1700 272 1761 299 αὐτὸ

997 310 1182 349 περιφέρεσθαι
1196 333 1202 344 ,
1231 311 1278 340 κᾶν
1306 312 1393 350 μυρίοι
1418 315 1633 352 παρασαλεύωσιν
1659 317 1760 354 ἄνεμοι,

997 356 1054 383 ἀλλ’
1072 355 1262 396 ”e'Zoepw-,Osicot
1285 358 1386 396 ἑδραῖον
1401 363 1483 387 ποιεῖ’
1499 360 1567 388 οὕτω
1581 362 1625 390 καὶ
1645 364 1661 396 ἡ
1677 362 1759 394 ἐλπίς.

997 401 1049 449 lind
1062 401 1109 440 ὅρα
1124 405 1180 435 πῶς
1195 402 1294 441 σφόδρα
1313 403 1436 442 ἁρμόδιον
1454 401 1525 444 εὗρεν
1543 407 1646 436 εἰκόνα·
1661 408 1689 436 οὗ
1709 407 1760 446 γὰρ

995 451 1051 476 εἰπε
1064 449 1191 486 θεμέλιον,
1207 449 1271 488 ὅπερ
1288 450 1398 488 ἀπῇδεν,
1414 451 1481 480 ἀλλὰ
1495 451 1619 491 ἄγκυραν.
1641 453 1700 482 “'l'b
1709 452 1759 493 γὰρ

995 495 1021 522 ἐν
1040 494 1113 532 σάλῳ
1126 494 1163 528 ὂν,
1178 495 1222 523 καὶ
1237 496 1265 523 οὐ
1280 495 1378 534 σφόδρα
1396 496 1485 524 δοκοῦν
1500 497 1642 535 ἡδράσθαι,
1656 498 1700 527 ἐπὶ
1713 501 1760 533 τῆς

994 541 1073 578 ὑγρᾶς
1083 563 1090 576 ,
1106 542 1141 573 ὡς
1160 541 1203 569 ἐπὶ
1224 543 1272 579 γ’ῆς
1282 563 1289 575 ,
1312 540 1407 576 ἕστηκε
1418 564 1425 576 ,
1447 541 1491 570 καὶ
1506 542 1656 578 σαλεύεται,
1671 544 1717 572 καὶ
1731 545 1760 572 οὗ

995 585 1139 615 σαλεύεται.
1163 586 1227 615 Ἐπὶ
1245 586 1290 624 μὲν
1306 586 1357 626 γὰρ
1372 589 1423 616 τῶν
1445 587 1544 626 σφόδρα
1560 590 1673 627 στεῤῥῶν
1694 592 1704 604 ⁸
1715 589 1759 617 καὶ

993 631 1149 671 (fahedai-w,
1167 632 1274 665 εἰκότως
1287 633 1370 661 ἐκεῖνο
1384 633 1498 661 τέθεικεν
1509 635 1522 661 ὁ
1536 634 1649 672 Χριστὸς
1660 634 1742 672 λέγων
1753 645 1759 652 ·

993 677 1086 710 ζΌςττις
1104 678 1257 717 ᾠκοδόμησε
1271 677 1318 713 τὴν
1334 678 1416 707 οὶκίαν
1432 680 1511 708 αὑτοῦ
1525 679 1568 708 ἐπὶ
1582 679 1629 714 τὴν
1644 679 1742 719 πέτραν
1752 691 1758 697 ·

992 723 1036 752 ἐπὶ
1047 723 1073 752 δὲ
1084 726 1135 752 τῶν
1147 724 1371 763 ἀπαγορεύοντιιη,
1383 725 1428 753 καὶ
1439 725 1593 763 ὀφειλόντων
1609 725 1650 754 διὰ
1661 728 1707 760 τ’ἧς
1719 727 1759 754 ἐλ-

993 768 1065 801 πίδος
1080 770 1308 806 διαόαστάζεσθαι,
1322 770 1423 802 οἰκείως
1441 773 1516 799 τοῦτο
1530 770 1644 800 τέθεικεν
1657 774 1671 800 ὁ
1683 773 1758 800 Παῦ-

992 816 1044 847 λος.
1069 815 1102 844 ‘ll
1119 815 1165 853 μὲν
1178 816 1229 854 γὰρ
1244 816 1309 850 ζάλη
1323 817 1368 844 καὶ
1380 818 1393 844 ὁ
1404 816 1482 849 πολὺς
1497 816 1597 855 χειμὼν
1610 817 1714 846 σαλεύει
1728 817 1758 847 τὸ

992 861 1089 899 σκάφος
1099 873 1104 879 ·
1118 863 1134 895 ἡ
1148 861 1174 889 δὲ
1188 862 1260 893 ἐλπὶς
1272 863 1319 889 οὐκ
1332 861 1425 900 ἀφίησι
1440 862 1634 902 περιφέρεσθαι,
1647 863 1694 891 κᾶν
1708 875 1758 901 μυ-

993 906 1041 945 ρίοι
1053 907 1271 946 παρασαλεύωσιν
1285 907 1384 944 ἄνεμοι.
1396 907 1481 936 “stete
1492 908 1516 935 εἴ
1526 919 1554 946 γε
1567 907 1604 944 μὴ
1615 908 1712 943 ταύτην
1723 909 1758 937 εἴ-

990 965 1087 992 χομεν,
1101 953 1184 981 πάλαι
1198 953 1227 981 ἂν
1243 952 1495 990 κατεποντίσῦημεν.
1509 954 1567 981 Οὐκ
1578 954 1604 981 ἐν
1617 958 1670 986 τοῖς
1681 965 1757 982 πνευ-

991 1002 1110 1036 ματικοῖς
1122 998 1148 1026 δὲ
1161 998 1237 1035 μόνον
1246 1021 1253 1033 ,
1269 998 1337 1027 ἀλλὰ
1354 998 1398 1026 καὶ
1410 1000 1435 1027 ἐν
1449 1003 1502 1031 τοῖς
1514 1000 1644 1037 βιωτικοῖς
1658 999 1757 1035 πολλὴν

990 1044 1086 1079 ταύτης
1101 1043 1169 1082 εὕροι
1182 1056 1220 1076 τις
1232 1044 1261 1072 ἂν
1275 1044 1322 1079 τὴν
1339 1044 1414 1083 ἰσχύν
1423 1056 1428 1061 ·
1441 1040 1501 1080 οἷον,
1515 1044 1557 1073 ἐπὶ
1568 1045 1704 1085 ἐμπορίας,
1714 1045 1756 1074 ἐπὶ

991 1090 1132 1129 γεωργίας,
1147 1089 1190 1118 ἐπὶ
1202 1089 1357 1128 στρατείας·
1373 1089 1417 1118 ἐὰν
1440 1089 1490 1128 γὰρ
1506 1089 1542 1127 μὴ
1555 1090 1651 1125 ταύτην
1664 1090 1756 1124 εὐθέως

990 1148 1029 1168 τις
1043 1135 1183 1174 πρόθηται,
1197 1136 1250 1163 οὐδ’
1270 1134 1300 1163 ἂν
1316 1135 1412 1174 ἅψαιτο
1426 1135 1511 1175 ἔργου.
1524 1135 1652 1174 Ἄγκυραν
1667 1136 1694 1165 ’δὲ
1709 1139 1757 1176 οὐχ

991 1182 1080 1213 ἁπλῶς
1089 1176 1234 1215 εἷπεν,ἀλλ’
1248 1182 1353 1220 ἀσφαλῆ
1369 1193 1396 1209 τε
1408 1181 1451 1209 καὶ
1461 1181 1583 1219 βεὸαίαψ
1593 1181 1635 1210 ἵνα
1648 1182 1755 1222 δηλώσῃ

990 1229 1019 1257 τὸ
1032 1228 1138 1267 ἀψευδὲς
1148 1229 1200 1256 τῶν
1211 1228 1276 1266 αὐτῇ
1291 1228 1493 1266 ἐπερειδομένων
1508 1230 1543 1260 εἷς
1555 1228 1686 1268 σωτηρίαν
1699 1241 1704 1247 ·
1717 1230 1757 1258 διὸ

990 1274 1091 1312 ἐπάγει,
1109 1273 1305 1312 Εἰσερχομένην
1331 1275 1367 1306 εἰς
1387 1273 1417 1301 τὸ
1436 1272 1562 1312 ἐσώτερον
1581 1277 1626 1302 τοῦ
1641 1285 1756 1303 καταπε-

990 1321 1132 1358 τάσματος.
1149 1320 1184 1348 'l'i
1197 1321 1252 1348 ἐστι
1264 1322 1357 1353 τοῦπος
1373 1319 1441 1347 Ἀντὶ
1455 1322 1510 1355 τοῦ,
1523 1319 1705 1358 διικνουμένην
1720 1323 1756 1354 εἰς

990 1366 1034 1394 τὸν
1048 1366 1164 1403 οὐρανόν.
1183 1359 1247 1393 Εἶτα
1264 1364 1308 1392 καὶ
1329 1364 1376 1398 τὴν
1394 1364 1482 1393 πίστιν
1505 1365 1646 1404 ἐπήγαγεν,
1659 1365 1700 1395 ἵνα
1716 1366 1753 1404 μὴ

992 1411 1067 1449 μόνον
1083 1411 1155 1442 ἐλπὶς
1169 1406 1186 1447 ᾗ
1198 1432 1205 1445 ‚
1226 1409 1293 1438 ἀλλὰ
1308 1410 1353 1438 καὶ
1372 1410 1470 1445 ἀληθὴς
1487 1411 1595 1449 σφόδρα.
1611 1411 1687 1440 Μετὰ
1703 1411 1754 1452 γὰρ

989 1456 1031 1484 τὸν
1057 1455 1133 1495 ὅρκον
1160 1455 1205 1483 καὶ
1229 1454 1315 1494 ἕτερον
1337 1455 1424 1491 τίθησι
1436 1478 1443 1491 ,
1469 1455 1515 1491 τὴν
1544 1456 1586 1484 διὰ
1606 1459 1657 1485 τῶν
1680 1469 1753 1495 πρα-

988 1501 1096 1539 γμάτων
1118 1500 1267 1536 ἀπόδειξιν,
1287 1500 1327 1529 ὅτι
1344 1502 1490 1541 πρόδρομος
1513 1502 1580 1541 ὗπὲρ
1603 1504 1679 1540 ἡμῶν
1701 1505 1754 1533 εἰσ·

988 1548 1065 1582 ἦλθεν
1090 1546 1200 1582 Ἰησοῦς.
1231 1546 1265 1575 ‘O
1289 1546 1315 1576 δὲ
1336 1547 1500 1586 πρόδρομος,
1521 1549 1597 1576 τινῶν
1614 1550 1670 1576 ἐστι
1685 1549 1755 1588 πρό-

989 1595 1098 1631 δρομος,
1121 1593 1210 1632 ὥσπερ
1233 1592 1357 1628 Ἰωάννης
1372 1596 1416 1621 τοῦ
1439 1594 1560 1633 Χριστοῦ.
1581 1593 1633 1622 Καὶ
1649 1596 1694 1623 οὐκ
1712 1590 1753 1623 εἶ’Ἀ

988 1651 1035 1668 πεν
1054 1639 1142 1671 ἁπλῶς
1153 1662 1160 1674 ,
1180 1640 1306 1673 Εἶσῆλῡεν
1317 1660 1323 1672 ,
1347 1639 1414 1675 ἀλλ’,
1431 1639 1496 1668 ὅπου
1511 1640 1671 1679 πρόδρομος·
1688 1640 1753 1679 ὑπὲρ

1000 1740 1041 1785 με
1056 1726 1152 1798 liill‘liairg⁴
1167 1765 1242 1790 Saiil.
1256 1769 1292 1791 mi
1305 1767 1344 1794 ἤδη
1356 1766 1467 1797 esiciam]

613 1901 786 1930 MUTIANO
807 1899 1059 1929 SCHOLASTICO
1080 1898 1114 1928 IN
1121 1897 1332 1928 TERPRETE.

196 1992 297 2021 Deinde
312 1992 424 2029 satians,
437 1991 504 2020 dicii
521 2002 526 2018 :
541 1990 631 2029 Magis
649 1996 738 2019 autem
760 2000 814 2029 spe.
829 1989 865 2018 Et
886 1998 937 2018 non
958 1987 1029 2017 dixit
1041 2010 1048 2024 ,
1068 1988 1122 2016 Nos
1138 1997 1231 2016 sumus
1251 1986 1279 2015 in
1296 1985 1469 2015 interioribus
1487 1998 1496 2024 3
1513 1986 1560 2015 sed
1573 2009 1581 2024 ,
1605 1987 1676 2022 Quia
1693 1989 1751 2028 ipsa

195 2039 309 2077 ingressa
323 2045 361 2066 est
374 2039 399 2066 in
417 2037 542 2066 interiora
559 2049 564 2064 :
577 2036 647 2074 quod
660 2047 755 2065 verum
769 2043 808 2065 est
821 2042 846 2065 et
857 2034 995 2065 credibile.
1012 2034 1087 2063 Sicut
1103 2034 1174 2063 enim
1195 2043 1290 2062 ancora
1301 2033 1399 2072 jactata
1422 2032 1456 2061 de
1478 2033 1539 2062 navi
1555 2043 1606 2062 non
1619 2035 1751 2073 permittit

194 2096 251 2114 eam
265 2085 441 2120 circumferri,
460 2085 520 2113 licet
531 2084 602 2113 venti
616 2090 812 2120 commoveant,
827 2082 872 2112 sed
883 2083 982 2122 jactata
996 2082 1102 2110 firmam
1115 2081 1180 2110 facit
1199 2092 1204 2108 :
1220 2081 1257 2109 sic
1271 2087 1296 2108 et
1310 2079 1386 2108 fides.
1399 2080 1516 2115 Intuere,
1535 2080 1662 2118 quoniam
1673 2082 1751 2111 valde

196 2133 392 2161 convenientem
405 2132 506 2161 invenit
522 2132 664 2170 imaginem
680 2143 685 2158 :
702 2142 753 2160 non
769 2131 839 2160 enim
854 2131 925 2160 dixit
937 2129 1158 2163 fundamentum,
1175 2127 1247 2166 quod
1268 2127 1434 2163 dissonaret,
1450 2126 1497 2155 sed
1511 2137 1645 2156 ancoram.
1670 2128 1750 2163 Quod

196 2180 266 2208 enim
284 2180 310 2208 in
331 2187 405 2209 motu
429 2186 486 2216 est,
505 2186 531 2207 et
548 2189 600 2207 non
616 2178 695 2207 valde
713 2178 818 2206 videtur
840 2179 926 2206 fixum
937 2187 1001 2213 esse,
1014 2175 1086 2214 quod
1097 2182 1134 2204 est
1146 2185 1225 2214 super
1235 2174 1395 2211 mare,sicut
1406 2173 1476 2212 quod
1489 2180 1678 2212 superterram
1690 2181 1751 2213 stat,

195 2233 219 2253 et
231 2233 370 2261 movetur,
386 2233 411 2255 et
421 2236 472 2255 non
489 2232 613 2254 movetur
635 2225 661 2254 in
675 2225 756 2253 valde
768 2225 853 2253 firmis
867 2231 894 2253 et
915 2222 1083 2262 philosophis
1095 2221 1221 2250 fortassis.
1245 2220 1308 2249 Ideo
1333 2220 1407 2249 illam
1430 2221 1637 2250 similitudinem
1660 2223 1751 2261 posuit

196 2271 318 2300 Christus
331 2295 338 2308 ‚
354 2272 444 2301 dicens
459 2284 465 2299 :
478 2272 508 2301 Si
523 2273 588 2311 quis
608 2270 734 2310 oedificat
753 2272 869 2299 domum
884 2281 968 2300 suam
982 2280 1067 2309 super·
1086 2275 1210 2308 petram.
1227 2268 1261 2296 ln
1273 2267 1311 2296 eis
1324 2267 1371 2305 qui
1384 2267 1545 2297 dubitabant
1571 2275 1597 2296 et
1616 2268 1751 2299 debebant

197 2330 242 2357 per
257 2319 336 2347 fidem
353 2320 467 2359 portari,
482 2319 622 2359 proprium
636 2318 687 2347 hoc
702 2318 791 2358 posuit
807 2318 916 2346 Paulus.
933 2319 1091 2357 Tempestas
1111 2316 1184 2345 enim
1196 2338 1204 2353 ‚
1221 2322 1246 2344 et
1261 2314 1362 2343 multus
1380 2314 1467 2344 imber
1480 2322 1631 2344 commovet
1645 2323 1748 2345 ratem:

198 2377 255 2404 spes
269 2373 356 2394 autem
371 2377 422 2395 non
441 2366 571 2406 permittit
584 2376 641 2395 eam
659 2365 836 2394 circumferri.
854 2365 970 2394 Proinde
984 2365 1006 2394 si
1027 2365 1096 2393 hanc
1113 2374 1166 2392 non
1190 2362 1350 2391 haberemus
1361 2385 1369 2400 ,
1383 2362 1447 2391 olim
1467 2362 1578 2392 dimersi
1599 2362 1748 2392 fuissemus.

199 2414 255 2440 Non
268 2413 294 2440 in
310 2413 494 2451 spiritualibus
508 2420 611 2441 tantum
621 2435 628 2449 ‚
644 2411 690 2441 sed
706 2411 785 2440 etiam
795 2411 821 2439 in
834 2411 1008 2440 soecularihus
1022 2410 1135 2439 multam
1150 2409 1210 2448 quis
1224 2409 1306 2448 hujus
1319 2408 1419 2438 invenit
1434 2408 1619 2437 fortitudinem
1631 2420 1638 2436 ι
1654 2415 1747 2448 utputa

198 2460 223 2486 iu
241 2459 405 2497 negotiando,
421 2460 447 2487 in
462 2459 636 2497 agricultura,
651 2458 677 2487 in
688 2458 786 2487 militia
802 2469 808 2485 ε
822 2457 874 2486 nisi
888 2457 956 2486 hanc
970 2457 1112 2495 qnisquam
1125 2456 1213 2496 primo
1225 2462 1373 2494 proponat,
1386 2465 1532 2493 numquam
1544 2454 1618 2483 aliud
1631 2455 1746 2494 attingit.

199 2506 255 2533 Non
271 2504 427 2543 simpliciter
441 2505 512 2534 (lixit
527 2516 651 2534 ancoram
665 2528 672 2542 ‚
688 2504 733 2534 sed
745 2527 753 2542 ,
771 2505 875 2533 Tulam
889 2510 916 2532 et
927 2504 1066 2543 firmam,
1078 2513 1136 2541 qum
1152 2512 1203 2530 non
1226 2508 1365 2538 movetur,
1378 2501 1584 2539 ingredientem
1600 2512 1689 2540 usque
1708 2505 1748 2532 ad

197 2553 336 2580 inierim-a
352 2552 528 2589 velatrzini55
542 2564 572 2581 ac
587 2553 608 2581 si
628 2552 736 2590 diceret,
752 2557 931 2591 penetrantem
950 2550 1037 2579 raflos.
1058 2549 1160 2578 Deinde
1180 2549 1258 2577 etiam
1281 2548 1361 2576 fidem
1383 2547 1492 2584 intulit,
1508 2554 1535 2575 ut
1551 2557 1601 2576 non
1617 2548 1671 2577 sola
1686 2560 1746 2589 spes
