1886 2846
71 455 138 474 Jmm.
158 459 192 481 17.

71 555 107 575 ll».
132 553 156 576 8.
174 552 200 576 18

71 644 106 664 ΙΙΙ.
125 643 160 664 ι.ἰ.
175 644 211 666 26.

229 153 298 187 226
579 163 607 184 s.

227 228 277 265 qui
289 225 411 254 credunt
423 235 475 263 per
493 225 610 251 verbum
626 234 724 251 eornm
740 226 771 251 in
791 233 843 251 me.
865 224 966 250 Rursus

227 278 412 300 testamcutum
431 270 480 298 alia
494 268 602 306 quidem
615 269 696 297 habet
708 270 765 307 ejus
779 269 824 306 qui
837 274 874 296 cst
888 274 967 295 testa-

227 325 280 352 tus,
296 317 348 345 alia
364 327 426 344 vero
441 325 533 343 corum
555 315 602 353 qui
623 315 772 353 suscipiunt
788 326 793 340 :
809 314 843 341 ita
869 320 896 340 ut
915 313 966 340 alia

226 359 334 400 quidem
348 361 463 400 capiant,
475 360 527 388 alia
541 370 603 388 vero
616 360 720 389 faciant.
735 360 773 387 lta
786 358 830 386 hic
841 368 964 395 quoque:

225 415 368 447 postquam
382 407 452 435 enim
468 407 624 446 promiserat
644 404 858 437 inminueralntia,
876 404 910 431 ab
929 403 966 431 eis

226 453 348 492 quaedam
368 452 466 490 exigit,
486 452 576 481 dicens
592 464 598 479 :
614 451 790 479 ,ῚΙαιιιΖαιιιηι
807 459 913 477 novum
929 450 966 477 do

226 500 318 527 vobis.
336 499 438 527 Rursus
461 504 646 526 testamentum
661 495 738 523 debet
755 494 852 523 habere
867 501 944 523 testes
957 507 962 522 :

225 545 289 573 audi
313 545 401 584 ipsum
416 553 507 572 rursus
521 543 651 571 dicentem
668 553 673 568 :
690 541 754 579 Ego
773 551 837 568 sum
857 544 907 579 qui
923 547 964 569 te-

225 593 394 620 stimonium
407 591 542 629 perhibeo
560 588 594 615 de
605 589 759 625 meipso‚et
768 588 963 615 testimonium

223 639 353 676 perhibet
370 638 405 664 de
419 646 463 663 me
475 636 525 673 qui
539 635 616 661 misit
628 634 737 666 Pater;
753 639 778 661 et
792 643 894 669 rursus,
908 634 965 662 Ille

225 685 419 712 testimonium
433 681 593 719 perhibebit
609 680 645 708 de
660 690 715 715 me,
729 679 822 708 dicens
837 678 871 707 de
884 680 964 708 Para-

224 730 291 757 cleto
302 741 307 756 ;
320 735 345 756 et
356 726 496 756 duodecim
509 725 643 764 apostolos
655 725 738 759 misit,
751 725 841 754 dicens
854 737 859 752 :
875 727 964 754 Testi—

215 775 354 814 ficamini
369 783 465 801 coram
483 773 555 799 Deo.
571 771 607 799 Et
630 779 772 810 propterea
784 771 851 800 dicit
866 784 872 799 :
887 773 965 800 Novi

223 821 388 849 testamenti
410 819 554 847 mediator
576 824 628 846 est.
648 817 723 853 Quid
739 825 778 846 est
792 824 881 846 autem
903 829 963 846 me-

221 865 330 894 diator?
345 864 480 894 Mediator
496 875 548 892 non
564 864 645 892 habet
660 864 687 892 in
702 870 830 903 potestate
844 874 899 892 rem
914 874 964 892 cu-

217 913 262 951 jus
279 918 317 940 est
332 912 506 945 intercessor3
521 910 567 939 sed
583 910 634 938 alia
648 910 756 948 quidem
771 921 813 939 res
828 917 876 947 est,
893 910 963 939 alius

220 969 282 987 vero
294 958 451 986 intercessor
467 969 472 984 :
487 957 562 986 velut
577 956 741 985 matrimonii
755 967 781 985 es
797 956 963 993 intercessor,

219 1014 272 1032 non
290 1003 336 1041 qui
348 1003 472 1041 jungitur
491 1001 673 1039 matrimonio,
687 1001 734 1030 sed
754 1002 800 1039 qui
821 1012 899 1041 opem
914 1003 963 1031 sert

219 1050 244 1078 ei
258 1049 304 1088 qui
318 1056 357 1077 est
370 1048 501 1077 ducturus
516 1058 638 1076 uxorem.
652 1049 693 1076 Ita
705 1047 749 1076 hic
761 1058 866 1085 quoque
877 1048 963 1076 Filius

219 1096 270 1124 tuit
294 1095 450 1124 intercessor
473 1094 559 1123 Patris
583 1100 608 1122 et
624 1100 722 1122 noster.
748 1093 861 1122 Nolebat
885 1094 964 1123 Pater

219 1141 297 1170 nobis
310 1141 458 1179 relinquere
476 1139 545 1168 hane
560 1139 745 1175 hereditatem,
760 1138 805 1167 sed
820 1139 895 1167 uobis
908 1139 962 1167 ira-

219 1187 351 1220 scebatur,
371 1192 397 1214 et
409 1192 465 1214 erat
481 1195 567 1213 saevus
586 1191 612 1212 et
636 1195 713 1223 asper
729 1191 759 1212 ut
779 1184 826 1222 qui
846 1195 962 1214 essemus

218 1232 326 1261 alienati
340 1244 346 1260 :
360 1231 411 1260 suit
432 1241 494 1269 ergo
510 1237 599 1259 noster
619 1237 644 1258 et
669 1230 728 1268 ejus
750 1230 920 1266 intercessor,
937 1238 962 1260 et

219 1278 243 1306 ei
258 1277 400 1317 persuasit.
417 1275 453 1304 Et
474 1275 537 1304 vide
558 1274 693 1313 quomodo
714 1275 766 1303 fuit
787 1275 960 1304 intercessor:

219 1323 302 1352 verba
318 1322 410 1351 attulit
425 1329 450 1350 et
464 1321 569 1357 retulit,
580 1332 638 1359 quae
652 1332 666 1349 a
683 1322 761 1349 Patre
777 1328 851 1349 erant
865 1321 900 1350 ad
915 1332 962 1350 nos

221 1369 411 1405 transmittens,
424 1375 449 1397 et
463 1375 575 1396 mortem
587 1367 716 1406 adjiciens
731 1379 736 1394 :
753 1367 960 1404 offenderamus,

221 1416 289 1444 mori
305 1415 467 1443 debebamus
482 1426 488 1441 2
501 1424 550 1453 pro
569 1413 646 1442 nobis
659 1420 697 1442 est
713 1420 843 1447 mortuus,
860 1420 885 1441 et
899 1413 962 1442 fecit

221 1472 269 1490 nos
281 1460 377 1499 dignos
392 1466 558 1488 testamento.
574 1459 643 1487 Hinc
657 1459 737 1487 etiam
754 1465 793 1486 est
813 1459 921 1486 firmum
937 1466 962 1487 et

220 1506 316 1535 stabile
338 1512 536 1541 testamentum,
552 1505 626 1543 quod
641 1515 692 1533 non
716 1504 743 1533 in
767 1504 891 1543 indignos
903 1505 960 1543 jam

220 1553 319 1582 sactum
337 1559 384 1581 est.
400 1553 486 1590 Atque
502 1551 537 1580 ab
551 1551 627 1580 initio
642 1550 753 1589 quidem
774 1557 961 1580 testamentum

221 1599 281 1628 fecit
296 1606 431 1637 tamquam
446 1599 524 1626 Pater
541 1597 567 1625 in
582 1597 670 1634 filios,
684 1596 728 1625 sed
745 1597 872 1635 quoniam
886 1597 960 1626 indi-

253 1686 263 1697 ι
280 1677 363 1710 [colb.
375 1697 380 1705 ,
396 1676 546 1701 testantibus
562 1674 700 1701 Benedict..
723 1676 752 1700 Α.
766 1676 793 1699 Β.
814 1675 937 1699 Commel.
955 1681 981 1700 et

636 163 672 185 JO
682 162 775 185 tNNts
801 161 980 184 Ctttu'sos'r.

1011 160 1029 181 A
1036 160 1166 182 uelutis».
1195 160 1257 182 CON
1263 160 1320 182 STA
1327 161 1448 185 ΝΤΙΝΟΡ
1455 177 1462 184 -

1023 232 1066 252 τος
1075 232 1080 237 ·
1093 222 1133 248 Οὐ
1142 220 1202 259 περὶ
1213 220 1317 248 πάντων
1333 222 1434 258 ἐρωτῶ,
1444 223 1511 251 ἀλλὰ
1523 224 1582 261 περὶ
1594 227 1645 253 τῶν
1657 226 1790 254 πιστευόν-

1023 277 1074 293 των
1094 264 1136 293 διὰ
1154 268 1198 293 τοῦ
1214 265 1291 303 λόγου
1308 267 1391 293 αὐτῶν
1407 267 1441 298 εἷς
1457 267 1513 304 ἐμέ.
1528 267 1561 296 ‘H
1580 270 1691 305 διαθήκη
1710 272 1789 299 πάλιν

1023 311 1055 339 τὰ
1074 311 1119 348 μὲν
1135 314 1180 339 τοῦ
1201 311 1352 348 διαθεμένου
1368 311 1438 350 ἔχει,
1452 312 1485 340 τὰ
1505 313 1530 342 δὲ
1551 315 1602 341 τῶν
1625 316 1772 354 δεχομένων
1785 330 1790 335 ·

1022 357 1090 386 ὥστε
1102 357 1135 386 τὰ
1152 357 1199 395 μὲν
1211 357 1302 390 αὐτοὺς
1322 358 1423 393 laem,
1435 358 1467 387 τὰ
1482 359 1509 387 δὲ
1522 362 1638 394 ποιῆσαι.
1652 361 1731 390 Οὕτω
1745 363 1790 392 καὶ

1021 404 1147 431 ἐνταῦθα·
1162 402 1228 441 μετὰ
1247 403 1298 441 γὰρ
1317 404 1346 431 τὸ
1367 404 1572 442 ἐπαγγείλασθαι
1596 405 1690 444 μυρία,
1704 409 1787 436 ἅπαι-

1021 454 1060 477 τεῐ
1080 449 1125 478 καὶ
1139 449 1172 478 τὰ
1186 450 1248 488 παρ’
1263 450 1363 484 αὐτῶν,
1378 449 1461 487 λέγων
1471 462 1477 466 ·
1492 450 1618 485 Ἐντολὴν
1639 451 1730 487 καινὴν
1746 453 1787 481 δι’-

1021 497 1090 533 δωμι
1102 495 1266 532 ὓμὶν.Πάλιν
1281 495 1378 534 ὀφείλει
1392 498 1407 530 ἡ
1427 495 1537 531 διαθήκη
1557 497 1691 535 μάρτυρας
1705 498 1786 537 ἔχειν·

1020 541 1064 569 καὶ
1086 541 1163 569 ἄκουε
1179 542 1257 569 αὐτοῦ
1277 541 1355 569 πάλιν
1374 542 1506 579 λέγοντος·
1519 542 1590 580 Ἐγώ
1611 545 1666 580 εἰμι
1680 546 1694 572 ὁ
1716 556 1786 583 μαρ-

1020 589 1103 625 τυρῶν
1131 587 1191 626 περὶ
1216 588 1347 624 ἐμαυτοῦ,
1370 587 1415 615 καὶ
1447 592 1574 627 μαρτυρεῖ
1598 589 1659 628 περὶ
1683 591 1747 627 ἐμοῦ
1770 592 1784 618 ὁ

1020 633 1125 672 πέμψας
1148 645 1180 670 με
1196 633 1304 671 Πατήρ·
1319 633 1364 661 καὶ
1381 633 1471 667 πάλιν,
1490 633 1606 666 Ἔζκεῖνος
1621 635 1786 674 μαρτυρήσει

1019 679 1079 718 περὶ
1102 681 1178 717 ἐμοῦ,
1198 679 1258 717 περὶ
1277 682 1322 708 τοῦ
1347 679 1524 717 Παρακλήτου
1541 679 1642 718 λέγων·
1660 682 1703 710 καὶ
1726 682 1786 715 τοὺς

1019 724 1120 754 δώδεκα
1133 725 1293 757 ἀποστόλους
1308 725 1446 754 ἀπέστειλε
1463 725 1556 764 λέγων,
1566 727 1786 767 Διαμαρτῦρασθε

1018 770 1128 799 ἐνώπιον
1151 773 1195 799 τοῦ
1218 772 1296 800 Θεοῦ.
1308 771 1361 799 Καὶ
1384 771 1426 800 διὰ
1446 771 1523 799 τοῦτο’
1542 784 1631 810 φησιν,
1651 773 1787 808 Διαθήκης

1019 818 1111 850 καινῆς
1138 816 1244 854 μεσίτης
1263 816 1328 844 ἐστί.
1343 816 1379 845 Τί
1402 819 1457 846 ἐστι
1479 817 1604 854 grecia-⁷253
1619 817 1654 847 ‘O
1678 818 1786 856 μεσίτης

1018 863 1064 890 οὐκ
1079 863 1117 891 ἔτι
1132 863 1186 890 ἐστὶ
1208 862 1295 900 κύριος
1309 864 1353 890 τοῦ
1372 862 1527 900 πράγματος
1541 858 1569 891 οἷ
1586 865 1640 891 ἐστι
1662 864 1771 901 μεσίτης
1781 887 1787 899 ,

1019 908 1078 937 ἀλλ’
1100 908 1186 947 ἕτερον
1209 907 1255 946 μὲν
1277 908 1307 936 τὸ
1333 913 1460 946 πρᾶγμα,
1473 907 1559 946 ἕτερος
1579 908 1606 937 δὲ
1631 911 1644 937 ὃ
1665 910 1786 946 μεσίτης·

1018 950 1080 988 οἷον,
1095 953 1203 992 μεσίτης
1216 954 1302 992 γάμου
1316 953 1431 992 γίνεται,
1446 955 1494 991 οὐχ
1508 956 1522 981 ὁ
1536 955 1638 991 γαμῶν,
1652 955 1709 983 ἀλλ’
1721 956 1734 982 ὁ
1748 956 1786 993 τῷ

1019 1000 1140 1038 μέλλοντι
1156 1000 1265 1037 ἄγεσθαι
1279 999 1466 1039 συμπράττων.
1478 998 1557 1027 Οὕτω
1569 998 1601 1034 δὴ
1618 999 1663 1028 καὶ
1675 1001 1786 1028 ἐνταῦθα

1019 1045 1127 1084 μεσίτης
1141 1048 1154 1074 ὃ
1173 1046 1237 1078 Υἱὸς
1254 1045 1356 1083 ἐγένετο
1375 1048 1420 1073 τοῦ
1443 1045 1547 1083 Πατρὸς
1565 1045 1610 1074 καὶ
1630 1047 1716 1083 ἡμῶν.
1728 1047 1787 1075 Οὔκ

1017 1092 1108 1127 ἤθελεν
1123 1094 1186 1129 ἡμῖν
1206 1092 1309 1130 ἀφεῖναι
1324 1093 1337 1119 ὁ
1357 1090 1452 1129 Πατὴρ
1466 1091 1514 1125 τὴν
1529 1091 1706 1130 κληρονομίαν
1720 1092 1784 1121 ταύ-

1018 1150 1075 1173 την,
1095 1138 1153 1166 ἀλλ’
1167 1137 1292 1176 ὠργίζετο
1312 1137 1377 1175 πρὸς
1397 1139 1480 1174 ἡμᾶς,
1496 1137 1540 1165 καὶ
1561 1137 1734 1176 ἐχαλέπαινεν
1751 1139 1787 1170 ὡς

1017 1184 1082 1223 πρὸς
1095 1182 1358 1222 ἀπηλλοτριωμένους
1366 1195 1372 1200 ·
1382 1183 1491 1220 μεσίτης
1502 1183 1586 1211 τοίνυν
1597 1183 1699 1221 ἐγένετο
1709 1185 1785 1221 ἡμῶν

1018 1230 1063 1258 καὶ
1084 1231 1161 1258 αὐτοῦ
1172 1251 1179 1264 ,
1196 1229 1240 1257 καὶ
1255 1229 1356 1257 ἔπεισεν
1371 1228 1459 1257 αὐτόν.
1479 1228 1530 1256 Καὶ
1545 1228 1593 1268 ὅρα
1607 1230 1663 1260 πῶς
1678 1229 1787 1266 μεσίτης

1019 1276 1133 1314 ἐγένετο·
1153 1275 1244 1313 λόγους
1267 1274 1388 1311 ἀπήγαγε
1409 1274 1454 1302 καὶ
1476 1274 1572 1312 ἤγαγε,
1589 1272 1622 1301 τὰ
1645 1273 1720 1313 παρὰ
1741 1279 1789 1304 τοῦ

1018 1321 1122 1360 Πατρὸς
1136 1323 1199 1358 ἡμῖν
1216 1319 1425 1358 διαπορθμεύων,
1437 1319 1481 1348 καὶ
1493 1320 1536 1348 τὸν
1550 1319 1660 1348 θάνατον
1674 1331 1787 1359 προστι-

1018 1368 1082 1400 θείς·
1103 1366 1343 1406 προσκεκρουκότες
1361 1361 1440 1403 ἦμεν,
1461 1367 1605 1395 ἀποθανεῖν
1624 1366 1786 1406 ὠφείλομεν·

1018 1413 1145 1443 ἀπέθανεν
1161 1411 1226 1451 ὑπὲρ
1242 1414 1327 1450 ἡμῶν,
1341 1412 1386 1440 καὶ
1406 1411 1526 1446 ἐποίησεν
1547 1415 1618 1450 ἡμᾶς
1639 1411 1723 1446 ἀξίους
1738 1415 1786 1448 τῆς

1017 1459 1152 1493 διαθήκης.
1171 1460 1182 1472 ³
1193 1456 1286 1496 Ταύτῃ
1301 1468 1341 1486 τοι
1357 1457 1401 1485 καὶ
1417 1457 1512 1495 βεὸαία
1527 1457 1596 1486 ἐστὶν
1616 1460 1632 1493 ἡ
1654 1458 1783 1496 διαθήκη,

1015 1505 1032 1539 ἢ
1048 1506 1094 1533 οὐκ
1110 1506 1146 1537 εἷς
1167 1503 1285 1536 ἀναξίους
1301 1503 1392 1532 λοιπὸν
1405 1503 1504 1542 γέγονε.
1518 1503 1599 1542 Παρὰ
1616 1503 1664 1541 μὲν
1681 1500 1723 1533 oliv
1736 1503 1783 1540 τὴν

1015 1550 1110 1590 ἀρχὴν,
1127 1550 1172 1578 ἅτε
1190 1551 1225 1582 ὡς
1243 1549 1339 1588 Πατὴρ
1359 1549 1423 1588 πρὸς
1440 1548 1508 1581 υἱοὺς
1521 1549 1631 1578 διέθετο·
1645 1549 1736 1586 ἐπειδὴ
1756 1549 1784 1579 δὲ

1017 1596 1117 1630 ἀνάξιοι
1130 1595 1286 1635 γεγόναμεν,
1301 1595 1388 1624 οὐκέτι
1412 1595 1554 1632 διαθήκης,
1569 1595 1637 1625 ἀλλὰ
1657 1596 1786 1637 τιμωρίας

1028 1678 1124 1707 βεέαία,
1132 1673 1201 1706 quod
1211 1680 1343 1705 perperam
1352 1672 1513 1705 praetulerant
1524 1671 1702 1706 Benedictini.]

221 1725 302 1749 marg.
311 1716 400 1746 savit,
409 1725 496 1740 omnes
507 1715 577 1740 unius
590 1714 685 1739 codicis
697 1716 776 1739 instar
786 1713 910 1744 habendi,
922 1717 979 1743 αὕτη

643 1807 817 1836 MUTIANO
835 1806 1088 1836 SCHOLASTICO
1114 1805 1365 1835 INTERPRETE.

222 1899 258 1927 de
273 1899 405 1927 omnibus
420 1907 500 1936 rogo,
519 1897 570 1925 sed
582 1907 635 1935 pro
650 1897 832 1924 credentibus
844 1906 896 1934 per
914 1897 1037 1924 verbum
1051 1906 1150 1924 eorum
1165 1897 1196 1923 in
1210 1906 1266 1923 me.
1280 1896 1380 1923 Iterum
1393 1901 1579 1923 testamentum
1593 1894 1716 1933 quaedam
1731 1895 1783 1924 ha-

219 1947 264 1975 het
284 1945 429 1981 testatoris,
445 1944 566 1983 quaedam
587 1954 680 1972 eorum
701 1944 747 1982 qui
770 1943 934 1982 suscipiunt,
949 1944 986 1972 ita
1002 1951 1032 1972 ut
1047 1943 1170 1982 quaedam
1185 1943 1346 1982 suscipiant,
1368 1943 1491 1981 quiedam
1506 1943 1614 1971 faciant.
1634 1942 1679 1972 Sic
1701 1943 1781 1972 etiam

220 1994 265 2023 hic
278 2005 284 2021 ε
300 1999 442 2033 postquam
455 1991 526 2020 enim
538 1990 661 2030 promisit
671 1990 763 2018 decem
775 1990 859 2019 millia
871 1990 956 2027 bona,
971 1990 1059 2029 exegit
1073 1996 1098 2018 et
1112 1990 1147 2019 ab
1159 1990 1197 2018 eis
1208 1989 1299 2018 dicens
1312 2001 1318 2016 :
1332 1990 1510 2018 Mandatum
1525 1999 1630 2018 novum
1641 1991 1678 2018 do
1689 1992 1782 2018 vobis.

221 2043 322 2071 Iterum
336 2047 414 2069 testes
430 2039 508 2067 debet
525 2038 624 2067 habere
636 2044 834 2066 testamentum.
854 2037 968 2066 Adverte
983 2037 1061 2065 illum
1076 2037 1174 2066 iterum
1188 2037 1322 2066 dicentem
1336 2049 1342 2064 :
1358 2038 1423 2076 Ego
1436 2047 1499 2065 sum
1515 2038 1566 2074 qm·
1586 2039 1782 2065 testimonium

221 2089 358 2127 perhibeo
377 2088 412 2115 de
429 2087 606 2124 memetipse,
628 2092 655 2113 et
677 2087 872 2114 testimonium
891 2086 1022 2123 perhibet
1038 2085 1073 2112 de
1087 2095 1132 2113 me
1161 2087 1212 2124 qui
1231 2095 1276 2112 me
1295 2086 1390 2117 misit;
1406 2091 1431 2112 et
1451 2084 1565 2119 iterum,
1582 2084 1640 2112 Ille
1655 2086 1782 2113 testimo-

222 2137 303 2163 nium
320 2134 451 2173 perhibet
466 2133 501 2160 de
516 2142 570 2166 me,
587 2131 620 2159 de
641 2130 780 2159 Paracleto
800 2130 891 2159 dicens
907 2143 912 2158 :
930 2137 955 2158 et
969 2130 1111 2159 duodecim
1132 2131 1266 2170 apostolos
1287 2130 1371 2168 misit,
1388 2130 1479 2158 dicens
1495 2143 1500 2158 :
1526 2131 1736 2170 Testificamini
1751 2132 1783 2159 in

219 2187 373 2220 conspectu
397 2180 462 2208 Dei.
477 2178 513 2207 Et
527 2185 667 2217 propterea
683 2177 782 2216 inquit,
805 2179 982 2206 Testamenti
999 2180 1067 2206 novi
1087 2179 1230 2206 mediator
1244 2184 1295 2206 est.
1312 2177 1384 2212 Quid
1405 2184 1443 2206 est
1458 2178 1629 2205 fllediator?
1650 2177 1785 2206 Mcdjator

220 2229 291 2257 enim
305 2239 358 2257 non
371 2234 410 2256 est
423 2226 548 2256 dominus
565 2225 603 2254 rei
618 2226 695 2264 cujus
709 2231 747 2253 est
762 2225 903 2259 mediator,
923 2225 968 2253 sed
992 2232 1016 2254 et
1037 2226 1088 2254 alia
1106 2225 1214 2264 quidem
1230 2236 1282 2259 res,
1299 2225 1367 2253 alter
1381 2232 1419 2253 est
1434 2224 1565 2253 mediator
1578 2237 1584 2252 :
1598 2231 1708 2264 utputa,
1724 2236 1785 2253 me·

221 2275 310 2303 diator
324 2274 479 2313 nuptiarum
495 2273 535 2309 fit,
551 2283 603 2300 non
618 2272 665 2310 qui
681 2271 788 2310 nuptias
804 2271 884 2308 facit,
901 2271 946 2300 sed
962 2271 1096 2310 adjuvans
1111 2282 1171 2299 eum
1187 2271 1234 2310 qui
1249 2272 1367 2299 facturus
1381 2278 1429 2300 est.
1444 2271 1489 2299 Sic
1504 2271 1583 2299 etiam
1597 2271 1643 2299 hic
1657 2271 1787 2300 mediator

222 2322 308 2351 Filius
324 2322 408 2350 factus
422 2328 462 2350 est
483 2320 587 2358 Patris,
607 2326 633 2348 et
657 2325 754 2347 noster.
772 2319 885 2347 Nolebat
901 2319 978 2348 nobis
1001 2319 1134 2348 dimittere
1148 2320 1227 2348 Pater
1242 2319 1418 2347 hereditatem
1439 2319 1536 2353 istam,
1554 2318 1600 2347 sed
1623 2318 1786 2347 irascebatur

223 2369 299 2398 uobis
317 2376 343 2398 et
359 2368 551 2407 indignabatur
574 2374 710 2405 tamquam
732 2365 887 2394 abalienatis
906 2379 912 2394 :
930 2366 1061 2395 mediator
1079 2373 1168 2395 autem
1185 2367 1270 2395 factus
1292 2373 1330 2395 est
1349 2373 1438 2395 noster
1451 2372 1477 2394 et
1498 2365 1601 2401 Patris,
1614 2373 1639 2394 et
1654 2365 1785 2404 persuasit

222 2417 275 2444 itti.
299 2416 332 2445 Et
347 2416 414 2454 quid
434 2416 537 2454 igitur?
560 2414 695 2453 quomodo
712 2413 844 2442 mediator
867 2415 952 2443 factus
972 2416 1030 2444 est?
1048 2416 1188 2444 Sermones
1211 2415 1329 2451 detulit,
1345 2422 1371 2443 et
1395 2415 1487 2443 attulit
1503 2414 1580 2443 nobis
1595 2425 1610 2442 a
1632 2415 1711 2443 Patre
1734 2425 1783 2453 per

225 2469 416 2492 transvectores
430 2475 436 2490 2
451 2462 527 2491 addit
546 2462 627 2490 etiam
645 2468 766 2491 mortem.
781 2462 813 2489 ln
825 2462 970 2491 ofsensione
982 2463 1083 2502 quippe
1097 2474 1211 2498 eramus,
1225 2462 1293 2491 mori
1309 2473 1356 2491 nos
1370 2462 1509 2502 oportebat
1523 2474 1529 2489 ε
1544 2468 1666 2489 mortuus
1680 2467 1718 2489 est
1733 2471 1782 2499 pro

223 2509 311 2544 nobis,
327 2517 352 2538 ct
366 2511 426 2539 [ecit
440 2521 487 2539 nos
501 2510 597 2548 dignos
613 2509 770 2538 testamenti.
797 2509 853 2537 Hoc
869 2510 947 2538 modo
969 2511 1077 2539 firmum
1101 2511 1200 2538 factum
1215 2517 1253 2538 est
1269 2517 1454 2538 testamentum
1470 2520 1516 2537 :ac
1535 2519 1586 2537 non
1607 2508 1633 2536 iu
1654 2508 1780 2546 indignos

219 2557 276 2595 jam
290 2556 397 2585 sactum.
415 2557 444 2584 ln
460 2557 516 2595 ipso
531 2557 639 2595 quidem
652 2556 726 2586 initio
743 2563 832 2596 utpote
850 2557 927 2586 Pater
942 2557 967 2585 in
984 2557 1054 2586 filios
1068 2564 1176 2586 testatus
1191 2564 1227 2586 est
1241 2570 1248 2593 ς
1266 2556 1310 2585 scd
1322 2557 1383 2595 quia
1401 2555 1504 2594 indigui
1521 2555 1581 2584 faeti
1598 2566 1705 2590 sumus,
1725 2565 1776 2583 non
