1886 2846
88 513 227 541 1101›1.5.14.

242 203 287 238 56
581 218 609 239 s.

243 277 457 316 iuquit7angelis
468 278 588 317 subjecit
599 280 695 307 orbem.
706 285 788 307 terrce
802 280 932 315 futurum
942 278 976 304 de

242 334 298 362 quo
305 324 461 362 loquimur.
470 324 612 362 Numquid
622 324 655 352 de
666 325 755 362 aliquo
764 325 817 353 alio
825 324 889 352 orbe
902 330 976 351 terra:

241 369 380 408 loquitur?
397 370 467 398 Fieri
483 381 533 399 nou
549 378 645 409 potest,
658 371 703 399 sed
714 371 747 399 de
761 372 820 399 lioc.
836 371 977 407 Propterea

241 418 310 445 enim
322 417 436 453 addidit,
449 419 494 446 De
509 428 565 457 qno
576 419 730 457 loquimur,
741 429 773 446 ne
782 418 849 445 siuat
864 422 977 443 mentem

241 462 407 491 aberrantem
425 464 509 492 alium
531 475 655 501 quaerere.
674 462 815 499 Quomodo
834 471 896 498 ergo
916 470 976 488 eum

241 508 306 537 dicit
320 510 442 538 futurum
457 510 470 538 Ρ
491 510 566 538 Sicut
588 510 666 537 ctiam
690 509 756 536 dicit
770 507 835 535 alibi
848 529 854 539 ,
869 507 924 543 Qui
935 512 979 534 est

637 218 717 240 JosN
724 219 740 240 N
748 218 774 241 is
801 218 863 240 CHR
869 218 980 239 YSOST.

232 554 336 593 figura
356 556 469 593 futuri,
484 555 517 583 de
542 554 644 582 Adamo
665 553 754 581 dicens
776 558 801 579 ct
824 551 930 579 Christo
951 550 977 578 in

242 600 361 639 Epistola
378 600 413 628 ad
430 601 579 633 Romanos,
595 599 686 626 habita
707 597 807 624 ratione
826 602 978 634 temporum

243 645 339 673 Adami
373 646 492 673 futurum
524 655 620 673 vocaus
655 643 794 671 Christum
827 641 975 670 secundum

239 702 345 720 carnem
370 704 375 718 :
401 698 456 719 crat
470 691 539 718 enim
552 690 657 717 futurus
677 700 682 715 t
704 688 739 715 ita
760 698 830 716 nunc
848 698 975 725 quoque,

240 737 365 774 quoniam
381 737 467 771 dixit,
485 737 524 763 Et
543 745 608 762 cum
623 736 725 762 iterum
741 734 899 761 introducit
912 734 977 761 Pri-

239 785 413 822 umgenitum
437 784 468 808 in
493 782 588 808 orbem
616 786 699 808 terroe
714 791 725 812 ,·
752 790 784 807 ne
811 779 978 808 existimares

239 841 297 858 eum
313 829 400 858 dicere
414 828 497 856 alium
512 827 604 855 orbem
619 834 704 863 terrae,
721 838 755 855 ex
766 827 859 855 multis
872 827 901 855 id
914 837 977 866 pro-

237 876 282 903 bat
291 898 299 911 ,
317 882 341 903 et
354 886 386 903 ex
399 885 428 903 eo
443 873 515 912 quod
530 873 629 902 dixerit
642 874 731 912 ipsum
744 874 865 901 futurum
877 884 883 900 ι
898 873 976 901 futu-

237 932 282 948 rus
296 921 364 949 enim
376 927 431 948 crat
443 919 514 948 orbis
526 926 619 956 terrae3
636 919 722 947 Filius
736 926 825 947 autem
839 918 891 947 Dei
907 929 974 947 sem-

235 976 282 1005 per
293 966 353 994 suit.
369 966 447 994 Hunc
459 976 522 1003 ergo
533 966 579 1003 qui
594 972 650 993 erat
660 965 780 1002 futurus,
797 975 848 993 non
861 964 974 1002 subjecit

235 1012 345 1050 angelis,
363 1011 409 1039 sed
424 1011 540 1039 Christo.
556 1011 637 1045 Quod
656 1018 745 1039 autem
764 1010 799 1038 ad
812 1010 913 1038 Filium
929 1010 976 1038 di-

236 1064 308 1085 ctum
324 1057 373 1093 sit,
387 1063 424 1085 est
439 1057 610 1085 manifestum
628 1068 634 1083 ε
649 1067 711 1084 nam
724 1066 808 1094 neque
821 1055 890 1083 illud
902 1055 976 1093 quis-

235 1100 306 1139 piam
319 1100 430 1137 dixerit,
442 1099 515 1138 quod
528 1099 631 1128 dictum
642 1099 677 1128 sit
688 1099 723 1127 ad
738 1099 855 1137 angelos.
871 1099 976 1128 Deinde

235 1146 315 1175 etiam
339 1146 453 1174 alterum
473 1145 583 1173 adducit
609 1145 791 1173 testimonium
806 1168 812 1179 ‚
835 1152 860 1173 et
885 1145 951 1173 dicit
968 1157 974 1172 z

239 1193 372 1220 Testatus
379 1197 421 1219 est
428 1197 524 1219 autem
536 1193 565 1218 in
574 1192 701 1229 quodam
709 1190 772 1218 loco
783 1192 857 1228 quis,
867 1191 973 1220 dicens.

236 1237 292 1265 Cur
306 1247 356 1265 non
372 1236 443 1264 dixit
458 1247 553 1264 nomen
567 1236 705 1275 prophetae
719 1258 727 1271 ,
741 1235 787 1263 scd
802 1236 947 1264 occultavit
962 1236 975 1264 Ρ

235 1283 291 1312 Hoc
301 1289 389 1311 autem
402 1283 464 1310 facit
476 1283 556 1310 etiam
568 1282 594 1310 in
607 1282 667 1310 aliis
678 1282 845 1317 testimoniis,
854 1289 883 1309 ut
892 1292 974 1320 quan-

236 1328 271 1357 do
282 1328 348 1357 dicit
362 1340 368 1355 :
385 1329 456 1356 Cum
467 1335 564 1357 aretem
576 1330 680 1356 iterum
692 1329 850 1356 introducit
860 1330 974 1356 Primo-

238 1376 362 1402 cenicum
375 1376 406 1402 in
414 1385 446 1402 or
449 1376 509 1402 bem
522 1380 615 1411 terrae,
628 1375 711 1410 dicit,
723 1375 762 1401 Et
776 1374 897 1401 adorent
908 1384 972 1401 eum

235 1396 251 1413 υ

237 1430 335 1448 omnes
360 1421 459 1459 angeli
477 1421 557 1453 Dei;
572 1426 597 1447 et
620 1430 728 1456 1u1sus‚
746 1421 808 1458 Ego
830 1430 878 1447 ero
899 1422 925 1448 ei
946 1422 998 1473 inl⁴

1012 216 1028 237 A
1036 216 1165 238 RCHIEP.
1194 216 1460 241 CONSTANTINOP-

1031 279 1107 305 τοῦτο
1131 277 1291 316 προσέθηκε,
1316 279 1382 317 Περὶ
1401 283 1432 314 ἧς
1456 281 1570 318 λαλοῧμε
1562 292 1600 315 εν,
1618 280 1659 308 ἱνα
1682 281 1718 317 μὴ
1742 281 1795 319 ἀφῇ·

1031 322 1073 349 τὸν
1097 324 1155 350 νοῦν
1179 322 1345 357 πλανηθέντα
1369 325 1458 364 ἑτέραν
1485 326 1544 355 τινὰ
1568 327 1709 360 ἐπιζητεῖν
1733 327 1797 357 Πως

1031 378 1074 394 ουν
1099 366 1179 401 αυτὴν
1210 368 1356 405 μέλλουσαν
1381 371 1468 406 καλεῖ,
1488 370 1595 410 ”Ωσπερ
1620 384 1665 400 και
1690 371 1797 409 ἑτέρωθί

1032 424 1124 450 φησιν,
1147 413 1197 446 ’ος
1223 415 1279 442 ἐστι
1300 415 1379 448 τύπος
1401 419 1446 444 τοῦ
1473 416 1628 454 μέλλοντος,
1659 417 1720 455 περὶ
1750 429 1795 446 το.)

1032 458 1115 496 Ἀδὰμ
1130 459 1174 487 καὶ
1190 463 1235 488 τοῦ
1248 461 1362 500 Χριστοῦ
1374 461 1456 500 λέγων
1478 464 1503 490 ἐν
1523 465 1554 501 τῇ
1570 463 1634 503 πρὸς
1645 462 1796 500 (Ρωμαιόυς

1031 505 1173 543 ἐπιστολῇ,
1199 506 1263 543 πρὸς
1285 506 1343 538 τοὺς
1366 506 1473 545 χρόνους
1496 512 1541 537 τοῦ
1563 509 1647 546 Ἀδὰμ
1667 509 1795 546 μέλλοντα

1030 549 1073 578 τὸν
1088 551 1156 579 κατὰ
1177 551 1263 590 σάρκα
1280 552 1394 590 Χριστὸν
1407 554 1494 581 καλῶν
1508 553 1566 589 (καὶ
1585 554 1636 593 γὰρ
1651 554 1776 592 ἔμελλεν)
1788 564 1794 570 ·

1031 597 1098 625 οὕτω
1123 597 1167 625 καὶ
1181 600 1238 633 νῦν,
1258 598 1348 633 ἐπειδὴ
1368 594 1452 634 εἶπεν,
1467 600 1528 628 ὃταν
1552 600 1578 628 δὲ
1602 601 1729 639 εἰσαγάγῃ
1751 601 1794 629 τὸν

1030 642 1194 682 πρωτότοκον
1228 645 1263 675 εἷς
1286 643 1332 679 τὴν
1357 644 1527 682 οἰκουμένην,
1552 645 1594 673 ἵνα
1619 645 1656 682 μὴ
1687 645 1795 684 νομίσῃς

1031 688 1120 726 ἑτέραν
1145 689 1298 726 οἰκουμένην
1329 689 1414 728 λέγειν
1437 690 1514 718 αὐτὸν
1528 713 1535 726 ,
1556 691 1717 730 πολλαχόθεν
1745 692 1792 729 μὲν

1032 734 1094 762 αὐτὸ
1109 734 1153 762 καὶ
1176 735 1283 763 ἄλλοθεν
1307 736 1457 773 &omnm
1467 759 1474 771 ,
1489 736 1534 764 καὶ
1548 738 1594 765 ἀπ’
1610 739 1688 766 αὐτοῦ
1708 737 1735 766 δὲ
1749 740 1794 766 τοῦ

1032 780 1114 808 εἰπεῖν
1136 780 1216 815 αὐτὴν
1243 781 1388 818 μέλλουσαν
1402 793 1407 798 ·
1424 781 1517 819 ἔμελλε
1537 782 1588 821 γὰρ
1602 785 1618 817 ἡ
1637 783 1775 820 οἰκουμένη
1787 794 1794 800 ·

1031 827 1044 853 ὁ
1058 826 1118 857 Υἱὸς
1139 828 1183 853 τοῦ
1201 827 1269 854 Θεοῦ
1284 822 1315 860 ἦν
1333 826 1382 855 ἀεί,
1398 826 1504 861 Ταύτην
1520 823 1562 856 οὖν
1579 827 1626 863 τὴν
1649 828 1795 865 μέλλουσαν

1031 870 1135 899 ἔσεσθαι
1157 872 1203 899 οὐκ
1225 871 1344 909 ἀγγέλοις
1366 871 1505 906 ὑπέταξεν,
1528 872 1596 901 ἀλλὰ
1619 875 1657 912 τῷ
1677 874 1794 912 Χριστῷ.

1029 916 1095 946 ςὈτι
1115 917 1141 945 δὲ
1156 917 1220 955 πρὸς
1240 917 1282 945 τὸν
1302 917 1365 945 Υῖον
1389 917 1506 956 εἴρηται,
1522 919 1603 956 φησὶ,
1619 919 1696 952 δῆλον
1708 931 1714 937 ·
1737 919 1794 949 οὐδὲ

1030 963 1081 1001 γὰρ
1095 964 1177 992 ἐκεῖνο
1191 962 1221 990 ἄν
1241 974 1279 995 τις
1292 962 1373 996 εἴποι,
1387 962 1426 990 δ’τι
1439 963 1504 1002 πρὸς
1517 963 1650 1001 ἀγγέλους.
1666 959 1731 992 Εἶτα
1750 964 1795 993 καὶ

1030 1008 1121 1047 ἑτέραν
1134 1008 1249 1047 παράγει
1264 1008 1408 1047 μαρτυρίαν
1418 1031 1426 1044 ,
1441 1008 1486 1037 καί
1501 1021 1564 1047 φησι
1576 1020 1582 1026 ·
1595 1009 1796 1048 Διεμαρτύρατο

1031 1054 1058 1082 δέ
1071 1054 1119 1082 πού
1133 1065 1186 1089 τις,
1199 1053 1290 1092 λέγων.
1307 1053 1357 1082 Διὰ
1373 1054 1398 1082 τί
1411 1054 1446 1092 μὴ
1462 1055 1491 1083 τὸ
1505 1055 1586 1093 ὄνομα
1600 1058 1645 1084 τοῦ
1660 1056 1794 1095 προφήτου

1030 1095 1117 1134 εἶπεν,
1133 1100 1189 1127 ἀλλ’
1207 1099 1317 1138 ἔκρυψεν
1335 1099 1414 1135 αὖτό;
1439 1100 1490 1128 Καὶ
1512 1102 1538 1129 ἐν
1560 1101 1659 1139 ἑτέραις
1673 1101 1700 1130 δὲ
1722 1112 1794 1139 μαρ-

1029 1145 1128 1183 τυρίαις
1149 1147 1225 1173 τοῦτο
1241 1149 1327 1173 ποιεῖ·
1348 1147 1382 1177 ὡς
1397 1145 1457 1173 ὅταν
1476 1145 1555 1184 λέγῃ,
1568 1145 1655 1175 ”Οταν
1673 1146 1700 1176 δὲ
1715 1147 1795 1176 πάλιν

1030 1192 1158 1231 εἰσαγάγῃ
1175 1191 1218 1219 τὸν
1234 1190 1400 1229 πρωτότοκον
1419 1192 1454 1223 εἷς
1468 1191 1516 1227 τὴν
1531 1192 1698 1230 οἰκουμένην,
1714 1193 1794 1232 λέγει,

1030 1237 1074 1265 καὶ
1099 1236 1356 1275 προσκυνησάτωσαν
1379 1237 1449 1274 αὐτῷ
1470 1235 1564 1268 πάντες
1586 1236 1692 1274 ἄγγελοι
1706 1237 1794 1265 Θεοῦ·

1030 1282 1074 1310 καὶ
1092 1283 1184 1317 πάλιν,
1200 1280 1272 1319 Ἐγὼ
1287 1281 1380 1318 ἔσομαι
1394 1282 1465 1319 αὐτῷ
1479 1282 1514 1312 εἷς
1527 1280 1646 1319 Πατέρα.
1659 1281 1711 1309 Καὶ
1731 1281 1795 1319 πρὸς

1031 1328 1077 1365 μὲν
1100 1328 1159 1360 τοὺς
1179 1328 1302 1365 ἀγγέλους
1314 1327 1399 1364 λέγει,
1413 1329 1426 1354 ὁ
1439 1328 1520 1355 ποιῶν
1535 1326 1594 1358 τοὺς
1609 1326 1734 1365 ἀγγέλους
1749 1328 1796 1355 αὖν

1029 1386 1073 1403 του
1089 1374 1243 1412 πνεύματα·
1258 1385 1321 1412 προς
1340 1372 1365 1400 οὲ
1386 1372 1428 1400 τὸν
1443 1372 1485 1400 Υ
1470 1384 1519 1406 ιον,
1538 1372 1582 1400 καὶ
1599 1372 1735 1411 καταρχὰς
1749 1373 1794 1408 συ,

1001 1420 1126 1471 0Κίἷιριε,
1150 1419 1197 1454 τὴν
1221 1422 1269 1457 γῆν
1297 1420 1372 1456 εθεμε
1374 1417 1480 1450 λίωσας.
1505 1417 1585 1446 Ούτω
1611 1417 1656 1446 καὶ
1684 1417 1795 1447 ἐνταῦθά

237 1466 366 1493 Patrem.
379 1467 417 1493 Et
435 1466 474 1493 ad
491 1466 610 1503 angelos
622 1466 739 1503 quidem
754 1466 846 1493 dicit:
864 1466 920 1503 Qui
930 1466 976 1503 fa·
989 1454 1012 1504 ἒξ
1030 1477 1109 1504 φησι,
1131 1466 1177 1493 Διε
1168 1464 1332 1502 πιαρτύρατο
1351 1463 1379 1491 δέ
1399 1463 1449 1491 πού
1470 1475 1525 1498 τις,
1540 1463 1633 1500 λέγων.
1649 1464 1781 1493 ³T0ur0
1767 1464 1793 1492 οὲ

237 1512 276 1539 cit
291 1511 408 1549 angelos
422 1521 487 1539 suos
503 1513 644 1549 spiritus:
659 1511 699 1539 ad
715 1511 824 1539 Filium
839 1522 921 1547 ver-‚o
935 1513 976 1539 Et

238 1562 268 1584 tu
281 1559 311 1584 in
323 1559 476 1595 principio,
497 1558 638 1591 Domine,
653 1557 918 1595 terramsundasci.
936 1557 976 1585 Ita

237 1601 282 1631 hic
295 1613 412 1641 quoque3
428 1604 560 1631 Testatus
571 1609 613 1631 est
622 1609 719 1630 autem
732 1605 762 1630 in
772 1603 898 1641 quodam
912 1603 974 1631 loco

271 1713 281 1724 ι
298 1706 344 1729 Hic
355 1704 428 1729 Colb.
442 1705 555 1729 ordinem
567 1711 664 1736 mutat,
677 1704 794 1737 dictaque
808 1705 943 1736 transsert3
957 1704 990 1729 ita

239 1750 322 1768 tamen
337 1750 362 1767 ut
375 1745 459 1767 omnia
473 1743 561 1767 eodem
579 1743 691 1767 redeant.
712 1744 750 1775 [Α.
774 1745 803 1768 B.
824 1744 947 1769 Commel.
967 1750 992 1768 et

239 1791 318 1815 marg.
332 1781 409 1806 Savil.
424 1786 460 1808 καὶ
472 1786 538 1808 τοῦτο
551 1785 605 1808 αὐτὸ
617 1784 679 1815 οἶμαι
693 1785 829 1817 κρύπτοντος
841 1786 908 1809 αὐτὸν
921 1785 974 1808 εἶναι
985 1804 990 1814 ,

1031 1511 1093 1540 αὐτὸ
1108 1514 1195 1548 οἶμαι,
1210 1522 1239 1539 το
1253 1510 1352 1549 κρύπτε
1357 1521 1378 1538 ιν
1393 1521 1436 1537 και
1450 1508 1486 1546 μὴ
1501 1509 1599 1538 τιθέναι
1613 1509 1656 1538 τὸν
1669 1509 1794 1548 εἰρηκότα

1029 1556 1076 1591 τὴν
1094 1556 1253 1596 μαρτυρίαν
1271 1557 1328 1584 ἀλλ’
1342 1557 1377 1588 ὡς
1391 1554 1599 1594 περιφερομένην
1620 1567 1664 1584 και
1679 1555 1795 1589 καταδη-

1029 1604 1072 1631 λον
1089 1605 1166 1631 οὖσαν
1191 1601 1317 1640 εἷσαγειν,
1332 1600 1475 1632 δεικνύντος
1495 1600 1565 1629 ἐστὶν
1587 1600 1679 1633 αὐτους
1695 1600 1793 1639 σφόδρα

1041 1709 1078 1731 καὶ
1090 1707 1199 1731 {simeron
1211 1706 1289 1733 αὐτοὺς
1305 1707 1389 1740 σρὸδρα
1402 1708 1521 1739 ἐμπείρους
1533 1706 1586 1730 εἶναι
1605 1711 1649 1730 τῶν
1661 1711 1751 1738 γραφῶν
1763 1711 1794 1737 τῷ

1041 1749 1074 1776 μὴ
1087 1748 1169 1769 τιθέναι
1182 1748 1218 1770 τον
1230 1743 1282 1777 εἰς]

658 1887 832 1916 ML‘TIANO
848 1887 1100 1916 SCHOLASTICO
1123 1887 1156 1917 ΙΝ
1162 1887 1370 1916 TERPRETE.

237 1977 382 2015 futurum,
396 1977 432 2004 de
448 1987 504 2015 quo
515 1976 667 2015 loquimur.
681 1976 883 2015 Numquidnam
895 1977 928 2006 de
938 1978 1021 2006 altero
1033 1978 1121 2016 aliquo
1136 1977 1199 2006 orbe
1211 1977 1350 2016 disputat?
1362 1977 1421 2006 Non
1434 1976 1470 2005 ita
1481 1983 1529 2012 est,
1540 1976 1588 2006 sed
1600 1976 1633 2006 de
1644 1977 1695 2006 hoc
1710 1990 1716 2006 ε
1732 1989 1792 2018 pro-

239 2030 297 2062 pter
307 2023 357 2052 hoc
371 2023 451 2052 etiam
464 2023 578 2059 addidit,
589 2025 633 2052 De
647 2035 703 2063 quo
719 2025 873 2063 loquimur,
885 2036 918 2054 ne
933 2032 1047 2054 mentem
1061 2024 1193 2054 auditoris
1206 2035 1293 2053 errare
1308 2025 1483 2062 relinqueret,
1498 2024 1564 2053 dum
1577 2025 1647 2054 alius
1660 2036 1794 2064 quaerere-

238 2077 282 2099 tur
294 2070 375 2099 orbis.
383 2070 525 2105 Quomodo
537 2081 598 2109 ergo
611 2082 670 2099 eum
681 2072 802 2100 futurum
813 2073 913 2101 vocat?
924 2072 1000 2101 Sicut
1011 2073 1081 2100 enim
1093 2079 1118 2100 ct
1129 2072 1195 2100 alibi
1205 2071 1291 2107 dixit,
1305 2072 1361 2109 Qui
1371 2072 1526 2110 estforma
1535 2072 1650 2110 futuri,·
1661 2072 1695 2100 de
1709 2071 1794 2101 Adam

238 2124 263 2146 et
275 2117 382 2146 Christo
396 2117 504 2156 loquens
519 2118 544 2146 in
557 2117 677 2156 Epistola
692 2118 725 2146 ad
741 2120 884 2157 Romanos,
898 2126 1019 2159 respectu
1031 2126 1182 2158 temporum
1193 2118 1280 2147 Adam
1289 2118 1412 2146 futurum
1424 2117 1570 2146 secundum
1580 2128 1685 2146 carnem
1697 2129 1795 2148 vocans

238 2165 391 2201 Christum3
405 2165 502 2193 etenim
516 2165 622 2193 futurus
636 2172 692 2193 erat
704 2177 709 2192 τ
728 2165 765 2194 sic
780 2166 859 2194 etiam
874 2178 955 2201 nunc,
969 2166 1097 2205 quoniam
1111 2165 1199 2202 duxit,
1214 2165 1340 2204 Quando
1359 2171 1455 2193 autem
1471 2165 1628 2193 introducit
1640 2166 1794 2205 Primoge-

237 2214 329 2240 nitum
341 2214 372 2240 in
383 2213 478 2240 orbem
490 2218 650 2245 terrarum;
665 2222 697 2240 ne
711 2219 817 2251 putares
828 2214 911 2242 alium
923 2215 1015 2242 orbem
1027 2224 1087 2242 eum
1102 2212 1199 2248 dicere,
1212 2223 1247 2241 ex
1261 2211 1353 2240 multis
1366 2211 1416 2239 hoc
1428 2211 1570 2240 confirmat
1581 2234 1590 2246 ‚
1605 2222 1635 2240 eo
1649 2212 1708 2251 ipso
1719 2213 1794 2250 quod

238 2258 304 2287 dicit
319 2259 440 2287 futurum
454 2271 460 2289 :
474 2259 579 2287 futurus
590 2259 689 2298 quippe
706 2266 761 2287 erat
772 2260 853 2297 orbis,
868 2261 952 2289 Filius
962 2268 1051 2290 autem
1062 2260 1112 2289 Dei
1124 2270 1227 2299 semper
1242 2266 1307 2287 eran
1323 2260 1400 2288 Hune
1419 2269 1482 2297 ergo
1496 2258 1589 2287 orbem
1605 2259 1727 2287 futurum
1742 2269 1794 2288 non

237 2305 340 2344 angelis
355 2304 491 2342 subdidit,
506 2305 550 2333 sed
567 2305 682 2334 Christo.
695 2305 834 2343 Siquidem
849 2306 883 2334 ad
897 2307 996 2335 Filium
1014 2307 1117 2334 dictum
1130 2316 1195 2342 esse,
1209 2304 1305 2343 inquit,
1322 2304 1492 2333 manifestum
1507 2311 1546 2332 est
1560 2315 1632 2332 :non
1646 2304 1716 2333 enim
1734 2304 1796 2343 quis

236 2353 336 2382 dixerit
349 2352 477 2391 quoniam
491 2352 525 2380 ab
537 2352 637 2391 angelis
650 2352 753 2381 dictum
767 2359 815 2381 est.
829 2353 933 2381 Deinde
948 2353 1024 2382 aliud
1036 2353 1116 2382 affert
1130 2352 1322 2389 testimonium,
1334 2359 1358 2380 et
1373 2351 1455 2379 dicit:
1471 2352 1655 2391 Testisicatus
1674 2357 1716 2379 est
1735 2361 1792 2379 au-

238 2410 294 2432 tem
307 2402 338 2428 in
349 2400 476 2439 quodam
490 2400 553 2427 loco
570 2400 701 2438 quidam,
716 2400 824 2428 dicens.
838 2400 892 2427 Cur
907 2410 957 2428 uon
973 2401 1061 2439 ipsum
1076 2410 1172 2429 nomen
1190 2399 1326 2438 prophetae
1342 2398 1442 2438 posuit,
1459 2397 1505 2426 sed
1519 2396 1709 2426 abscondidit?
1722 2398 1796 2426 Fecit

238 2447 288 2475 hoc
297 2448 375 2475 etiam
391 2447 417 2474 in
432 2446 492 2475 aliis
505 2446 672 2484 testimoniis,
683 2447 751 2476 sicut
762 2457 822 2475 cum
833 2446 911 2484 dicit,
925 2448 1048 2485 Quando
1060 2454 1157 2476 autem
1172 2448 1330 2476 introducit
1343 2446 1572 2485 Primogenitum
1582 2446 1613 2472 in
1622 2445 1720 2472 orbem
1735 2451 1795 2473 ter-

238 2502 347 2527 rarum,
364 2494 445 2528 dicit,
460 2494 499 2521 Et
512 2493 635 2522 adorent
647 2504 711 2522 eum
726 2504 826 2522 omnes
845 2495 946 2533 angeli
961 2495 1037 2527 Dei,·
1052 2502 1077 2522 et
1091 2495 1153 2523 item
1165 2517 1173 2531 ,
1184 2496 1249 2534 Ego
1263 2504 1312 2522 ero
1327 2496 1353 2522 ei
1367 2495 1399 2521 in
1414 2494 1544 2521 Patrem.
1559 2492 1600 2520 Et
1614 2491 1655 2519 ad
1673 2491 1795 2530 angelos

239 2540 353 2578 quidem
366 2540 448 2577 dicit,
468 2541 523 2578 Qui
535 2541 612 2579 facit
626 2541 746 2580 angelos
760 2551 826 2570 suos
838 2544 974 2580 spiritus,·
988 2547 1025 2579 et,
1042 2542 1094 2579 Tu,
1111 2543 1247 2579 Domine,
1260 2543 1290 2569 in
1307 2540 1451 2580 principio
1467 2545 1573 2568 terram
1590 2538 1736 2576 fundasti.
1749 2536 1795 2566 Sic

238 2586 317 2615 etiam
333 2586 388 2625 hic,
399 2586 494 2625 inquit.
510 2588 692 2626 Testificatus
711 2595 752 2618 est
773 2591 804 2617 in
818 2589 945 2629 quodam
961 2589 1024 2618 loco
1039 2589 1168 2627 quidam,
1186 2590 1293 2618 dicens.
1308 2588 1343 2617 Et
1358 2588 1408 2616 hoc
1424 2586 1512 2625 ipsum
1528 2584 1651 2614 existimo
1662 2594 1714 2613 non
1728 2583 1792 2612 abs-
