1886 2846
455 170 487 192 m·
516 170 623 193 Ei‘iST.

82 228 162 266 αὑτῷ.
177 229 209 258 Εἰ
228 228 253 258 δὲ
271 229 391 268 βούλοιτό
412 243 464 267 τις,
481 232 525 260 καὶ
548 232 611 270 πρὸς
633 231 728 267 ἡδονὴν
746 231 849 271 εὑρήσει

82 273 128 308 τὴν
150 274 242 303 πενίαν
258 276 363 310 πλείους
380 278 546 316 παρέχουσιιν
567 281 631 317 ἡμῖν
652 278 698 311 τὰς
720 278 849 318 ἀφορμάς.

83 320 160 355 Πῶς,
174 320 239 349 Ὀτι
260 323 403 360 φροντίδων
425 324 610 359 ἀπήλλακται,
624 324 726 362 μίσους,
744 323 850 363 μάχης,

82 366 361 407 φιλονεικίας,ἔριδος,
377 370 478 409 μυρίων
501 370 600 399 δεινῶν.
614 370 660 405 Μὴ
678 371 763 399 τοίνυν
784 370 850 399 διώ-

82 422 170 448 κωμεν
186 413 216 441 τὸ
229 414 359 449 πλουτεῖν,
370 415 436 453 μηδὲ
448 415 552 448 τούτους
567 415 726 455 ζηλώσωμεν
741 417 781 445 ἀεὶ
793 415 851 448 τοὺς

82 457 167 486 πολλὰ
182 461 372 498 κεκτημένους·
386 462 444 489 ἀλλ’
457 464 480 490 οἱ
497 461 543 499 μὲν
559 462 678 501 ἔχοντες,
691 464 728 495 εἰς
742 462 798 491 δέον
813 463 851 500 τῷ

83 503 188 544 πλούτῳ
199 505 336 544 χρώμεθα·
353 508 376 535 οἱ
392 507 418 536 δὲ
435 507 471 546 μὴ
487 508 599 547 ἔχοντες,
613 509 650 546 μὴ
667 510 788 547 ἀλγῶμεν
809 507 851 537 διὰ

83 551 174 585 τοῦτο,
193 552 251 579 ἀλλ’
266 554 464 592 εὐχαριστῶμεν
482 554 548 594 ὑπὲρ
569 555 692 584 ἁπάντων
715 557 753 594 τῷ
774 556 850 593 Θεῷ,

83 594 122 623 ὅτι
135 598 207 634 ἡμᾶς
223 599 250 626 ἐν
265 599 344 637 ὀλίγῳ
358 600 430 638 πόνῳ
452 601 496 629 τὸν
511 600 587 629 αὐτὸν
607 605 660 633 τοῖς
676 601 821 636 πλουσίοις,
833 600 850 635 ἢ

83 641 128 669 καὶ
149 643 270 680 μείζονα,
285 644 315 673 ἂν
335 645 462 684 θέλωμεν,
476 647 669 685 παρασκευάζει
691 647 783 684 μισθὸν
803 647 851 675 λα-

83 686 149 722 ὗεῐν,
162 689 206 717 καὶ
225 689 252 722 ἐξ
272 690 366 728 ὀλίγων
388 692 491 729 μεγάλοι
514 692 699 730 κερδανοῦμεν.
711 692 789 721 Ἐπεὶ
807 692 853 721 καὶ

82 735 96 760 ὃ
117 733 148 762 τὰ
166 735 212 763 δύο
230 736 346 764 τάλαντα
369 737 545 775 προσενέγκας
562 738 714 776 ἐθαυμάσθη
731 739 775 768 καὶ
799 740 852 767 ἐτι-

82 779 153 816 μήθη
167 780 263 818 ὁμοίως
274 783 311 819 τῷ
326 782 359 810 τὰ
375 782 453 811 πέντε.
467 784 678 822 προσενεγκόντι.
693 785 728 813 Τί
741 785 853 819 δήποτε;

81 825 146 854 ζὈϊι
165 828 187 855 εἴ
208 827 254 856 καὶ
276 827 320 856 δύο
340 829 479 865 ἐπιστεύθη
501 830 714 865 τάλαντα,ἁλλὰ
736 831 770 860 τὰ
788 833 852 870 παρ’

82 874 174 901 ἑαυτοῦ
194 873 282 902 πάντα
301 875 456 914 ἐπλήρωσε,
468 875 513 904 καὶ
534 876 568 904 τὰ
589 877 796 914 ε’μπιστευθέντα
811 877 853 905 δι-

82 919 138 946 πλᾶ
162 919 308 958 εἰσήνεγκε.
338 920 374 950 Τι’
400 922 484 950 τοίνυν
511 922 658 960 σπεύδομεν
681 924 853 957 πιστευθῆναι

82 964 185 1001 πολλὰ,
200 965 263 994 ὅταν
287 966 330 1004 ἐξῇ
354 967 386 995 δι’
398 967 493 1005 ὀλίγων
509 967 542 996 τὰ
559 967 626 996 αὐτὰ
646 967 853 1006 καρπώσασθὰι,

82 1009 98 1044 ἢ
121 1010 166 1039 καὶ
186 1011 294 1040 πλείονα
308 1023 316 1047 3
329 1012 391 1040 ὅταν
405 1015 419 1040 ὁ
439 1013 487 1050 μὲν
505 1013 583 1046 πόνος
603 1013 719 1042 ἐλάττων
735 1009 770 1051 ᾗ,
792 1016 806 1043 ὁ
825 1014 853 1042 δὲ

83 1056 174 1092 μισθὸς
193 1057 283 1096 πολλῷ
302 1058 414 1092 πλείων;
431 1058 615 1098 Εὐκολώτερον
636 1059 687 1097 γὰρ
708 1059 788 1094 πένης
808 1061 852 1088 ἐκ·

82 1101 207 1136 στήσεται
223 1104 276 1131 τῶν
298 1105 389 1139 αὑτοῦ,
407 1103 424 1138 ἢ
445 1103 569 1137 πλούσιος
587 1104 672 1133 πολλὰ
687 1104 732 1133 καὶ
749 1105 852 1143 μεγάλα

81 1147 251 1186 κεκτημένος.
266 1147 304 1178 Ἢ
329 1150 386 1178 οὐκ
400 1150 470 1186 ἴστε,
493 1149 532 1178 ὅτι
556 1151 610 1190 ὅσῳ
629 1150 660 1179 ἂν
682 1150 790 1179 πλείονοί
813 1162 852 1183 τις

82 1193 274 1232 περιῧάληται,
299 1195 414 1234 τοσούτῳ
439 1195 567 1225 πλειόνων
591 1198 652 1235 {pff-{3
672 1195 724 1225 ‘'lv’
747 1192 789 1225 οὖν
814 1196 851 1234 μὴ

81 1241 158 1268 τοῦτο
173 1239 308 1278 πάθωμεν,
321 1241 359 1279 μὴ
375 1243 495 1280 ζητῶμεν
513 1241 556 1270 τὸν
569 1243 690 1278 πλοῦτον,
702 1242 770 1281 μηδὲ
791 1243 851 1271 δυσ-

83 1285 233 1324 αναοχέτως
257 1286 360 1325 ἔχωμεν
378 1287 442 1326 πρὸς
461 1287 510 1323 τὴν
530 1288 632 1324 πενίαν,
649 1288 717 1326 μηδὲ
732 1288 854 1318 σπεύδω-

83 1341 131 1367 μεν
144 1332 276 1367 πλουτεῖν,
291 1332 359 1361 ἀλλὰ
372 1333 418 1362 καὶ
439 1335 462 1363 οἱ
481 1333 585 1373 ἔχοντες
599 1333 680 1367 οὕτως
693 1335 764 1373 αὐτῷ
778 1333 854 1373 χρώ-

83 1379 161 1414 μεθα,
175 1379 211 1411 ὡς
225 1380 238 1406 ὁ
254 1379 358 1412 Παῦλος
371 1379 506 1409 ἐκέλευσεν
515 1389 521 1395 ·
535 1381 571 1409 Οἱ
584 1381 702 1419 ἔχοντες,
717 1380 806 1419 φησὶν,
818 1382 854 1413 ὡς

83 1422 120 1459 μὴ
136 1422 255 1463 ἔχοντες,
269 1424 315 1453 καὶ
337 1427 361 1454 οἱ
384 1425 516 1465 χρώμενοι
535 1428 572 1465 τῷ
591 1426 683 1466 κόσμῳ
705 1426 806 1466 τούτῳ,
818 1428 854 1459 ὡς

83 1469 120 1507 μὴ
140 1469 354 1509 καταχρώμενοι·
372 1471 414 1500 ἵνα
436 1471 558 1511 τύχωμεν
579 1474 632 1501 τῶν
651 1473 853 1512 ἐπηγγελμένων

83 1516 202 1552 ἀγαθῶν·
216 1511 252 1544 ὧν
272 1516 373 1554 γένοιτο
393 1516 494 1550 πάντας
516 1520 588 1555 ἡμᾶς
609 1519 753 1557 ἐπιτυχεῖν,
762 1517 854 1557 χάριτι

83 1561 127 1589 καὶ
148 1562 338 1601 φιλανθρωπίᾳ.

652 170 697 192 ΑΙ)
724 168 890 193 HEBRAEOS·
919 169 997 192 CAP.
1027 168 1048 191 1.
1075 168 1194 192 noant..
1223 168 1259 191 11.

1603 157 1646 189 53

905 236 1033 270 pertatem
1045 229 1123 259 nobis
1137 229 1171 258 ad
1184 230 1349 269 voluptatem
1361 229 1438 269 plura
1452 229 1516 258 dare
1530 228 1648 257 admini-

903 275 972 305 cula.
985 276 1150 312 Quomodo?
1162 276 1297 311 Quoniam
1312 275 1423 305 liberata
1437 282 1476 304 est
1489 286 1504 304 a
1519 275 1648 304 sollicitu-

903 322 1022 359 dinibus,
1033 322 1106 357 odio,
1118 332 1220 361 pugna,
1234 321 1292 360 lite,
1304 328 1328 350 et
1342 332 1358 350 a
1371 321 1451 350 malis
1466 320 1648 349 innumerabi-

903 368 984 397 libus.
999 369 1039 397 Ne
1061 377 1124 407 ergo
1149 378 1302 406 quaeramus
1326 367 1467 405 ditescere,
1483 378 1530 396 nec
1546 377 1649 406 semper

904 414 1062 442 aemulemur
1081 424 1126 443 eos
1139 413 1187 452 qui
1202 413 1286 442 multa
1302 412 1437 452 possident
1454 426 1460 441 ε
1474 412 1521 442 sed
1539 413 1584 451 qui
1602 413 1649 441 ha-

903 459 998 489 bemus
1022 459 1132 499 quidem
1144 481 1152 495 ,
1165 459 1272 489 divitiis
1295 466 1404 488 utamur
1418 466 1447 488 ut
1461 465 1584 499 oportet3
1603 458 1650 497 qui

905 512 993 534 autem
1008 515 1060 535 non
1074 505 1213 540 habemus,
1237 515 1271 533 ne
1284 512 1424 544 propterea
1439 504 1589 542 doleamus,
1603 505 1650 533 sed

905 551 962 580 Deo
972 561 1082 590 agamus
1098 551 1214 591 gratias,
1225 550 1299 589 quod
1309 551 1407 580 efficiat
1422 558 1451 580 ut
1462 561 1508 580 nos
1522 551 1549 580 in
1565 561 1649 590 parvo

904 597 1004 634 labore,
1012 597 1132 627 eamdem
1141 608 1221 636 quam
1229 597 1328 627 divites
1337 597 1473 627 autetiam
1480 598 1618 637 majorem,
1626 605 1650 631 si

904 644 1030 681 velimus,
1043 644 1206 684 accipiamus
1219 643 1381 673 mercedem:
1390 650 1416 672 et
1430 654 1527 683 magna
1539 654 1571 673 cx
1582 655 1652 683 pau-

906 688 942 716 cis
957 688 1135 718 lucrabimur.
1149 689 1218 717 Nam
1231 695 1257 717 et
1269 688 1316 726 qui
1329 688 1383 717 duo
1397 688 1522 717 attulerat
1538 688 1649 725 talenta,

906 745 981 772 aeque
996 734 1021 763 in
1035 734 1210 764 admiratione
1221 741 1246 763 et
1261 735 1362 764 honore
1376 741 1415 764 est
1436 734 1547 763 babitus
1570 741 1651 773 atque

905 780 952 818 qui
975 780 1092 819 quinque
1114 780 1248 809 attulerat.
1274 780 1483 816 Quamobrem?
1503 781 1574 809 Nam
1595 779 1651 808 duo

906 826 963 864 ejus
976 825 1041 854 lidei
1057 826 1159 854 credita
1174 832 1236 854 sunt
1250 825 1360 863 talenta,
1376 825 1421 854 sed
1437 836 1496 863 quat
1511 836 1527 853 a
1538 835 1566 854 se
1578 835 1651 864 pra:—

907 872 1001 900 stauda
1015 879 1090 901 crant
1105 871 1228 911 implevit
1243 871 1333 900 omnia
1343 894 1351 907 ‚
1364 878 1388 900 et
1408 882 1468 909 quae
1482 871 1534 900 sibi
1548 872 1653 900 fuerant

908 918 1009 946 credita
1025 918 1115 947 attulit
1126 917 1276 957 duplicata.
1293 917 1368 952 Quid
1382 928 1444 957 crgo
1471 916 1609 946 studemus
1623 924 1652 946 ut

907 965 992 992 multa
1008 964 1085 992 nobis
1099 964 1252 998 credantur,
1266 974 1328 992 cum
1344 974 1392 1004 per
1406 975 1492 1003 pauca
1503 964 1582 993 liceat
1594 974 1651 993 eos-

906 1010 968 1038 dem
983 1010 1085 1039 fructus
1100 1009 1180 1038 etiam
1194 1010 1308 1048 majores
1324 1010 1461 1050 percipere
1471 1011 1485 1039 ἱ)
1499 1020 1561 1039 cum
1577 1011 1653 1040 labor

906 1055 1015 1094 quidem
1035 1055 1069 1084 sit
1083 1055 1182 1090 minor,
1198 1065 1298 1084 merces
1313 1063 1401 1084 autem
1417 1056 1502 1086 multo
1515 1056 1653 1097 amplior?

907 1101 1026 1130 Facilius
1038 1101 1109 1130 enim
1122 1112 1137 1129 a
1149 1101 1206 1130 suis
1216 1112 1318 1140 pauper
1328 1102 1464 1139 abscedet,
1480 1114 1561 1141 quam
1575 1103 1652 1133 dives

906 1148 992 1177 multa
1006 1154 1032 1176 et
1045 1158 1143 1186 magna
1158 1146 1305 1187 possidens.
1323 1149 1364 1175 An
1379 1148 1486 1176 nescitis
1500 1148 1581 1186 quod,
1597 1160 1651 1188 quo

906 1196 984 1235 plura
1009 1195 1142 1235 quispiam
1158 1194 1240 1224 suerit
1255 1194 1423 1234 complexus,
1441 1205 1471 1224 eo
1486 1195 1564 1234 plura
1577 1196 1652 1225 desi-

870 1250 890 1273 ι)
906 1241 1005 1270 derat?
1027 1243 1067 1271 Ne
1083 1241 1134 1269 hoc
1147 1251 1211 1280 ergo
1226 1240 1304 1270 nobis
1316 1240 1436 1277 accidat,
1451 1251 1484 1269 ne
1501 1251 1652 1279 quaeramus

904 1287 1027 1325 divitias,
1043 1297 1128 1326 neque
1143 1297 1213 1326 aegre
1233 1287 1349 1316 feramus
1364 1293 1556 1326 paupertatem,
1568 1298 1653 1326 neque

905 1333 1096 1362 contendamus
1111 1333 1251 1371 ditescere,
1270 1340 1295 1362 et
1321 1333 1369 1371 qui
1394 1332 1535 1369 habemus,
1551 1333 1589 1362 eis
1614 1333 1652 1363 ita

904 1386 1014 1408 utamur
1032 1386 1062 1408 ut
1089 1379 1171 1419 jussit
1194 1378 1306 1408 Paulus.
1333 1379 1390 1417 Qui
1404 1380 1524 1414 hahent,
1548 1379 1646 1418 inquit,
1664 1399 1682 1413 ,,
1701 1392 1753 1414 cm,
1769 1403 1791 1424 7·

904 1428 964 1454 sint
987 1433 1141 1465 tamquam
1159 1435 1218 1454 non
1233 1426 1373 1454 hahentes
1384 1436 1397 1461 ;
1413 1432 1440 1454 et
1455 1427 1506 1464 qui
1528 1432 1650 1455 utuntur
1661 1430 1697 1452 29·
1715 1426 1753 1447 3¹-

905 1473 960 1500 hoc
970 1472 1080 1500 mundo
1099 1477 1250 1510 tamquam
1265 1481 1324 1499 non
1335 1477 1446 1500 utentes
1456 1483 1465 1499 .·
1480 1478 1510 1499 ut
1523 1482 1650 1510 assequa-

905 1528 967 1546 mur
977 1518 1045 1546 bona
1056 1517 1203 1557 promissa:
1215 1528 1274 1556 qua)
1286 1516 1366 1546 detur
1375 1517 1500 1546 omuibus
1511 1518 1647 1556 consequi,

905 1563 990 1602 gratia
1002 1570 1027 1592 et
1037 1563 1212 1603 benignitate.

504 1678 678 1708 MCTIANO
701 1678 958 1708 SCHOLASTICO
975 1677 1228 1707 INTERPRETE.

78 1776 139 1815 plus
151 1777 267 1806 inveniet
281 1776 453 1806 accommoda
468 1778 632 1817 paupertatis
641 1778 740 1807 officia.
752 1778 896 1814 Quomodo
910 1778 961 1807 hoc
971 1779 984 1807 Ρ
996 1778 1051 1814 Qui
1064 1778 1136 1807 curis
1147 1784 1172 1807 et
1183 1777 1414 1807 sollicitudinibus
1425 1784 1464 1807 est
1478 1777 1556 1815 liber,
1568 1786 1645 1807 vacat

76 1823 112 1851 ab
125 1823 198 1860 odio,
215 1824 321 1859 litibus,
338 1824 514 1859 contentione,
525 1824 642 1863 jurgiis,
656 1831 682 1853 et
695 1825 796 1854 caeteris
810 1825 942 1864 pessimis.
959 1824 1075 1854 Proinde
1097 1835 1131 1853 ne
1155 1824 1283 1854 ditescere
1302 1835 1454 1863 quaeramus
1473 1835 1521 1853 nec
1545 1824 1644 1854 divites

75 1872 246 1909 aemulemur,
260 1872 307 1901 sed
318 1872 454 1907 habentes,
471 1871 506 1900 ad
520 1872 592 1910 quod
604 1881 673 1911 opus
683 1878 733 1907 est,
747 1871 853 1901 divitiis
864 1879 992 1910 utamur;
1006 1882 1060 1901 non
1073 1871 1202 1901 habentes
1212 1879 1314 1909 autem,
1331 1882 1383 1901 non
1400 1879 1540 1912 propterea
1552 1872 1643 1901 dolea-

75 1929 146 1957 mus,
159 1919 205 1949 sed
220 1919 318 1959 gratias
332 1919 418 1959 magis
433 1919 620 1948 universorum
634 1920 691 1947 Deo
702 1929 733 1947 ac
744 1919 862 1948 Domino
873 1919 1034 1948 referamus:
1049 1919 1113 1957 quia
1127 1929 1175 1947 nos
1194 1929 1281 1958 parvo
1297 1919 1389 1948 labore
1405 1919 1526 1948 eamdem
1538 1930 1643 1948 merce-

75 1966 136 1995 dem
149 1968 306 2007 poterimus,
319 1977 401 2006 quam
412 1966 510 1996 divites
522 1966 668 2006 promereri
679 1978 687 2004 ;
700 1965 722 1995 si
734 1973 824 1995 autem
834 1965 971 2003 volumus,
982 1966 1063 1995 etiam
1075 1966 1235 2005 ampliorem
1245 1965 1342 2005 dignos
1356 1966 1420 1995 facit
1433 1966 1562 2005 accipere,
1571 1973 1595 1995 et
1607 1977 1641 1996 ex

74 2014 166 2053 parvis
180 2024 276 2054 magna
292 2015 440 2043 lucramur.
453 2014 522 2042 Nam
538 2021 563 2042 et
577 2013 625 2052 qui
641 2012 697 2042 duo
721 2013 820 2042 talenta
832 2011 957 2052 protulit,
971 2012 1136 2051 approbatus
1151 2019 1206 2049 est,
1222 2019 1248 2040 et
1261 2011 1387 2041 similiter
1411 2012 1556 2040 honoratus
1571 2012 1641 2040 sicut

73 2059 119 2097 qui
130 2059 249 2099 quinque
263 2060 422 2100 protulerat.
439 2060 530 2095 Quare
543 2059 615 2088 hoc?
628 2060 690 2088 Duo
704 2069 820 2097 namque
833 2058 874 2087 illi
888 2064 963 2087 erant
978 2058 1076 2087 talenta
1091 2058 1243 2095 commissa,
1260 2057 1307 2086 sed
1319 2057 1375 2097 ipse
1390 2065 1474 2086 totum
1483 2057 1556 2096 quod
1569 2068 1603 2087 ex
1613 2069 1641 2087 se

71 2106 196 2146 debebat,
205 2106 327 2146 implevit
337 2118 344 2135 :
354 2114 379 2136 et
393 2117 452 2146 quae
464 2106 487 2136 ei
501 2107 641 2136 commissa
653 2107 770 2144 suerunt,
785 2105 946 2146 duplicavit.
960 2104 1036 2141 Quid
1046 2115 1110 2145 ergo
1124 2105 1290 2141 festinamus,
1305 2112 1334 2133 ut
1347 2105 1425 2134 nobis
1439 2105 1555 2144 plurima
1567 2116 1640 2135 com-

74 2153 222 2191 mittantur,
237 2165 298 2183 cum
314 2153 447 2194 possimus
461 2161 486 2183 et
499 2154 526 2183 in
541 2154 633 2194 parvis
647 2154 754 2183 eosdem
769 2154 871 2182 fructus
883 2153 1020 2193 adipisci?
1037 2152 1110 2189 Quin
1122 2152 1243 2182 fortassis
1254 2152 1344 2181 adhuc
1357 2163 1462 2191 quoque
1476 2159 1501 2181 et
1515 2153 1637 2192 majores

73 2201 140 2229 Nam
152 2212 232 2240 quam
249 2209 356 2241 gratum
369 2209 423 2238 est,
441 2209 469 2230 ιιι
484 2202 560 2231 labor
575 2202 687 2241 quidem
699 2202 734 2231 sit
749 2202 848 2237 minor,
866 2211 967 2231 merces
982 2207 1071 2230 autem
1087 2200 1172 2230 multo
1187 2201 1273 2240 major
1288 2200 1408 2229 exsistat.
1431 2199 1547 2229 Facilius
1560 2211 1636 2240 ergo,

71 2248 92 2276 si
110 2248 234 2285 voluerit,
244 2259 344 2288 pauper
354 2249 433 2289 plura
447 2256 472 2279 et
485 2251 585 2290 majora
599 2249 684 2279 divite
695 2249 853 2289 possidebit.
865 2251 904 2277 An
918 2248 1048 2288 ignoratis
1059 2248 1189 2287 quoniam
1199 2254 1298 2287 quanto
1309 2247 1370 2286 quis
1380 2247 1457 2287 plura
1467 2247 1637 2287 congesserit,

73 2301 144 2324 tanto
159 2296 245 2334 magis
255 2295 385 2336 ampliora
397 2296 553 2326 desiderat?
570 2298 610 2326 Ne
625 2297 710 2337 igitur
723 2296 803 2326 ctiam
815 2307 863 2325 nos
874 2296 926 2325 hoc
940 2295 1011 2325 idem
1022 2296 1167 2336 patiamur,
1181 2306 1234 2324 non
1249 2306 1399 2334 quaeramus
1415 2295 1538 2333 divitias,
1549 2305 1611 2333 ncqi

71 2343 278 2382 importabiliter
287 2343 439 2373 afficiamur
449 2345 587 2384 pauperie,
601 2355 685 2384 neque
695 2345 824 2374 ditescere
837 2344 1007 2373 festinemus:
1017 2343 1097 2382 etqui
1107 2343 1219 2373 divitias
1229 2342 1404 2383 possidemus,
1415 2343 1451 2371 ita
1463 2343 1501 2371 eis
1515 2349 1634 2379 utamur,

70 2389 138 2419 sicut
148 2391 275 2431 preeccpit
289 2391 440 2431 apostolus:
455 2392 512 2430 Qui
524 2393 644 2428 liabent,
657 2392 755 2430 inquit,
769 2398 920 2432 tamquam
940 2402 999 2420 non
1013 2391 1172 2425 hnbentes;
1187 2397 1215 2420 et
1236 2393 1287 2430 qui
1309 2397 1432 2419 utuntur
1442 2391 1497 2419 Ιιοε
1512 2390 1632 2425 mundo,

70 2445 222 2478 tamquam
244 2449 303 2467 non
327 2445 440 2468 utentes
453 2451 461 2466 :
472 2446 501 2468 ut
515 2439 699 2480 adipiscamur
712 2439 782 2469 bona
796 2450 855 2478 quae
867 2439 999 2480 promissa
1013 2446 1077 2468 sunt
1089 2451 1095 2467 :
1106 2449 1166 2478 quas
1181 2449 1228 2467 nos
1244 2448 1336 2467 omncs
1349 2438 1486 2478 percipere
1497 2437 1634 2476 contingat

71 2485 195 2515 universa
205 2508 215 2524 ,
227 2485 312 2525 gratia
328 2485 437 2515 Domini
452 2486 534 2515 nostri
549 2488 611 2517 Jesu
628 2486 741 2524 Christi,
756 2496 816 2515 cum
831 2497 885 2525 quo
901 2486 974 2516 Patri
991 2496 1043 2516 una
1057 2496 1119 2516 cum
1134 2492 1226 2516 sancto
1247 2484 1351 2525 Spiritu
1367 2484 1463 2524 gloria,
1477 2483 1632 2524 imperium,

71 2530 162 2570 honor,
178 2541 249 2561 nunc
263 2538 286 2561 ct
299 2542 413 2572 semper,
426 2539 449 2561 ct
467 2531 493 2561 in
509 2532 604 2562 saccula
618 2532 784 2562 serculorum.
797 2533 889 2562 Amen.
