1875 2856
126 664 166 684 lv.

92 695 219 715 Prtt*nl=t;=tio

78 730 145 746 saneti
164 725 220 745 Gie-

80 759 146 783 gviii.

82 788 166 808 Manli.
183 787 218 808 ᾗ.

85 825 118 840 tt.
132 823 151 839 el
169 818 205 839 ΞΓ).

96 1101 164 1135 Fulm-
175 1114 221 1143 ejus

80 1148 101 1167 iu
118 1147 146 1167 Ut
152 1156 171 1166 ι».

134 1413 145 1430 Χ
157 1413 174 1432 l.

97 1442 133 1462 Sil
150 1452 170 1463 ιιι
192 1448 222 1463 te-

85 1473 157 1493 nrliiis
181 1475 209 1494 tut

82 1512 133 1529 gens
154 1504 208 1525 Gre-

80 1542 161 1561 gorius.

135 2019 184 2040 th.

110 2051 181 2071 Radix
201 2051 224 2071 Γι-

85 2085 128 2107 ἀυί,
146 2089 167 2103 et
187 2092 225 2104 (ffl-

83 2116 143 2135 lestiss
155 2117 212 2141 agri-

86 2148 131 2166 (ω’-ι
152 2146 206 2166 Gre-

85 2184 165 2204 gorius,

236 125 323 159 1068
635 135 810 157 encomium
839 135 868 156 s.
897 134 1051 156 onnoontt
1081 133 1364 164 irinuiutmroats,

271 196 390 224 Ycrbum
402 197 463 231 Dei,
479 196 623 233 inquiebat,
634 194 705 232 quod
717 202 754 223 est
765 195 871 232 eloquio
882 195 979 233 majus,
991 205 1100 233 corpore
1111 205 1170 223 cum
1186 195 1320 228 crevisset,
1333 200 1515 222 conversatum
1528 201 1566 222 est
1578 194 1645 222 inter
1654 194 1783 233 homines3

230 249 255 271 et
266 243 504 273 circumcisionem,
516 252 595 280 quam
612 241 740 277 subierat,
756 251 801 279 per
815 241 979 279 baptismum
998 241 1148 278 abrogavit.
1170 240 1299 268 Traditus
1310 247 1348 268 est
1359 250 1406 278 pro
1420 239 1495 267 nobis
1505 239 1559 275 ille,
1570 239 1615 277 qui
1630 250 1644 266 a
1655 239 1715 267 sinu
1730 239 1785 266 Pa-

229 289 278 318 tris
288 290 461 317 indivisibilis
471 296 543 317 erat:
555 289 653 316 elatum
662 295 699 316 est
714 299 794 326 super
808 298 885 315 eruce
899 287 1019 317 Verbum
1033 295 1057 315 et
1070 295 1205 316 mortuum
1217 295 1256 316 est
1268 287 1376 325 quidem
1387 294 1517 325 quantum
1534 286 1567 314 ad
1583 287 1727 314 humanam
1740 296 1786 313 na-

230 343 335 371 turam,
350 336 395 364 sed
412 336 562 364 immortale
579 336 650 363 stetit
667 342 691 363 et
711 335 809 363 mansit
820 341 948 372 quantum
962 334 995 362 ad
1011 335 1178 363 divinitatem
1194 346 1252 372 quae
1267 335 1294 363 in
1310 334 1358 362 illo
1373 341 1438 364 erat,
1453 334 1523 368 Quia
1538 341 1626 362 autem
1637 344 1670 361 ex
1683 332 1787 371 duplici

230 390 324 411 natura
344 394 413 411 unus
429 383 544 411 eflicitur
563 383 703 417 Christus,
721 382 781 409 ideo
802 388 914 410 mortem
930 392 1067 420 perpessus
1086 389 1124 410 est
1139 393 1249 421 corpore
1264 403 1271 417 ‚
1290 381 1363 419 quod
1384 388 1438 409 erat
1452 380 1588 409 divinitati
1613 380 1788 417 conjunctum

230 432 277 465 (1).
291 430 359 457 Caro
374 440 431 466 quae
447 436 576 457 tormenta
587 428 725 462 sustinuit,
740 428 812 455 Deus
828 435 893 461 erat,
906 427 1098 455 etimmortalis
1110 435 1165 455 erat
1180 427 1309 455 divinitas
1322 438 1380 464 quae
1393 437 1489 465 eorpus
1504 426 1636 455 induerat.
1651 425 1790 453 Divinitas

230 486 333 503 carnem
343 476 429 503 Deum
441 475 540 511 effecit,
552 482 630 512 atque
642 475 676 502 ita
688 474 855 512 aequabiliter
864 480 888 501 et
900 474 977 512 plane
989 484 1048 501 cum
1059 474 1149 503 Verbo
1161 474 1234 501 unita
1246 473 1306 508 suit,
1316 480 1343 501 ut
1353 473 1421 501 illud
1431 473 1502 511 quod
1514 472 1641 512 prouobis
1652 477 1787 499 mortuum

229 529 252 550 et
261 522 395 560 sepultum
410 528 458 557 est,
474 521 542 549 idem
554 532 601 559 per
614 521 783 548 divinitatem
797 519 971 548 resurrexerit
983 527 1007 547 et
1021 520 1186 548 destruxerit
1200 520 1308 548 inferos.
1325 520 1394 547 lllud
1408 521 1576 559 cognoscite,
1589 518 1658 547 illud
1669 517 1787 553 adorate,

228 569 289 607 quia
303 568 371 596 illud
387 572 468 604 (cum
489 568 579 597 Verbo
594 568 780 607 conjunctum)
796 574 835 595 est
848 567 969 595 omnium
984 567 1067 595 Deus.

271 616 309 644 Ea
322 623 409 644 antem
420 623 458 643 est
472 616 605 651 doctrina,
620 626 670 652 qua
684 615 828 654 superbam
844 614 917 642 illam
932 621 957 642 et
974 614 1173 652 superciliosam
1186 620 1290 652 gentem
1304 614 1452 644 erudiebat.

272 663 381 692 Talenta
394 663 444 691 sibi
461 663 559 691 eredita
577 663 621 690 hic
631 662 791 701 multiplicia
804 661 931 696 reddidit,
946 672 996 689 non
1009 661 1118 698 quidem
1129 661 1183 689 duo
1198 671 1246 700 pro
1261 661 1353 695 unico,
1369 668 1415 689 aut
1429 669 1543 699 quatuor
1556 675 1605 703 pro
1615 656 1732 705 dnobus,
1745 675 1791 696 aut

231 710 321 738 decem
335 720 382 747 pro
396 709 514 747 quinque
524 709 647 744 reserens,
660 709 704 737 sed
717 709 876 736 talentorum
889 707 1025 746 myriadas
1038 708 1156 735 lucratus
1168 714 1216 741 est,
1227 713 1251 734 et
1263 706 1363 735 idcirco
1378 718 1391 734 a
1404 708 1518 737 Domino
1530 711 1611 739 verba
1622 712 1678 740 haec
1688 713 1771 742 audiit
1783 724 1789 740 ε

233 757 325 793 Euge,
338 765 418 783 serve
430 757 502 783 bone
512 756 655 793 ι’ΐ-[ἱιίσῖίς7
673 757 743 794 quia
754 757 784 782 in
792 765 887 793 panca
899 755 1044 792 hucusque
1052 754 1254 793 suistifldelis,
1266 764 1354 792 supra
1368 755 1462 782 multa
1477 761 1504 783 te
1514 759 1698 797 constituam,
1712 761 1791 788 intra

233 803 411 841 ingaudium
427 803 549 830 Domini
565 803 615 829 lui.

273 850 383 878 Beatum
399 849 470 877 liune
494 849 607 887 apostoli
622 848 728 877 nomine
740 847 866 885 insignio.
882 848 907 875 Is
922 858 1035 885 namque
1052 854 1207 875 creterorum
1223 847 1305 875 instar
1319 848 1517 886 apostolorum,
1529 850 1687 888 praedicavit
1702 853 1790 882 Deum

232 907 338 931 verum,
354 896 428 924 idola
446 903 471 924 et
483 896 615 924 idolorum
631 896 730 935 templa
743 895 889 929 destruxit,
905 896 992 922 Deum
1010 895 1067 922 emti
1080 895 1191 923 adorare
1203 894 1306 930 docuit,
1320 901 1345 923 et
1359 896 1570 934 superstitiosam
1586 908 1647 937 erga
1659 906 1792 929 creaturas

233 941 386 979 abrogando
397 943 551 981 religionem
561 966 568 978 ,
585 944 687 971 cultum
700 943 845 971 conditoris
857 949 1038 970 creaturarum
1050 942 1176 970 instituit.

273 989 298 1016 Is
309 989 411 1018 ardenti
425 1000 485 1017 eum
503 990 558 1018 zelo
570 990 654 1018 libros
668 990 872 1028 Scripturarum
887 989 1021 1017 divinitus
1037 989 1230 1028 inspiratarum
1247 987 1355 1016 edocuit
1367 1000 1372 1016 :
1383 991 1433 1025 (Q)
1445 989 1570 1019 homilias
1585 993 1741 1032 conscripsit
1751 1004 1792 1021 sa-

232 1035 331 1073 pientia
347 1036 451 1074 plenas,
466 1036 632 1074 populosque
645 1036 859 1074 quamplurimos
872 1039 879 1071 (
890 1037 925 1071 5)
937 1035 1066 1064 crudivit.

272 1083 342 1111 Novi
362 1083 481 1111 Danielis
497 1094 591 1111 nomen
607 1083 680 1122 apud
694 1093 735 1111 me
749 1083 896 1121 Gregorius
913 1083 1024 1112 obtinet.
1043 1083 1119 1111 Sicut
1134 1082 1203 1110 enim
1221 1082 1348 1120 propbeta
1360 1089 1466 1111 sanctus
1477 1094 1490 1111 a
1506 1094 1566 1122 rege
1582 1084 1791 1123 Babyloniorum

234 1140 323 1167 poenas
334 1131 431 1168 exegit,
445 1130 577 1168 illumque
590 1130 663 1158 velut
674 1131 770 1158 bovem
781 1137 806 1158 et
816 1131 866 1158 sub
881 1130 965 1158 forma
981 1129 1059 1158 bovis
1075 1136 1181 1168 pastum
1198 1129 1286 1166 abegit
1300 1129 1325 1157 iu
1341 1129 1443 1158 deserta
1465 1142 1469 1157 z
1489 1131 1524 1158 ita
1541 1138 1565 1158 et
1580 1132 1704 1160 rebellem
1719 1132 1792 1161 veri-

233 1176 280 1204 tati
294 1176 443 1205 Tiridatem
454 1188 573 1216 aprugna
585 1178 668 1205 forma
682 1177 808 1205 indutum
822 1177 946 1215 Gregorii
959 1188 1050 1216 preces
1067 1177 1189 1204 humanae
1205 1177 1295 1204 sortuae
1308 1176 1487 1207 restituerunt,
1506 1177 1599 1206 Fidem
1611 1178 1732 1216 equidem
1744 1179 1792 1207 ha-

232 1223 291 1251 buit
302 1234 347 1261 spe
358 1224 462 1259 nixam,
477 1231 502 1252 et
517 1224 648 1263 integram
661 1231 810 1261 ntgrannm
824 1224 935 1262 sinapis,
953 1224 979 1251 in
992 1234 1043 1261 quo
1057 1233 1108 1251 non
1120 1230 1204 1261 potest
1219 1229 1344 1260 corrupto
1359 1223 1458 1251 vermis
1470 1223 1543 1259 oriri,
1559 1235 1641 1262 neque
1651 1225 1725 1263 grani
1735 1225 1793 1254 vir-

232 1277 314 1298 tutem
328 1270 501 1299 imminuere:
513 1282 606 1299 verum
618 1271 698 1299 fidem
713 1271 748 1299 ita
761 1272 865 1299 firmam
880 1271 982 1304 habuit,
993 1278 1020 1298 ut
1033 1270 1060 1298 id
1075 1270 1266 1309 perficiendum
1279 1269 1435 1304 confideret,
1448 1270 1635 1308 quodcumque
1646 1272 1793 1310 postularet

232 1327 246 1343 a
261 1317 334 1353 Deo;
350 1324 427 1355 atque
438 1317 459 1345 si
474 1317 574 1345 diceret
587 1318 683 1351 monti,
700 1318 827 1345 Transfer
838 1325 862 1345 te
877 1318 950 1350 illue,
964 1317 1056 1356 procul
1070 1316 1154 1345 dnbio
1169 1315 1381 1343 transferendum
1397 1316 1452 1343 sore
1465 1327 1512 1355 pro
1527 1324 1597 1345 certo
1613 1325 1720 1348 teneret.
1738 1318 1793 1346 Ab-

233 1362 265 1390 sit
277 1373 349 1400 ergo,
363 1370 454 1392 utnon
469 1364 611 1392 crediderit
625 1365 760 1392 hominem
774 1375 894 1402 aprugna
906 1364 989 1391 forma
1002 1363 1124 1390 indutum
1140 1362 1223 1400 priori
1240 1362 1330 1389 sormae
1345 1372 1420 1400 posse
1435 1363 1545 1391 restitui.

274 1411 319 1436 Ast
337 1419 385 1447 ego
400 1410 489 1439 virum
503 1410 574 1438 hune
588 1410 776 1438 admirandum
793 1410 871 1438 valde
884 1410 1000 1448 suspicio
1015 1415 1159 1447 sponteque
1175 1408 1245 1436 seror
1260 1408 1285 1435 in
1306 1408 1362 1446 ejus
1375 1409 1524 1437 encomium
1539 1421 1545 1436 ε
1561 1421 1655 1439 verum
1669 1411 1749 1440 timeo
1762 1422 1794 1440 ne

234 1454 300 1482 tanti
314 1455 365 1483 viri
380 1456 506 1484 laudibus
517 1457 603 1495 impar
616 1457 741 1484 sitoratio
757 1466 814 1483 nica
827 1467 833 1489 ;
848 1466 898 1483 non
912 1455 969 1483 ideo
981 1462 1067 1483 tamen
1080 1465 1093 1482 a
1109 1455 1245 1493 proposito
1260 1453 1381 1483 recedere
1392 1465 1465 1483 mens
1479 1463 1516 1484 est
1532 1468 1538 1483 :
1552 1457 1656 1485 confido
1670 1458 1741 1486 enim
1755 1465 1794 1486 te-

235 1501 362 1529 nuitatem
377 1503 475 1530 virium
497 1514 614 1530 mearum
633 1503 713 1531 animi
730 1503 922 1541 promtitudine.
943 1503 998 1530 fore
1010 1503 1198 1541 superandam.
1219 1503 1257 1531 Ea
1272 1502 1367 1540 igitur,
1382 1513 1441 1540 quae
1461 1503 1536 1532 valeo
1551 1503 1706 1543 depromere
1715 1516 1751 1534 ex
1762 1505 1795 1533 iis

235 1548 261 1576 in
277 1548 374 1586 quibus
390 1550 555 1577 manifestata
571 1557 609 1577 est
620 1549 727 1577 dextera
744 1549 793 1577 Dei
806 1571 813 1585 ,
829 1550 968 1588 proferam.

275 1597 299 1623 O
312 1606 411 1624 novum
427 1603 577 1634 portentum
591 1596 597 1625 l
616 1597 655 1624 sol
670 1596 695 1624 in
710 1607 784 1624 aereo
800 1597 864 1624 cacto
878 1608 892 1624 a
907 1597 962 1624 Deo
975 1596 1128 1629 conclusus,
1144 1595 1178 1623 ab
1194 1596 1246 1623 alto
1264 1595 1289 1623 in
1306 1602 1387 1624 terras
1404 1596 1502 1624 emittit
1519 1596 1625 1626 radios:
1639 1609 1737 1628 verum
1750 1599 1794 1627 hic

201 1646 217 1662 2³
234 1647 338 1668 sanctus
353 1651 386 1668 ex
400 1641 543 1678 profunda,
560 1642 586 1669 in
600 1652 650 1679 qua
665 1641 786 1670 detentus
801 1649 867 1675 erat,
879 1642 965 1676 fovea,
983 1641 1072 1669 radios
1085 1652 1145 1669 suos
1162 1643 1187 1669 in
1201 1641 1301 1669 excelsa
1319 1642 1446 1670 melorum
1459 1642 1563 1681 dirigit.
1580 1643 1651 1672 Eum
1666 1645 1795 1674 intuentes

233 1686 319 1724 angeli
335 1688 520 1725 etareliangeli
533 1688 634 1716 felicem
651 1689 870 1727 pronuntiabant,
889 1689 966 1726 eique
983 1688 1008 1716 in
1022 1689 1088 1716 fossa
1102 1688 1199 1726 jacenti
1211 1688 1419 1716 finnulatmntur.
1437 1690 1541 1727 Corpus
1555 1690 1612 1728 ejus
1625 1691 1751 1720 videbant
1767 1692 1794 1720 in

234 1734 304 1769 lacu,
321 1733 387 1761 (lum
400 1734 426 1762 in
437 1735 507 1762 erm-lis
523 1735 641 1772 fulgebat
653 1736 709 1773 ejus
722 1735 847 1763 sanctitas
864 1747 869 1762 :
885 1746 1027 1774 corporeus
1043 1736 1068 1763 in
1082 1736 1157 1769 carlo,
1170 1735 1315 1773 angelusin
1331 1742 1400 1763 terra
1416 1747 1421 1763 :
1435 1746 1531 1774 corpus
1546 1736 1655 1773 habens,
1671 1738 1727 1767 sine
1737 1749 1795 1767 cor-

233 1791 297 1817 pore
308 1792 362 1809 esse
376 1782 517 1810 videbatur
534 1782 661 1810 :caelestis
673 1783 764 1819 bomo,
779 1783 910 1811 terrestris
926 1783 1035 1821 angelus
1049 1793 1062 1810 e
1080 1783 1143 1810 ezelo
1155 1782 1279 1810 columna
1294 1782 1362 1821 ignis
1378 1790 1457 1821 caput
1470 1784 1526 1821 ejus
1541 1783 1566 1811 in
1583 1791 1650 1813 terra
1668 1786 1775 1825 pertigit
1788 1799 1794 1815 z

235 1826 400 1855 illuminator
415 1828 544 1856 Armeniae
555 1828 776 1863 ,fundamentum
790 1829 886 1856 stabile
898 1829 1054 1857 Graecorum
1070 1828 1220 1864 (Armeniae
1236 1828 1375 1865 Minoris),
1390 1829 1525 1867 apostolus
1541 1830 1652 1866 Christi,
1670 1832 1796 1870 viamque

235 1881 440 1911 pra³nionstrans
457 1874 619 1902 hominibus.

276 1920 391 1948 Felicem
401 1927 425 1948 te
439 1920 499 1949 dieo
513 1922 646 1960 primam,
662 1932 677 1950 ο
690 1923 808 1951 Caesarea
830 1922 1020 1962 Cappadocum
1038 1935 1043 1950 z
1059 1934 1073 1951 a
1095 1930 1118 1950 te
1131 1922 1200 1950 enim
1220 1922 1417 1961 impositionem
1430 1933 1558 1951 manuum
1573 1924 1674 1963 accepit
1693 1925 1796 1954 multo-

237 1977 295 1994 rum
309 1974 398 2006 pastor
413 1968 583 2006 populorum.
597 1970 674 1997 Tunc
684 1976 772 1997 autem
784 1970 876 1998 eodem
888 1970 1017 1998 virtutum
1031 1970 1171 2009 splendore
1184 1970 1322 2008 fulgebant
1337 1977 1504 1998 consecratus
1520 1976 1545 1998 et
1559 1979 1733 2003 consecrator.

278 2013 312 2041 lli
332 2015 537 2053 (Cappadoces)
553 2015 711 2054 validisjam
722 2017 824 2045 fundati
841 2017 1116 2051 e1·ant1·adieibus;et
1138 2017 1183 2045 ille
1195 2017 1250 2055 ipse
1262 2017 1332 2045 solus
1343 2016 1460 2044 radicem
1471 2018 1580 2052 sumsit,
1595 2018 1666 2047 unde
1678 2019 1736 2055 alii,
1747 2019 1794 2057 qui

239 2059 335 2087 radicis
349 2068 469 2098 expertes
483 2069 568 2098 erant,
585 2073 660 2090 suam
675 2064 834 2102 acciperent.
851 2064 894 2091 lbi
916 2064 1007 2091 multzr
1028 2064 1224 2102 colligebantur
1242 2064 1331 2101 fruges
1350 2063 1384 2091 ab
1401 2064 1541 2102 operariis,
1557 2065 1602 2102 qui
1618 2065 1681 2094 olim
1696 2067 1795 2095 inculta

238 2107 407 2135 excoluerant
422 2120 427 2134 :
443 2108 489 2136 ille
503 2119 564 2136 vcro
578 2109 648 2137 solus
661 2109 715 2148 ipse
732 2111 883 2149 operarius,
904 2111 982 2138 unica
999 2122 1077 2139 mann
1093 2119 1183 2139 tenens
1198 2111 1279 2139 aratri
1295 2111 1407 2145 stivam,
1424 2118 1506 2139 terras
1520 2112 1669 2151 complures
1682 2113 1796 2142 incultas

237 2153 318 2181 verbo
339 2154 457 2182 veritatis
471 2155 631 2184 emolliebat.
650 2157 736 2184 Unico
747 2167 854 2185 vomere
867 2157 954 2185 sulcos
971 2168 1030 2185 cum
1051 2158 1195 2196 aperuisset
1211 2157 1374 2193 innumeros,
1389 2168 1475 2185 semen
1490 2158 1651 2197 quintuplex
1662 2166 1686 2187 et
1699 2160 1796 2189 multos

237 2200 337 2228 fruetus
352 2201 441 2229 retulit
456 2214 461 2230 :
476 2209 554 2240 atque
569 2203 672 2241 pugillo
694 2214 780 2232 semen
796 2204 920 2233 divinum
935 2205 1147 2244 apprehendens,
1159 2205 1251 2243 digitis
1268 2205 1371 2233 infinita
1385 2215 1465 2242 grana
1480 2205 1675 2243 spargentibus,
1689 2217 1796 2247 campos

237 2246 381 2275 seminabat
397 2248 537 2286 plurimos.
548 2250 626 2277 Tunc
644 2249 671 2277 in
689 2250 769 2279 sulcis
779 2274 786 2287 ‚
798 2251 875 2279 unico
891 2251 989 2280 lacerto
1006 2252 1102 2280 excisis
1114 2274 1121 2287 ‚
1132 2259 1193 2280 satae
1208 2251 1286 2280 unica
1304 2261 1382 2279 manu
1402 2251 1492 2289 fruges
1506 2251 1586 2280 simul
1599 2253 1794 2291 germinabant.

271 2346 295 2376 (l
309 2346 317 2377 )
330 2347 372 2370 Ila
387 2347 524 2380 loquuntur
538 2348 578 2373 lzt'c
593 2349 708 2380 Armeni,
722 2351 768 2382 qui
777 2356 843 2375 recle
861 2351 891 2375 (Ie
903 2360 1011 2383 persona
1027 2351 1122 2375 Christi
1134 2351 1274 2375 sentiebant
1290 2362 1296 2374 .·
1314 2350 1353 2374 hic
1373 2360 1428 2374 vero
1438 2360 1483 2383 per
1496 2360 1595 2375 carnem
1610 2361 1741 2385 personam
1755 2356 1797 2377 m-

238 2386 362 2419 lellingl.

270 2426 317 2458 (2)
333 2428 419 2459 viginti
431 2434 455 2452 et.
467 2434 515 2452 tres
526 2428 639 2453 homitias
650 2432 800 2462 composuit,
814 2440 875 2463 quas
888 2430 1007 2456 hahemus
1019 2433 1042 2456 in
1055 2431 1148 2456 Codice
1157 2433 1187 2457 O.
1204 2432 1364 2456 Bibliottnecae
1376 2432 1466 2463 Regiae.

272 2467 317 2498 (3)
330 2469 607 2493 Iunuit.institutionem
619 2471 650 2493 ad
661 2470 733 2495 [idem
747 2480 821 2503 quatu
831 2473 929 2503 scripsit
937 2480 1037 2497 sanetus
1048 2474 1181 2503 Gregorius
1190 2474 1213 2497 in
1225 2475 1331 2505 gratiam
1343 2474 1405 2504 regis
1414 2480 1439 2497 et
1450 2474 1516 2505 regni
1527 2473 1657 2498 Armenia).
1671 2475 1729 2499 Haee
1738 2474 1795 2498 {idei

237 2508 357 2539 expositio
370 2510 492 2540 reperitur
501 2518 599 2542 quoque
611 2511 635 2535 in
643 2520 715 2543 supra
727 2511 796 2536 dicto
809 2512 910 2543 Codice,
921 2513 961 2546 qui
975 2521 1082 2546 scriptus
1094 2514 1138 2537 fuit
1150 2522 1216 2537 :tuno
1230 2522 1282 2538 aerfc
1294 2515 1404 2537 Armene
1423 2515 1482 2546 704,
1496 2520 1520 2538 et.
1532 2513 1626 2538 Christi
1642 2515 1711 2539 1255.
