1906 2846
298 179 363 220 Βάκι
633 187 660 208 s.
689 187 825 208 Joixuis
853 186 1032 208 eiinrsosr.

294 248 400 286 quando
414 248 545 286 quispiam
564 257 578 274 a
593 247 659 276 suis.
679 245 785 283 quando
798 246 832 273 ah
845 246 887 277 iis,
902 256 968 283 quos
982 246 1027 273 bc-

293 295 387 322 nelicio
402 293 492 327 aflicit,
509 291 612 330 probris
626 292 743 319 aflicitur
756 303 761 317 :
775 290 870 319 etenim
887 291 933 318 ille
946 291 980 318 ab
998 300 1028 319 co

292 385 371 414 tavit,
388 383 527 410 ostendens
545 381 614 419 qnod
636 381 758 409 Christus
774 391 879 419 quoque
900 381 955 409 hoec
976 392 1025 420 pa-

291 429 416 461 tiebatur,
432 435 455 455 et
471 429 587 466 Moyses,
601 427 660 455 duat
671 427 747 454 clarae
762 434 786 455 et
802 426 917 465 insignes
932 437 1025 465 perso—

290 485 340 502 mr.
376 473 556 508 Quamobrem
584 473 633 500 hoe
662 472 854 511 improperium
879 479 917 500 est
941 472 1026 510 magis

290 519 389 547 Christi
404 530 483 556 quam
501 519 607 557 Moysis,
623 518 748 555 quoniam
761 529 774 545 a
794 517 849 546 suis
862 517 919 546 haee
934 528 1026 556 passus

289 572 336 593 est.
350 565 403 593 Sed
419 575 503 602 neque
523 564 567 591 hic
585 563 688 600 aliquid
707 570 744 592 est
760 574 864 602 passuS,
882 573 967 601 neque
980 562 1026 591 ille

287 611 399 639 fulmina
421 610 571 645 emittebat,
595 609 641 637 scd
663 609 767 648 probris
790 609 974 646 afficiebatur,
1000 616 1026 638 et

288 657 386 684 ferebat
401 656 499 688 omnia,
521 655 575 683 illis
589 655 758 683 moventibus
778 655 874 694 capita.
889 655 1025 691 Quoniam

288 713 350 739 crgo
362 701 507 730 verisimile
520 708 576 728 erat
588 711 630 729 eos
642 711 747 739 qnoque
758 701 814 729 liaec
828 700 931 737 audire,
946 708 970 729 et
983 701 1024 729 dc-

287 747 402 775 siderare
417 746 662 782 renumerationem,
676 746 742 774 dicit
758 746 896 775 Christum
909 753 933 775 ct
946 748 1025 785 Moy-

287 803 340 820 sem
357 792 418 819 talia
431 802 486 820 esse
501 802 645 830 perpessos.
661 791 776 829 Requies
790 802 852 830 ergo
865 799 890 820 et
904 791 1024 820 remissio

286 844 323 865 est
338 837 457 876 peccati;
478 837 583 876 probris
602 844 691 866 autem
714 837 796 872 affici,
821 837 932 866 Christi.
950 837 1023 872 Quid

286 894 347 921 crgo
361 883 445 911 mavis
457 883 469 910 ἶ)
484 883 677 922 improperium
694 884 809 918 Christi',
821 895 854 912 an
869 884 987 922 requiem
1000 890 1024 912 et

286 928 368 956 animi
387 928 593 956 remissionem?
618 930 666 957 5³27.
694 931 768 957 Fide
784 930 902 968 reliquit
927 931 1022 969 ,Εὖγ-

283 980 376 1010 ptum,
394 985 452 1002 non
466 976 576 1002 veritus
591 976 806 1004 animositatem
821 978 895 1014 regis
908 987 915 1002 .-
928 977 1025 1004 invisi-

287 1020 372 1048 bilem
395 1024 471 1048 enim
494 1027 645 1059 tamquam
668 1022 772 1050 ‘videns
787 1024 932 1050 sustinuit.
951 1021 1023 1056 Quid

284 1065 372 1093 dicis?
384 1076 436 1093 non
445 1066 553 1094 timuit?
563 1066 642 1103 Atqui
653 1066 718 1094 dicit
731 1067 879 1106 Scriptura,
888 1067 1023 1104 quodcum

285 1111 430 1139 audivisset
451 1111 550 1146 timuit,
569 1118 594 1139 et
621 1111 681 1140 ideo
705 1112 767 1149 suga
790 1122 843 1140 suae
863 1112 942 1141 saluti
963 1123 1023 1140 con-

285 1157 366 1185 suluit
379 1163 404 1185 et
418 1158 522 1196 aufugit
534 1164 559 1185 et
573 1157 665 1185 furtim
686 1168 712 1185 se
727 1158 868 1196 subduxit,
887 1165 911 1186 et
933 1165 1023 1197 postea

285 1209 340 1231 erat
359 1202 385 1230 in
407 1202 508 1231 timore.
531 1202 644 1231 Attende
667 1203 809 1241 diligenter
821 1211 846 1231 et
860 1211 982 1232 accurate
1000 1204 1022 1231 ei

285 1247 356 1285 quod
368 1247 470 1276 dictum
483 1254 519 1276 est
534 1261 541 1276 :
558 1248 634 1282 illud,
646 1250 714 1277 Non
725 1251 836 1277 veritus
849 1251 924 1277 iram
938 1251 1022 1287 regis,

284 1293 355 1321 dixit
370 1293 512 1331 respiciens
525 1293 558 1321 ad
573 1293 602 1321 id
616 1293 690 1331 quod
703 1301 791 1332 postea
811 1294 953 1322 adstiterit.
971 1294 1021 1322 Ti-

284 1339 379 1366 mentis
394 1339 463 1366 enim
482 1346 537 1367 erat
559 1350 610 1368 non
625 1340 755 1377 attingere
778 1350 869 1367 rursus
884 1339 1020 1368 defensio-

284 1395 344 1412 nem
365 1391 390 1412 et
406 1385 593 1423 patrocinium,
609 1396 693 1422 neque
715 1396 769 1413 rem
785 1384 914 1423 aggredi3
931 1384 1019 1412 denuo

284 1437 372 1458 autem
391 1430 528 1468 attingere,
550 1438 605 1459 erat
626 1431 683 1469 ejus
705 1431 749 1468 qui
768 1432 823 1458 Deo
839 1430 928 1458 omnia
943 1440 1020 1458 com-

284 1474 414 1502 mittebat.
437 1476 496 1502 Non
519 1476 589 1504 enini
605 1476 684 1511 dixit,
702 1475 803 1510 Quaerit
825 1486 878 1510 nie,
894 1482 920 1503 et
940 1475 1019 1503 inda-

284 1527 339 1556 gat,
354 1530 401 1547 nec
412 1519 496 1549 audeo
511 1521 601 1549 eadem
617 1532 707 1549 rursus
722 1520 842 1559 aggredi.
852 1521 917 1548 Erat
931 1521 1020 1558 itaque

284 1566 346 1594 fidei
361 1566 459 1603 sugere.
477 1567 531 1595 Cur
545 1578 606 1605 crgo
626 1578 676 1595 non
694 1568 800 1603 mansit,
816 1567 903 1605 inquit
915 1567 928 1594 P
942 1568 980 1595 Ne
992 1567 1019 1594 in

284 1612 427 1651 praevisum
448 1623 475 1641 se
490 1612 607 1651 injiceret
623 1613 781 1652 periculum.
799 1613 854 1641 Hoc
875 1612 945 1641 enim
962 1612 1020 1651 jam

283 1665 338 1687 erat
355 1658 489 1695 tentantis,
504 1659 530 1687 in
548 1658 633 1687 media
649 1659 772 1697 prosilire
785 1659 915 1698 pericula,
936 1665 961 1687 et
978 1658 1020 1686 di-

1064 186 1081 207 A
1089 186 1216 208 uenit-11).

1247 186 1373 208 CONSTA
1380 187 1499 210 ΝΤΙΝΟΙΙ
1507 203 1513 209 .

1083 258 1140 274 ται·
1155 246 1199 274 καὶ
1214 246 1264 285 γὰρ
1279 248 1374 279 ἐκεῖνος
1392 247 1464 286 παρὰ
1477 251 1522 276 τοῦ
1539 250 1746 287 εὐεργετηθέντος
1761 253 1841 278 ταῦτα

1082 290 1206 330 ἔπασχεν.
1222 291 1351 320 Ἐνταῦθα
1369 292 1459 325 αὐτοὺς
1480 293 1617 328 ἀνέστησε,
1632 295 1731 327 δεικνὺς
1745 296 1784 324 ὅτι
1798 296 1841 324 καὶ

293 339 440 377 patiebatur
453 348 530 373 qumu
546 336 673 364 beneficio
687 337 819 364 all'ecerat.
836 335 884 363 llic
896 346 939 364 cos
953 335 1028 364 cxci·
1037 359 1072 376 ,ΜΟ
1081 339 1094 365 ὁ
1106 337 1217 375 Χριστὸς
1231 340 1314 365 ταῦτα
1329 337 1440 377 ἔπασχε,
1453 338 1497 367 καὶ
1512 341 1525 367 ὁ
1540 340 1669 374 Μωῦσῆς,
1683 340 1727 368 δύο
1738 341 1841 378 πρόσω-

1046 387 1063 407 A
1080 395 1118 411 πα
1139 382 1227 416 ἔνδοξα
1241 395 1246 400 ·
1261 382 1328 412 ὥστε
1343 387 1388 412 τοῦ
1408 385 1522 423 Χριστοῦ
1537 386 1636 422 μᾶλλόν
1658 387 1727 414 ἐστιν
1742 381 1814 418 οὗτος
1829 389 1842 415 ὁ

1080 428 1223 466 ὀνειδισμὸς
1241 428 1257 462 ἢ
1273 432 1317 457 τοῦ
1337 429 1484 465 Masticium,
1500 430 1589 466 ἐπειδὴ
1611 430 1683 470 παρὰ
1703 433 1754 459 τῶν
1770 430 1842 459 ἰδίων

1079 477 1187 502 τοιαῦτα
1201 474 1304 503 ἔπαθεν.
1322 474 1390 503 Ἀλλ’
1400 475 1458 504 οὔτε
1472 477 1567 508 ἐκεῖνος
1583 476 1665 505 ἔπαθέ
1675 488 1714 512 τι,
1728 476 1786 505 οὔτε
1801 472 1842 504 03-

1079 532 1121 552 τος
1147 519 1284 558 κεραυνοὺς
1312 520 1397 559 ἠφίει,
1429 522 1487 549 ἀλλ’
1512 522 1673 558 ὠνειδίζετο,
1700 521 1744 550 καὶ
1767 522 1840 560 ἔφερε

1079 565 1183 601 πάντα,
1198 565 1337 594 κινούντων
1356 566 1461 594 ἐκείνων
1483 566 1529 599 τὰς
1549 567 1674 606 κεφαλάς.
1700 568 1778 597 Ἐπεὶ
1798 563 1841 596 οὖν

1079 611 1146 643 εἰκὸς
1165 607 1195 646 ἦν
1216 614 1324 640 τοιαῦτα
1346 612 1448 640 ἀκούειν
1465 612 1509 640 καὶ
1524 613 1627 648 αὐτοὺς,
1642 613 1687 642 καὶ
1705 615 1840 651 ἐπιθυμεῖν

1078 656 1125 691 τὴν
1150 656 1339 691 ἀνταπόδοσιν,
1363 657 1433 695 λέγει
1456 658 1496 686 ὅτι
1522 658 1566 686 καὶ
1590 661 1602 686 ὃ
1626 659 1738 697 Χριστὸς
1760 658 1805 687 καὶ
1829 661 1842 687 ὁ

1080 703 1194 736 Μωῦσῆς
1207 705 1315 730 τοιαῦτα
1328 702 1498 731 πεπόνθασιν.
1508 702 1574 741 Ἄρα
1587 699 1629 732 οὖν
1644 707 1660 740 ἡ
1676 704 1723 742 μὲν
1739 704 1841 739 ἄνεσις,

1078 748 1125 781 τῆς
1140 746 1272 785 ἁμαρτίας
1286 747 1340 776 ἐστὶ
1352 770 1358 783 ,
1373 747 1402 775 τὸ
1416 747 1442 776 δὲ
1456 748 1639 785 ὀνειδίζεσθαι,
1653 752 1698 778 τοῦ
1715 750 1840 789 Χριστοῦ.

1079 792 1114 821 Τί
1128 792 1178 831 γὰρ
1195 792 1299 830 βούλει;
1317 793 1361 821 τὸν
1381 794 1526 831 ὀνειδισμὸν
1538 797 1583 822 τοῦ
1604 795 1733 833 Χριστοῦ,
1753 793 1770 828 ἢ
1793 794 1840 828 τὴν

1079 838 1184 873 ἅνεσιν;
1206 837 1302 866 Πίστει
1324 838 1463 867 κατέλιπεν
1486 839 1632 877 Αἴγυπτον,
1655 839 1692 877 μὴ
1720 839 1842 878 φοὸηθεὶς

1077 884 1121 912 τὸν
1136 884 1215 921 Ουμὸν
1233 887 1278 912 τοῦ
1295 885 1440 922 βασιλέως·
1458 885 1500 913 τὸν
1522 885 1572 924 γὰρ
1596 885 1705 925 ἀόρατον
1726 887 1761 918 ὥς
1774 887 1840 924 ὁρῶν

1044 937 1060 959 Β
1079 930 1244 969 ἐκαρτέρησε.
1259 930 1294 958 Τί
1307 930 1391 968 λέγεις
1402 943 1409 965 ;
1422 930 1462 959 ὅτι
1477 932 1524 959 οὐκ
1540 931 1674 970 {epod-[10⁷5
1689 931 1741 960 Καὶ
1756 930 1807 968 μὴν
1823 933 1839 965 ἡ

1079 975 1170 1013 Γραφὴ
1190 975 1265 1004 τοῦτο’
1286 987 1381 1014 φησιν,
1397 976 1437 1004 ὅτι
1456 976 1569 1008 ἀκούσας
1584 976 1712 1014 {poe-60⁷1,
1734 975 1779 1005 καὶ
1799 975 1841 1004 διὰ

1078 1024 1153 1049 τοῦτο
1169 1023 1237 1059 φυγῇ
1257 1021 1303 1056 τὴν
1319 1021 1451 1060 σωτηρίαν
1464 1021 1606 1061 ἐπορίσατο
1621 1022 1664 1050 καὶ
1681 1021 1782 1061 ἀπέδρα
1796 1022 1841 1051 καὶ

1077 1065 1212 1104 ἐξέκλεψεν
1243 1067 1351 1102 ἑαυτὸν,
1376 1067 1420 1095 καὶ
1446 1067 1513 1104 μετὰ
1539 1069 1622 1095 ταῦτα
1649 1067 1771 1106 περιδεὴς
1795 1063 1838 1102 ἦν.

1078 1110 1198 1149 Πρόσεχε
1216 1111 1282 1149 μετὰ
1301 1111 1435 1149 ἀκριέῗείας
1456 1111 1657 1151 τῷεῖρημένῳ·
1672 1112 1717 1147 τὸ,
1733 1112 1779 1147 Μὴ
1793 1123 1840 1151 φο-

1077 1156 1165 1191 ὂηΟεὶς
1182 1156 1225 1184 τὸν
1243 1157 1322 1194 Ουμον
1343 1159 1388 1184 τοῦ
1413 1157 1554 1195 βασιλέως,
1569 1158 1634 1195 πρὸς
1653 1157 1683 1186 τὸ
1698 1157 1743 1186 καὶ
1760 1158 1840 1186 πάλιν

1077 1204 1215 1237 ἐπιστῆναι
1239 1202 1336 1241 εἴρηκε.
1352 1203 1523 1240 (Ι)οῧουμένου
1541 1203 1591 1242 γὰρ
1611 1199 1642 1237 ἦν
1666 1202 1703 1240 μὴ
1724 1203 1840 1241 ἅψασθαι

1076 1249 1123 1281 τῆς
1145 1248 1306 1286 προστασίας
1327 1248 1422 1282 πάλιν,
1451 1247 1515 1284 μηδὲ
1537 1248 1691 1287 ἐγχειρῆσαι
1712 1249 1749 1286 τῷ
1768 1247 1840 1287 πρά-

1076 1305 1176 1330 γματι·
1192 1292 1221 1320 τὸ
1242 1293 1330 1329 μέντοι
1351 1292 1468 1330 ἅψασθαι
1490 1292 1585 1327 πάλιν,
1602 1294 1639 1331 τῷ
1659 1294 1722 1332 Θεῷ
1736 1293 1766 1324 τὸ
1787 1298 1840 1322 πᾶν

1076 1338 1260 1376 ἐπιτρέποντος
1279 1333 1319 1372 ἦν.
1344 1339 1384 1366 Οὐ
1404 1337 1454 1375 γὰρ
1477 1333 1548 1366 εἶπεν
1573 1337 1612 1366 ὅτι
1634 1340 1707 1372 ζητεῖ
1726 1349 1775 1376 με,
1795 1338 1841 1367 καὶ

1075 1384 1292 1421 περιεργάζεται,
1313 1382 1358 1411 καὶ
1371 1384 1418 1411 οὐκ
1433 1383 1561 1422 ἀνέχομαι
1580 1383 1661 1412 πάλιν
1681 1386 1734 1412 τῶν
1755 1385 1839 1413 αὐτῶν

1075 1428 1202 1466 ἅψασθαι.
1214 1427 1298 1456 ’Ώστε
1309 1428 1354 1457 καὶ
1368 1429 1398 1457 τὸ
1408 1433 1497 1467 φυγεῖν
1510 1428 1624 1461 πίστεως
1637 1424 1677 1464 ἦν.
1688 1429 1724 1458 Τί
1740 1425 1783 1458 οὖν
1793 1430 1840 1458 οὔκ

1038 1480 1056 1501 (3
1075 1474 1176 1511 ἔμεινε,
1192 1474 1269 1512 φησίν
1281 1486 1288 1509 ;
1302 1473 1386 1502 ’Ώστε
1402 1474 1438 1512 μὴ
1455 1476 1490 1506 εἷς
1501 1478 1631 1514 προῦπτον
1645 1475 1737 1504 ἑαυτὸν
1748 1475 1839 1504 κίνδυ-

1075 1531 1115 1548 νον
1132 1519 1265 1557 ἐμὸαλεῖν.
1287 1521 1373 1548 Τοῦτο
1394 1520 1444 1558 γὰρ
1467 1520 1558 1549 λοιπὸν
1574 1520 1740 1559 πειράζοντος
1757 1517 1789 1556 ἦν
1809 1521 1840 1550 τὸ

1074 1565 1199 1594 ἅλλεσθαι
1225 1567 1260 1598 εἷς
1283 1566 1378 1603 μέσους
1398 1566 1543 1601 κινδύνους,
1563 1567 1608 1595 καὶ
1627 1566 1727 1605 λέγειν,
1749 1567 1796 1596 ἴδω
1816 1569 1839 1596 εἰ

1075 1611 1150 1645 σώζει
1163 1624 1195 1650 με
1213 1614 1226 1640 ὁ
1241 1612 1315 1645 Θεός.
1330 1613 1415 1640 Τοῦτο
1431 1612 1475 1640 καὶ
1492 1614 1530 1650 τῷ
1548 1613 1656 1652 Χριστῷ
1671 1608 1741 1642 εἶπεν
1752 1615 1765 1642 ὃ
1782 1613 1840 1642 διά·-

1074 1658 1151 1690 ὅολος
1163 1669 1169 1675 ·
1182 1657 1273 1696 Ῥῐψον
1294 1658 1402 1686 σεαυτὸν
1414 1658 1495 1686 κάτω.
1511 1656 1594 1697 Ὁρᾷς
1611 1657 1651 1686 ὅτι
1663 1660 1738 1687 τοῦτο
1751 1658 1839 1687 διαδο-

708 1769 880 1798 MUTIANO
902 1767 1154 1797 SCHOLASTICO
1176 1766 1426 1796 INTERPRETE.

283 1857 381 1895 quibus
397 1858 558 1887 beneficium
568 1859 702 1898 praestitit,
716 1860 827 1887 sustinet
843 1859 1034 1898 improperium
1046 1870 1052 1885 :
1063 1859 1159 1887 etenim
1171 1858 1216 1887 ille
1234 1869 1338 1897 quoque
1349 1869 1396 1897 pro
1407 1858 1535 1887 beneficio
1547 1869 1594 1888 suo
1606 1859 1662 1889 haec
1671 1860 1833 1899 patiebatur.

282 1905 332 1933 Hic
343 1914 385 1932 eos
397 1904 534 1941 excitavit,
549 1905 688 1934 ostendens
698 1906 761 1943 quia
773 1912 797 1934 ct
809 1905 930 1934 Christus
941 1905 1031 1933 eadem
1048 1915 1141 1944 passus
1156 1911 1194 1933 est
1204 1911 1227 1932 et
1237 1906 1334 1942 Moses,
1346 1905 1406 1933 dnae
1418 1915 1534 1944 personae
1544 1906 1622 1934 clarae
1637 1913 1662 1935 ct
1676 1906 1834 1947 divulgatae.

280 1951 396 1981 Proinde
406 1952 507 1981 Christi
518 1953 602 1991 magis
615 1960 653 1981 est
665 1953 857 1993 improperium
870 1953 952 1989 istud,
966 1963 1045 1991 quam
1056 1952 1151 1990 Mosis,
1166 1952 1291 1991 quoniam
1301 1963 1316 1981 a
1327 1953 1444 1992 propriis
1456 1952 1505 1981 ista
1519 1963 1611 1992 passus
1623 1960 1669 1982 est.
1687 1954 1741 1984 Sed
1754 1965 1837 1994 neque

280 2000 325 2028 ille
336 2001 466 2039 fulgorem
477 2000 624 2037 emittebat,
635 2011 719 2039 neque
734 2001 782 2030 iste
793 2012 886 2040 passus
899 2007 936 2029 est
946 2000 1060 2038 aliquid,
1073 1999 1117 2029 sed
1130 2000 1323 2040 improperium
1334 2001 1481 2029 sustinebat
1492 2007 1516 2029 et
1527 2001 1657 2040 patienter
1667 2009 1760 2030 cuncta
1771 2002 1837 2031 sere-

279 2046 335 2083 bat,
350 2046 404 2075 illis
419 2046 587 2075 moventibus
602 2047 689 2086 capita
703 2058 760 2075 sna.
775 2048 846 2083 Quia
861 2058 923 2086 ergo
937 2053 1062 2086 poterunt
1073 2047 1185 2075 fortasse
1196 2046 1237 2074 his
1250 2046 1349 2074 auditis
1363 2045 1514 2074 desiderare
1528 2046 1608 2074 etiam
1619 2047 1671 2086 ipsi
1683 2047 1837 2076 retributio-

280 2103 339 2121 nem
351 2115 359 2131 ,
375 2093 441 2122 dicit
457 2105 462 2120 :
480 2092 550 2128 Quia
561 2100 585 2122 et
601 2094 723 2122 Christus
735 2101 760 2122 et
775 2096 862 2123 Moses
877 2094 941 2122 talia
955 2093 1026 2133 passi
1042 2099 1113 2122 sunt.
1129 2092 1244 2122 Proinde
1259 2093 1370 2129 delicioe,
1385 2092 1483 2131 inquit,
1499 2099 1525 2121 et
1539 2092 1659 2122 remissio
1679 2093 1714 2122 ad
1735 2100 1837 2133 partem

279 2139 380 2178 peccati
393 2140 534 2179 pertinent,
548 2140 710 2179 improperia
725 2151 786 2169 vero
800 2142 937 2176 sustinere,
951 2140 984 2168 ad
1000 2140 1147 2169 Christum.
1162 2139 1237 2174 Quid
1251 2139 1320 2168 enim
1333 2139 1383 2174 vis,
1401 2139 1596 2179 improperium
1616 2139 1717 2169 Christi
1737 2150 1771 2169 an
1790 2151 1836 2169 re—

280 2186 433 2216 missionem
445 2194 469 2215 et
483 2187 612 2215 delicias?
628 2189 702 2216 Fide
715 2188 832 2226 reliquit
849 2189 1020 2226 AEgyptum,
1035 2198 1093 2215 non
1108 2189 1218 2216 veritus
1233 2188 1448 2215 animositatem
1462 2189 1535 2226 regis
1549 2199 1558 2214 :
1573 2187 1749 2215 invisibilem
1760 2189 1836 2216 enim

281 2239 429 2272 tamquam
446 2234 551 2262 videns
566 2236 711 2262 sustinuit.
729 2233 803 2270 Quid
822 2233 889 2262 dicis
903 2234 964 2272 quia
980 2244 1030 2262 non
1046 2234 1158 2262 timuit?
1181 2240 1205 2262 et
1220 2240 1307 2262 tamen
1323 2233 1462 2272 Scriptura
1480 2233 1532 2261 hoc
1546 2232 1623 2270 dicit,
1646 2232 1708 2270 quia
1727 2232 1837 2262 audiens

280 2280 379 2308 veritus
398 2287 445 2316 est,
462 2287 487 2308 et
497 2288 636 2320 propterea
651 2281 713 2320 suga
729 2281 840 2310 salutem
856 2281 1001 2319 acquisivit
1016 2288 1041 2309 et
1054 2281 1080 2309 in
1095 2281 1186 2320 fugam
1202 2291 1294 2310 versus
1307 2287 1345 2308 est
1359 2287 1385 2308 et
1403 2280 1505 2308 furatus
1519 2279 1636 2319 seipsum
1650 2279 1684 2308 de
1696 2279 1795 2316 medio,
1811 2287 1836 2309 et

280 2332 340 2363 post
361 2326 416 2354 haec
430 2325 456 2354 in
472 2326 566 2355 timore
580 2334 645 2355 erat.
662 2327 775 2356 Intende
790 2327 872 2366 igitur
887 2327 1030 2365 diligenter
1043 2327 1069 2356 in
1083 2327 1134 2356 hoc
1148 2327 1222 2356 dicto
1237 2338 1243 2354 :
1260 2326 1334 2364 quod
1348 2325 1424 2362 dicit,
1447 2327 1517 2354 Non
1531 2327 1644 2355 veritus
1659 2328 1835 2356 animosita—

281 2380 337 2401 tem
351 2376 437 2412 regis,
454 2381 478 2403 et
499 2374 533 2403 ad
548 2374 703 2403 instandum
718 2375 826 2413 iterum,
854 2375 935 2404 dixit.
952 2375 1083 2404 Timentis
1099 2375 1200 2414 quippe
1215 2381 1280 2411 erat,
1302 2384 1353 2403 non
1368 2373 1465 2403 reverti
1481 2373 1577 2402 iterum
1596 2373 1630 2402 ad
1644 2374 1832 2413 patrocinium,

281 2429 364 2456 neque
378 2430 432 2448 rem
447 2419 574 2459 aggredi5
589 2420 635 2449 scd
656 2427 743 2449 tamen
758 2420 830 2459 quod
845 2432 966 2450 reversus
987 2427 1024 2449 est
1045 2420 1152 2456 iterum,
1167 2420 1251 2449 animi
1273 2426 1328 2448 erat
1346 2420 1402 2448 Deo
1424 2429 1451 2447 se
1466 2418 1663 2447 committentis.
1683 2419 1742 2447 Non
1763 2419 1835 2448 enim

281 2465 362 2499 dixit,
379 2466 450 2501 Quia
464 2473 587 2505 quaerunt
605 2478 648 2496 me
667 2474 691 2495 et
708 2474 871 2503 scrutantur,
887 2478 939 2497 non
962 2478 1004 2496 me
1021 2467 1107 2506 igitur
1122 2467 1218 2495 iterum
1234 2465 1335 2494 eisdem
1353 2465 1418 2505 ipsis
1433 2465 1609 2494 committam.
1626 2464 1740 2493 Proinde
1754 2465 1834 2494 etiam

282 2510 353 2546 quod
373 2522 387 2539 a
403 2512 464 2549 fuga
480 2523 598 2542 reversus
615 2521 664 2551 est,
678 2514 741 2543 fidei
757 2514 816 2544 fuit.
835 2514 910 2550 Quid
925 2514 1010 2553 ergo?
1026 2514 1086 2543 Non
1102 2513 1258 2553 permansit,
1271 2512 1369 2551 inquit,
1389 2522 1422 2541 ne
1434 2522 1461 2540 se
1481 2512 1508 2540 in
1521 2517 1642 2550 apertum
1656 2511 1834 2551 praecipitaret

282 2557 429 2595 periculum
443 2571 448 2585 z
467 2560 527 2597 quia
540 2561 590 2590 hoc
602 2562 658 2600 jam
675 2562 798 2591 tentantis
812 2569 889 2597 esset,
907 2561 1009 2591 insilire
1029 2561 1055 2590 in
1070 2561 1156 2590 media
1170 2560 1298 2600 pericula,
1317 2567 1342 2589 et
1356 2559 1460 2589 dicere:
1477 2558 1623 2591 Videamus
1644 2558 1666 2587 si
1680 2569 1723 2588 me
1739 2558 1832 2588 liberet
