1906 2846
284 187 353 230 334
619 196 647 218 s.
675 197 813 219 sommis
839 197 1019 221 cnRYsOST.

282 258 315 286 de
328 259 390 287 l'aeti
411 268 502 286 suiuus
512 257 581 285 servi
593 257 753 285 homiuum?
765 257 836 292 Quia
848 258 912 286 sacti
926 268 1018 286 sumus

281 305 351 332 servi
378 304 477 332 ventris
502 309 525 330 et
553 303 670 340 pecuniae
694 309 719 330 et
740 303 831 340 gloriae
855 310 880 331 et
904 303 1019 332 aliorum

281 349 400 377 oninium
421 360 427 375 ε
447 347 614 387 prodidimus
635 347 783 376 libertatem
803 359 854 386 qua
873 359 920 377 nos
937 349 1018 377 dona-

280 395 318 422 vit
337 394 468 421 Christus.
485 393 557 428 Quid
583 403 645 431 crgo
670 400 757 421 manet
778 404 838 422 eum
866 394 912 432 qui
933 395 1018 423 sactus

280 446 318 467 est
330 449 436 475 servus,
451 439 495 468 dic
513 439 578 467 mihi
592 440 605 466 ἒ)
621 439 690 467 Audi
709 439 847 468 Christum
861 439 992 469 dicentem
1011 453 1017 469 :
1036 446 1051 467 R

228 496 264 517 ὴ,
278 485 381 514 Sem-115
399 495 456 513 non
476 491 573 513 manet
597 486 626 513 in
647 485 731 512 domo
751 487 782 513 in
801 492 948 514 (eternum.
961 486 1017 514 Ha-

278 529 324 559 hes
349 530 498 559 absolutam
525 530 702 567 sententiam,
724 530 796 568 quod
821 541 967 569 numquam
989 532 1016 560 in

277 586 389 615 regnum
408 576 558 614 ingreditur
576 575 645 603 :lioc
663 576 735 603 enim
755 582 794 604 est
811 575 918 605 domus.
946 577 1016 605 Nam

259 652 262 655 ,
279 624 314 650 In
329 623 427 657 dorno,
439 622 535 659 inquit,
552 622 652 649 Patris
667 623 723 649 mei
735 625 899 651 mansiones
915 623 1015 651 multae

276 674 352 696 sunt.
365 667 464 695 Servus
482 677 546 703 ergo
568 676 620 694 non
636 673 724 694 manet
741 666 769 694 in
790 666 870 695 domo
887 667 914 695 in
936 675 1014 696 aeter-

276 722 339 741 num
350 724 356 739 r
367 722 473 740 servum
485 711 549 739 dicit
560 711 673 750 peccati:
685 711 730 749 qui
741 718 829 741 autem
837 713 863 740 in
874 712 954 741 domo
963 724 1014 742 non

275 764 362 785 manet
375 758 401 785 in
413 764 551 793 aeternum,
565 758 590 784 in
601 757 721 795 gehenna
733 764 821 786 manet
831 758 858 786 in
871 765 997 787 aeternum
1007 781 1014 795 ‚

273 803 375 831 nullam
385 803 484 831 habens
494 803 708 832 consolationem.
716 803 767 833 Sed
780 804 849 832 enim
860 815 901 832 res
912 804 946 833 ad
957 816 1014 834 eam

274 849 409 877 redierunt
428 849 625 888 improbitatem
649 856 674 878 et
696 849 812 884 vitium,
829 857 859 878 nt
877 851 957 879 etiam
980 862 1015 880 ex

273 894 340 932 ipsis
362 894 461 922 saciant
487 894 684 934 eleemosynas,
705 901 730 924 et
743 895 841 924 multos
856 897 1010 936 suscipiant.

274 940 414 979 Propterea
439 950 529 968 eversa
550 947 588 968 est
616 947 705 969 nostra
731 941 862 976 libertas,
884 949 910 970 et
932 953 1015 981 neque
1031 950 1049 972 c

272 997 414 1025 possumus
435 986 554 1024 aliquem
580 986 726 1026 increpare.
750 987 802 1015 Sed
826 998 897 1016 nunc
920 989 1013 1017 saltem

271 1031 406 1070 fugiamus
427 1042 525 1061 noxam
547 1043 606 1070 qua:
626 1032 689 1060 inde
714 1033 801 1061 oritur
828 1045 833 1060 ι
855 1040 880 1061 et
897 1044 945 1062 vos
967 1035 1014 1072 qui

271 1077 322 1105 hoc
342 1078 430 1106 lutum
450 1078 577 1113 volvitis,
592 1085 690 1106 cffisate
710 1078 744 1106 ab
766 1078 816 1106 hac
838 1079 970 1117 pernicie,
989 1087 1014 1108 et

270 1123 390 1152 ccliibete
401 1131 520 1152 vestrum
535 1123 684 1163 appetitum
696 1124 730 1151 ab
744 1124 900 1162 hujusmodi
916 1126 1013 1154 convi-

269 1168 332 1203 viis,
343 1169 366 1196 si
383 1169 475 1206 aliquo
491 1169 571 1197 modo
584 1169 716 1208 possimus
732 1169 826 1197 saltem
841 1180 910 1198 nunc
924 1171 1011 1198 Deum

268 1214 386 1252 placare,
401 1221 426 1242 et
442 1215 511 1242 bona
529 1215 653 1252 consequi
676 1214 808 1254 promissa
831 1227 836 1241 :
856 1226 916 1253 quae
933 1215 1011 1244 detur

269 1260 393 1288 omnibus
405 1260 520 1297 assequi,
533 1261 617 1299 gratia
627 1261 653 1289 et
663 1261 826 1299 benignitate
836 1261 945 1289 Domini
957 1272 1009 1290 no—

269 1305 352 1333 nostri
363 1307 426 1335 Jesu
442 1306 552 1343 Christi,
565 1317 626 1334 cum
640 1317 692 1344 qno
708 1307 782 1335 Patri
799 1317 850 1335 una
865 1317 924 1335 cum
947 1318 1009 1335 san—

269 1357 310 1379 cto
324 1351 427 1390 Spiritu
438 1351 531 1389 gloria,
544 1352 697 1391 imperium,
711 1353 804 1386 honor,
821 1363 890 1380 nunc
903 1360 926 1380 et
939 1363 1007 1381 sem-

268 1407 332 1434 per,
345 1403 370 1425 et
383 1397 409 1425 in
425 1397 519 1426 saecula
533 1398 699 1426 sceculorum.
712 1401 804 1426 Amen.

301 1495 311 1505 ²
330 1487 442 1512 Colbert.
454 1492 618 1522 ἀνοιιὺττοντες.

1049 198 1204 220 ARCfflEP.
1233 198 1294 220 CON
1301 198 1500 222 STANTm'OP.

1072 259 1184 297 γαστρὸς
1203 257 1344 297 ἐγενόμεθα
1365 258 1450 286 δοῦλοι
1475 258 1520 286 καὶ
1534 260 1679 297 χρημάτων
1698 262 1742 289 καὶ
1761 261 1835 295 δόξης

1072 304 1182 332 καὶτῶν
1204 304 1290 332 ἄλλων
1308 302 1429 331 ἁπάντων
1441 314 1447 320 ·
1469 303 1655 342 προεδώκαμεν
1670 305 1716 340 τὴν
1738 308 1836 335 ἐλευθε-

1074 349 1139 388 ρίαν,
1150 349 1182 383 ἣν
1194 349 1335 388 ἐχαρίσατο
1347 351 1410 386 ἡμῖν
1423 351 1437 377 ὁ
1451 349 1574 387 Χριστός.
1598 349 1633 377 Τί
1647 346 1690 377 οὖν
1707 350 1777 386 μένει
1791 351 1835 379 τὸν

1071 394 1206 432 γενόμενον
1223 395 1326 430 δοῦλον,
1341 395 1398 423 εἰπέ
1412 406 1471 432 μοι;
1494 394 1586 424 Ἄκουε
1601 398 1645 424 τοῦ
1665 396 1779 434 Χριστοῦ
1793 396 1835 423 λε’-

1070 452 1167 478 γοντος,
1182 439 1215 469 Ὁ
1230 441 1318 473 δοῦλος
1335 442 1364 469 οὗ
1379 441 1450 478 μένει
1464 442 1491 469 ἐν
1506 443 1538 479 τῇ
1553 441 1624 479 οἰκίᾳ
1635 442 1672 474 εἷς
1685 442 1729 470 τὸν
1744 443 1835 470 αἰῶνα.

1068 487 1160 526 Ἔχεις
1171 486 1302 525 ἀπόφασιν
1314 488 1451 522 αὗτοτελῆ,
1464 486 1503 515 ὅτι
1516 487 1640 516 οὐδέποτε
1651 489 1688 520 εἷς
1700 487 1835 526 βασιλείαν

1068 533 1215 571 εἰσέρχεται
1225 545 1230 550 ·
1244 536 1260 567 ἡ
1272 532 1323 571 γὰρ
1335 532 1404 561 οἰκία
1415 533 1491 562 τοῦτό
1503 535 1581 562 ἐστιν.
1594 533 1640 562 Ἔν
1650 533 1700 572 γὰρ
1711 535 1744 572 τῇ
1757 534 1836 573 οἰκίᾳ,

1070 578 1144 616 φησὶ,
1161 580 1206 606 τοῦ
1222 577 1328 617 Πατρός
1345 590 1394 615 μου
1416 578 1493 615 μοναὶ
1508 579 1604 607 πολλαί
1628 580 1703 608 εἰσιν.
1727 578 1762 608 ‘O
1779 579 1836 608 τοί-

1068 635 1111 652 νυν
1133 623 1220 655 δοῦλος
1245 624 1274 651 οὐ
1300 623 1373 661 μένει
1397 626 1424 652 ἐν
1447 626 1479 662 τῇ
1509 624 1578 663 οἰκίᾳ
1607 626 1642 657 εἰς
1668 625 1712 654 τὸν
1738 627 1835 654 αἰῶνα·

1068 669 1157 697 δοῦλον
1177 670 1273 697 ἐκεῖνον
1298 669 1370 707 λέγει
1398 670 1443 698 τὸν
1467 671 1514 704 τῆς
1540 670 1670 709 ἁμαρτίας
1693 671 1782 700 δοῦλον
1799 682 1806 688 ·
1822 673 1836 699 ὁ

1068 715 1094 743 δὲ
1110 714 1147 752 μὴ
1161 714 1245 752 μένων
1256 716 1282 743 ἐν
1302 717 1334 753 τῇ
1349 714 1418 754 οἰκία
1438 716 1474 748 εἰς
1487 715 1530 744 τὸν
1544 717 1636 751 αἰῶνα,
1648 716 1674 744 ἔν
1691 716 1724 754 τῇ
1745 716 1834 755 γεέννῃ

1068 761 1139 798 μένει
1163 763 1199 793 εἰς
1221 761 1263 789 τὸν
1287 762 1387 796 αἰῶνα,
1403 762 1544 799 οὐδαμόθεν
1567 761 1635 800 ἔχων
1655 762 1834 801 παραμυθίαν.

1067 806 1144 835 Ἀλλὰ
1153 806 1203 844 γὰρ
1216 808 1251 838 εἷς
1261 809 1381 834 τοσοῦτον
1394 806 1487 838 κακίας
1497 806 1530 835 τὰ
1542 807 1687 845 πράγματα
1701 802 1787 843 ἦλθεν,
1800 810 1835 840 ὡς

1067 852 1110 880 καὶ
1126 851 1302 890 ἐλεημοσύνας
1321 851 1410 884 αὐτοὺς
1428 852 1480 880 ἀπὸ
1494 851 1591 880 τούτων
1607 856 1700 887 ποιεῖν,
1715 852 1760 880 καὶ
1773 854 1834 881 πολ-

1066 897 1125 930 λοὺς
1138 898 1268 936 δέχεσθαι.
1282 897 1333 925 Διὰ
1344 900 1419 926 τοῖτο
1433 899 1449 931 ἠ
1469 896 1605 936 παρῥησία
1628 898 1704 934 ἡμῶν
1728 897 1836 926 ἐκκέκο-

1067 956 1145 978 πται,
1158 943 1202 971 καὶ
1215 943 1272 971 οὐδὲ
1289 943 1446 980 ἐπιτιμῆσαί
1462 954 1513 970 τινι
1528 942 1669 980 δυνάμεθα.
1679 941 1749 971 Ἀλλ’
1765 943 1837 981 ὅμως

1066 989 1114 1017 κᾶν
1124 989 1175 1017 ἀπὸ
1187 993 1231 1018 τοῦ
1241 991 1285 1017 νῦν
1299 988 1434 1028 φεύγωμεν
1446 988 1493 1023 τὴν
1504 989 1618 1016 ἐντεῦθεν
1631 988 1732 1026 βλάὸην
1741 1000 1747 1006 ·
1760 990 1835 1027 ὑμεῖς

1065 1046 1094 1062 τε
1117 1037 1140 1063 οἱ
1155 1035 1199 1063 τὸν
1220 1035 1344 1074 βόρῧορον
1365 1037 1456 1063 τοῦτον
1470 1038 1481 1049 ³
1492 1034 1684 1070 ἀνελίττοντες,
1699 1034 1835 1063 παύσασθε

1065 1082 1111 1114 τῆς
1125 1079 1247 1115 τοιαύτης
1261 1080 1346 1117 λύμης
1357 1100 1364 1113 ,
1382 1080 1427 1108 καὶ
1442 1080 1566 1118 ἐπίσχετε
1580 1079 1628 1114 τὴν
1643 1081 1668 1108 ἐν
1683 1083 1737 1111 τοῖς
1751 1080 1835 1108 τοιού-

1064 1136 1116 1157 τοις
1129 1126 1285 1162 συμποσίοις
1296 1124 1391 1163 ὁρμὴν,
1405 1125 1430 1153 εἴ
1439 1136 1496 1157 πως
1505 1125 1552 1153 κᾶν
1566 1128 1609 1153 νῦν
1623 1125 1774 1162 δυνηθῶμεν
1786 1125 1835 1159 ἐξι-

1063 1170 1211 1199 λεώσασθαι
1233 1170 1275 1198 τὸν
1299 1170 1376 1206 Θεὸν,
1398 1170 1442 1198 καὶ
1460 1175 1548 1208 τυχεῖν
1563 1172 1614 1198 τῶν
1629 1170 1833 1208 ἐπηγγελμένων

1063 1217 1165 1253 ἀγαθῶν
1176 1228 1181 1233 ·
1204 1211 1240 1244 ὧν
1258 1215 1358 1254 γένοιτο
1375 1216 1475 1248 πάντας
1490 1218 1561 1252 ’ἡμᾶς
1579 1217 1722 1253 ἐπιτυχεῖν,
1740 1216 1832 1254 χάριτι

1062 1261 1106 1288 καὶ
1130 1261 1312 1300 φιλανθρωπίᾳ
1327 1265 1371 1289 τοῦ
1394 1261 1490 1299 Κυρίου
1505 1261 1582 1297 ἡμῶν
1597 1259 1686 1294 Ἰησοῦ
1701 1261 1828 1298 Χριστοῦ,

1064 1309 1122 1344 μεθ’
1138 1303 1166 1336 οἷ
1181 1309 1217 1345 τῷ
1234 1307 1321 1345 Πατρὶ
1332 1307 1388 1343 ἅμα
1402 1309 1439 1344 τῷ
1454 1305 1520 1344 ἁγίῳ
1532 1304 1670 1342 Πνεύματι
1683 1305 1754 1340 δόξα,
1766 1307 1829 1345 κρά-

1062 1365 1113 1385 τος,
1125 1352 1201 1389 τιμὴ,
1211 1355 1254 1379 ν’ῠν
1267 1352 1310 1380 καὶ
1323 1352 1424 1386 &aelffini
1435 1352 1471 1384 εἷς
1482 1350 1540 1383 τοὺς
1551 1352 1647 1383 αἰῶνας
1655 1353 1708 1380 τῶν
1720 1351 1828 1381 αἰώνων.

1065 1399 1087 1425 Ἀ
1092 1397 1154 1435 μῆι.

688 1587 860 1614 ΜΕΤΙᾹΝΟ
881 1586 1135 1615 SCHOLASTlCO
1156 1586 1191 1614 IN
1198 1585 1410 1615 TERPRETE.

266 1679 380 1716 ficiami
397 1681 473 1707 servi
495 1680 654 1706 hominum.
670 1677 758 1711 Quare
775 1686 837 1714 ergo
854 1687 901 1704 nos
921 1677 1007 1705 effecti
1030 1687 1123 1705 sumus
1141 1676 1282 1705 hominum
1303 1677 1372 1705 servi
1387 1676 1482 1711 ?Quia
1502 1675 1623 1715 primum
1640 1676 1740 1706 ventris
1757 1677 1829 1706 servi

267 1725 330 1753 sacti
347 1735 438 1753 sumus
453 1732 477 1753 et
495 1724 667 1764 pecuniarum
679 1730 703 1752 ct
721 1723 814 1762 gloriae
828 1730 853 1752 et
865 1723 980 1752 aliarum
997 1723 1126 1752 similium
1136 1733 1225 1752 rerum
1235 1746 1242 1759 ‚
1255 1730 1281 1751 et
1295 1723 1464 1762 perdidimus
1482 1723 1644 1758 libertatem,
1654 1733 1736 1761 quam
1750 1723 1828 1752 nobis

266 1772 378 1810 largitus
398 1779 435 1800 est
457 1772 587 1800 Christus.
604 1771 679 1807 Quid
693 1781 756 1809 ergo
776 1777 909 1810 exspectat
928 1781 1000 1807 enm,
1017 1770 1065 1809 qui
1079 1781 1172 1800 servus
1192 1771 1277 1799 factus
1297 1777 1346 1808 est,
1363 1770 1408 1799 dic
1429 1770 1521 1798 mihi?
1537 1770 1609 1799 Audi
1621 1770 1760 1798 Christum
1779 1770 1826 1799 di-

267 1825 367 1847 centem
386 1831 391 1846 :
407 1820 510 1848 Servus
529 1829 588 1846 non
612 1824 710 1847 manet
728 1820 759 1846 in
776 1819 860 1846 domo
881 1820 912 1846 in
931 1821 1145 1856 sempiternum.
1161 1818 1250 1846 Habes
1269 1818 1426 1846 sententiam
1448 1817 1555 1857 plenam
1576 1824 1655 1855 atque
1671 1817 1826 1856 perfectam,

266 1865 392 1902 quoniam
410 1876 556 1903 numquam
575 1865 684 1894 intrabit
702 1866 728 1893 in
748 1875 860 1904 regnum
875 1877 881 1893 ι
897 1865 992 1894 domus
1008 1866 1109 1905 quippe
1126 1866 1178 1894 hoc
1195 1872 1240 1894 est.
1260 1867 1298 1893 In
1319 1866 1416 1901 domo,
1432 1865 1531 1903 inquit,
1547 1866 1650 1893 Patris
1671 1866 1727 1893 mei
1747 1865 1827 1893 mul-

267 1919 302 1939 toe
319 1914 484 1941 mansiones
499 1919 576 1941 sunt.
589 1912 689 1941 Servus
706 1912 790 1951 igitur
803 1923 856 1941 non
873 1919 961 1941 manet
976 1913 1003 1941 in
1018 1912 1099 1941 domo
1114 1912 1142 1941 in
1156 1912 1348 1951 sempiternum
1366 1924 1371 1939 :
1388 1923 1498 1941 servum
1512 1911 1590 1940 illum
1603 1911 1681 1949 dicit,
1699 1911 1746 1950 qui
1761 1921 1825 1950 pec-

266 1958 317 1985 cati
331 1968 424 1987 servus
443 1965 481 1987 est
494 1971 500 1986 ε
513 1959 560 1997 qui
576 1969 639 1987 vero
656 1969 709 1987 non
723 1966 811 1987 manet
827 1959 854 1987 in
870 1958 950 1987 domo
973 1959 1000 1987 in
1014 1959 1219 1998 sempiternum,
1236 1958 1264 1986 in
1284 1958 1403 1997 gehenna
1419 1964 1556 1997 permanet
1570 1957 1597 1986 in
1612 1957 1805 1997 sempiternum
1816 1981 1824 1994 ,

265 2011 288 2032 et
308 2015 340 2033 ex
355 2005 428 2034 nulla
442 2013 517 2045 parte
534 2006 643 2034 habebit
664 2006 800 2034 solatium.
816 2005 858 2034 Ad
877 2013 932 2034 tam
952 2006 1054 2035 malum
1073 2006 1194 2034 habitum
1215 2005 1340 2034 humanae
1354 2016 1396 2034 res
1412 2005 1577 2033 devenerunt
1587 2027 1595 2040 ‚
1608 2011 1636 2032 ut
1651 2005 1731 2033 etiam
1746 2004 1826 2033 exiis

266 2061 323 2088 qnae
343 2053 451 2091 rapiunt
474 2053 654 2092 eleemosynas
662 2053 761 2082 faciant
771 2060 798 2081 et
811 2053 908 2081 multos
921 2053 1074 2092 suscipiant.
1089 2054 1203 2091 Propter
1219 2052 1273 2080 hoc
1287 2051 1387 2080 fidncia
1401 2058 1489 2079 nostra
1502 2051 1613 2087 cecidit,
1627 2061 1712 2089 neque
1718 2052 1777 2090 jam
1797 2052 1825 2080 in

265 2098 384 2136 aliquem
402 2099 538 2138 increpare
548 2110 699 2138 possumus.
713 2099 813 2128 Saltem
825 2106 850 2128 et
872 2110 942 2127 nunc
959 2099 1094 2138 fugiamus
1110 2098 1255 2133 laesionem,
1269 2108 1329 2135 quoe
1341 2108 1374 2126 ex
1386 2097 1437 2125 hoc
1448 2097 1574 2125 nascitur.
1589 2098 1647 2126 Vos
1665 2103 1754 2125 autem
1776 2104 1825 2136 qui

266 2145 293 2173 in
315 2145 366 2174 hoc
381 2157 456 2175 coeno
472 2147 642 2175 involvimini
653 2170 661 2183 ,
675 2147 820 2184 aliquando
840 2146 982 2184 quiescite,
998 2153 1096 2175 cessate
1109 2156 1125 2174 a
1141 2145 1188 2174 tali
1207 2146 1317 2181 morbo,
1331 2151 1356 2173 et
1374 2144 1503 2173 abstinete
1519 2144 1648 2183 impetum
1669 2150 1789 2173 vestrum
1807 2154 1823 2172 a

266 2192 366 2221 talibus
381 2193 525 2229 conviviis,
536 2194 557 2222 si
572 2204 625 2232 quo
635 2194 715 2222 modo
727 2193 771 2222 vel
785 2204 856 2222 nunc
870 2193 1006 2221 valeamus
1020 2192 1166 2232 propitiare
1177 2192 1324 2220 Dominum
1335 2214 1342 2228 ,
1354 2198 1380 2220 et
1393 2191 1509 2230 adipisci
1530 2191 1600 2219 hona
1615 2201 1675 2229 quae
1690 2190 1824 2230 promissa

267 2245 327 2266 sunt
346 2250 351 2265 :
373 2249 432 2277 quae
449 2249 497 2268 nos
517 2240 651 2278 contingat
670 2249 761 2268 omnes
783 2239 918 2279 percipere
938 2239 965 2268 in
986 2239 1092 2267 Christo
1109 2239 1174 2268 Jesu
1192 2238 1308 2267 Domino
1326 2244 1424 2274 nostro,
1437 2248 1498 2266 cnm
1514 2247 1566 2275 quo
1586 2236 1674 2272 Patri,
1690 2247 1741 2266 una
1762 2247 1824 2266 cum

267 2291 356 2313 sancto
367 2286 470 2326 Spiritu
483 2287 579 2325 gloria,
592 2287 746 2326 imperium,
760 2287 935 2324 honor,nunc
952 2293 976 2315 et
990 2296 1105 2325 semper,
1120 2293 1144 2315 et
1157 2286 1184 2314 in
1199 2285 1294 2314 szecula
1310 2285 1481 2314 saeculorum.
1497 2286 1592 2313 Amen.
