1906 2846
423 188 453 210 tx
485 188 589 210 151’15T.

81 253 178 288 Δῆλον,
192 251 280 290 φησὶν,
296 250 367 278 ἐστὶν
381 249 420 278 ὅτι
436 249 461 282 ἐξ
475 250 522 277 οὐχ
534 250 615 277 ὄντων
631 249 665 278 τὰ
679 250 741 278 ὄντα
756 248 849 283 ἐποίη-

81 309 124 326 σεν
140 300 154 326 ὁ
168 296 251 331 Θεὸς,
269 297 298 325 ἐκ
319 296 370 323 τῶν
395 294 432 332 μὴ
454 295 617 333 φαινομένων
632 294 665 323 τὰ
688 294 848 334 φαινόμενα,

80 345 110 372 ἐκ
124 344 176 371 τῶν
190 344 239 381 οὐχ
252 341 410 380 ὑφεστώτων
431 340 465 369 τὰ
485 343 631 379 ὑφεστῶτα.
651 341 735 370 Πόθεν
752 341 779 369 δὲ
804 341 851 374 δῆ-

78 391 136 426 λον,
152 388 193 418 ὅτι
208 388 252 416 καὶ
268 387 367 426 ῥήματι
387 389 464 415 τοῦτο
478 387 598 421 ἐποίησεν
610 399 617 422 ;
629 389 642 416 ὁ
657 387 704 425 μὲν
716 387 767 425 γὰρ
779 387 850 424 λογι-

78 435 142 472 σμὸς
157 433 230 462 οὐδὲν
254 433 398 462 <anagnina
413 435 542 463 τοιοῦτον,
559 433 627 462 ἀλλὰ
643 433 687 462 καὶ
702 433 851 461 τούναντίον

77 482 106 509 ἐκ
123 482 174 509 τῶν
187 479 349 519 φαινομένων
362 478 395 507 τὰ
410 477 446 516 μὴ
462 479 606 517 φαινόμενα
623 474 698 507 εἶναι.
712 478 763 507 Διὰ
775 482 852 507 τοῦτο

78 526 195 563 μάλιστα
209 526 233 553 οἱ
247 523 382 563 φιλόσοφοι
397 523 468 552 οὐδέν
487 536 564 563 φασιν
579 525 604 558 ἐξ
615 526 661 553 οὐκ
674 524 755 553 ὄντι-,ν
773 520 850 557 εἶναι,

78 570 185 610 ψυχικοὶ
196 570 281 605 ὄντες,
293 569 339 598 καὶ
353 569 424 598 οὐδὲν
438 572 470 607 τῇ
482 570 570 598 πίστει
582 570 766 609 ἐπιτρέποντες
778 582 783 587 ·
793 570 852 598 ἁλί-

79 628 188 645 σκονται
208 615 235 645 δὲ
251 615 296 644 καὶ
308 615 379 644 αὐτοὶ
391 615 461 653 ὅμως
469 637 476 650 ,
488 615 550 644 ὅταν
561 616 629 655 μέγα
644 628 669 644 τι
680 616 725 645 καὶ
735 620 850 654 γενναῖον

80 662 189 697 εἴπωσι,
203 663 236 700 τῇ
256 660 344 690 πίστει
360 661 422 690 αὐτὸ
442 662 625 700 ἐπιτρέποντες
636 674 641 679 ·
657 657 719 697 οἷον,
731 661 851 700 λέγουσιν

78 708 119 736 ὅτι
130 708 219 740 ὁΘεὸς
228 707 341 746 ἄναρχος
352 708 408 735 ἐστι
419 707 464 736 καὶ
477 707 616 746 ἀγέννητος
627 720 632 725 ·
645 710 658 736 ὃ
667 708 718 747 γὰρ
727 707 851 746 λογισμὸς

78 755 127 793 οὐχ
138 754 375 789 ὑποὸάλλειτοῦτο,
385 753 453 782 ἀλλὰ
464 754 622 782 τούναντίον.
636 754 694 782 Θέα
704 754 732 782 δέ
747 766 791 791 μοι
806 754 850 782 καὶ

77 799 124 835 τὴν
139 799 241 834 πολλὴν
257 799 359 837 μωρίαν
375 800 468 828 αὐτῶν.
479 799 533 828 Τὸν
548 800 616 828 (θεὸν
631 799 744 839 ἄναρχον
760 800 850 838 λέγου-

77 857 118 874 σιν
130 857 136 863 ·
153 846 167 875 ὃ
188 848 232 874 τοῦ
248 844 274 878 ἐξ
287 847 334 874 οὐκ
348 845 428 874 ὄντων
447 846 538 884 πολλῷ
553 845 778 884 Οοιυμοισιιῖπερον.
793 847 848 874 Τοῦ

76 890 128 931 γὰρ
140 892 232 927 εἰπεῖν,
244 892 284 920 ὅτι
301 891 326 924 ἐξ
342 893 387 920 οὐκ
401 891 481 919 ὄντων
495 891 526 919 τὰ
539 892 600 920 ὄντα
615 894 628 920 ὁ
643 892 710 924 Θεὸς
724 891 848 926 ἐποίησε,

76 937 105 965 τὸ
128 939 225 973 εἷπεῖν,
246 937 287 967 ὅτι
310 937 425 976 ἄναρχός
439 939 519 970 ἐστιν,
543 937 583 965 ὅτι
608 937 763 976 ἀγέννητος,
791 937 849 965 οὔτε

77 985 120 1021 ὑφ’
138 985 245 1019 ἑαυτοῦ,
258 983 316 1012 οὔτε
338 986 379 1022 ὑφ’
398 983 487 1022 ἑτέρου
504 982 653 1021 γεννηθεὶς,
669 982 848 1021 ἀπορώτερον.

76 1028 208 1058 Ἐνταῦθα
221 1028 268 1066 μὲν
282 1028 333 1067 γὰρ
345 1027 431 1057 πολλὰ
447 1028 480 1056 τὰ
493 1028 576 1056 πιστοί
586 1039 592 1045 ·
609 1023 672 1062 οἷον,
687 1027 727 1056 ὅτι
741 1027 851 1061 ἐποίησέ

75 1086 120 1110 τι,
135 1075 175 1103 ὅτι
191 1073 276 1113 ἀρχὴν
291 1073 352 1112 ἔο-Αε
369 1073 398 1101 τὸ
409 1072 575 1110 ποιούμενον,
589 1072 629 1100 ὅτι
644 1072 754 1107 ἐποιήθη
768 1072 834 1105 ὅλως
844 1084 849 1090 ·

75 1121 131 1148 ἐκεῖ
145 1118 227 1154 δὲτὸ,
242 1118 404 1156 αὐτόματος,
420 1118 575 1156 ἀγέννητος,
591 1117 650 1146 οὔτε
663 1117 748 1156 ἀρχὴν
762 1118 848 1157 ἔσχεν,

75 1166 134 1195 οὔτε
153 1165 257 1206 χρόνον,
281 1168 365 1194 ταῦτα
381 1165 440 1204 οὐχὶ
463 1165 577 1198 πίστεως
592 1166 690 1201 δεῖται,
705 1165 764 1193 εἰπέ
789 1177 848 1203 μοι;

75 1211 145 1240 Ἀλλ’
161 1214 208 1241 οὐκ
222 1211 300 1247 ἔθηκε
315 1212 420 1241 τοῦτοὸ
441 1213 531 1250 πολλῷ
559 1211 637 1240 πλέον
659 1207 702 1247 ἦν,
727 1212 796 1240 ἀλλὰ
820 1212 850 1240 τὸ

75 1259 194 1294 ἔλαττον,
221 1258 302 1288 εἰπών
313 1271 318 1276 ·
337 1259 434 1288 Πίστει
455 1262 563 1296 νοοῦμεν
589 1258 764 1296 κατηρτίσθαι
790 1257 850 1291 τοὺς

76 1307 174 1337 αἰῶνας
194 1304 294 1343 ῥήματι
307 1306 388 1333 Θεοῦ.
407 1304 493 1333 Πόθεν
511 1300 554 1333 οὖν
569 1304 654 1343 λέγεις
669 1305 759 1340 δῆλον,
776 1303 818 1333 ὅτε
835 1307 848 1333 ὁ

75 1351 143 1384 Θεὸς
158 1351 257 1391 ῥήματι
281 1350 369 1379 πάντα
394 1350 518 1385 ἐποίησε;
542 1350 668 1389 λογισμὸς
693 1350 745 1389 γὰρ
770 1353 848 1379 τοῦτο

75 1398 126 1436 οὐχ
149 1396 312 1432 ὑποὲάλλει,
327 1395 385 1425 οὐδὲ
399 1398 488 1434 παρ’ῆν
508 1408 548 1429 τις
571 1396 613 1425 ὅτε
630 1401 713 1426 ταῦτα
733 1396 844 1434 ἐγίνετο.

75 1443 146 1472 Ὶ“πὸ
156 1443 283 1474 itio-:stur
298 1443 412 1475 πίστεως
426 1442 476 1481 γὰρ
494 1442 568 1481 ἔργον
583 1444 599 1477 ἠ
617 1443 785 1477 κατανόησις.
799 1443 846 1471 Διὸ

76 1489 121 1517 καὶ
133 1489 216 1521 οὕτως
239 1484 311 1524 εἶπε,
327 1488 422 1517 Πίστει
437 1492 556 1526 νοοῦμεν.
571 1488 606 1517 Τί
621 1491 728 1526 νοοῦμεν
744 1488 845 1523 πίστει,

77 1534 150 1570 εἰπέ;
164 1534 229 1563 ιὈτι
244 1534 281 1572 μὴ
297 1535 326 1563 ἐκ
347 1534 509 1573 φαινομένων
526 1533 560 1562 τὰ
575 1534 727 1572 βλεπόμενα
741 1534 845 1572 γέγονε·

74 1583 152 1609 τοῦτο
174 1579 226 1619 γὰρ
253 1583 268 1615 ἠ
293 1580 390 1612 πίστις.
407 1580 497 1608 Εἰπὼν
523 1580 554 1614 δὴ
584 1580 614 1608 τὸ
637 1580 732 1615 κοινὸν,
755 1580 846 1609 λοιπὸν

76 1626 119 1655 ἐπὶ
132 1626 282 1665 προσώπων
298 1627 360 1655 αὐτὸ
376 1627 514 1664 γυμνάζει.
531 1626 584 1655 Καὶ
597 1625 648 1664 γὰρ
664 1627 711 1659 τῆς
724 1626 847 1664 οἰκουμέ-

75 1683 121 1706 νης
130 1672 202 1700 ἐστὶν
214 1672 332 1705 ἀντάξιος
345 1672 444 1705 ἔνδοξος
455 1672 530 1710 ἀνήρ.
543 1673 630 1701 Τοῦτο
641 1675 702 1710 γοῦν
715 1673 760 1700 καὶ
772 1672 846 1701 ὕστε-

77 1731 118 1759 ρον
133 1720 248 1758 ᾐνίξατο.
264 1721 376 1755 Ἐπειδὴ
392 1720 443 1759 γὰρ
455 1722 499 1749 ἐπὶ
514 1720 664 1758 προσώπων
678 1720 739 1749 αὐτὸ
751 1720 845 1748 ἑκατὸν

625 187 668 209 AD
697 186 865 209 HEBRAEOS-

895 186 973 207 ων.
1004 186 1051 207 xi.
1082 185 1198 208 noant„
1228 184 1289 207 xx.
1585 176 1653 221 2489

909 248 981 276 bilia
995 248 1115 286 fierent.
1134 246 1280 285 Liquidum
1301 253 1348 283 est,
1370 246 1467 284 inquit,
1482 247 1556 285 quod
1571 258 1604 276 ex
1621 247 1653 276 iis

905 305 964 332 quae
983 304 1034 322 non
1050 301 1111 322 sunt
1126 295 1199 323 Deus
1214 293 1275 322 fecit
1285 303 1315 322 ea
1329 303 1388 331 quae
1405 299 1483 330 sunt;
1501 303 1535 322 ex
1549 293 1583 322 iis
1593 304 1652 332 qua:

906 351 957 369 nou
977 347 1116 379 apparent,
1135 351 1165 369 ea
1184 350 1242 378 quae
1259 345 1402 379 apparent;
1419 349 1453 368 ex
1471 339 1503 368 iis
1522 350 1582 378 qua:
1599 350 1651 368 non

906 387 1064 421 consistunt,
1081 397 1110 415 ea
1127 396 1186 424 quat
1202 385 1358 414 consistunt.
1374 385 1517 414 Undenam
1534 396 1597 415 vero
1613 385 1651 414 li-

905 440 968 470 quet
990 432 1062 470 quod
1080 432 1131 461 hoc
1150 431 1233 461 verbo
1249 431 1362 459 feeerit?
1378 441 1440 460 nam
1454 431 1523 460 ratio
1541 432 1652 470 quidem

869 483 887 504 C
906 478 975 506 nihil
997 478 1049 507 tale
1074 477 1203 516 suggerit,
1221 476 1267 506 sed
1286 476 1366 505 etiam
1381 477 1558 514 contrarium⁷
1575 477 1651 516 quod

906 535 939 552 ex
954 523 1143 563 apparentibus
1161 523 1214 551 sint
1230 533 1258 551 ea
1274 533 1333 561 quae
1347 530 1484 562 apparent.
1508 524 1652 562 Propterea

906 570 1024 598 maxime
1040 569 1194 609 philosophi
1207 568 1275 598 nihil
1292 579 1347 597 esse
1359 568 1453 597 dicunt
1465 579 1497 597 ex
1515 568 1611 605 nihilo,
1623 576 1651 598 ut

906 616 951 654 qui
967 616 1020 645 sint
1033 616 1173 651 animales,
1191 622 1217 644 et
1229 615 1298 644 nihil
1312 615 1432 643 tribuant
1445 615 1507 643 fidei
1520 627 1526 643 :
1540 617 1651 644 convin-

906 669 1004 690 cuntur
1013 668 1100 690 autem
1110 661 1160 700 ipsi
1170 671 1286 699 quoque,
1294 660 1400 699 quando
1408 661 1512 699 aliquid
1523 671 1651 700 magnum

905 714 930 736 et
950 708 1110 747 praeclarum
1128 707 1259 743 dixerint,
1283 706 1311 736 id
1325 706 1443 735 tribuere
1460 707 1522 736 fidei
1538 719 1544 735 ι
1561 715 1590 736 ut
1603 707 1650 736 di—

905 761 980 791 cunt,
998 755 1071 782 Deus
1085 761 1123 782 est
1137 753 1271 793 principio
1285 763 1377 782 carens
1391 760 1416 781 et
1430 753 1565 791 ingenitus
1582 765 1588 781 :
1606 765 1635 782 ra
1645 771 1652 775 -

906 800 942 828 tio
959 800 1029 828 enim
1047 810 1098 828 non
1120 799 1170 828 hoc
1184 799 1314 838 suggerit,
1329 798 1373 827 sed
1389 799 1561 828 contrarium.
1577 800 1651 829 Con-

905 845 992 874 sidera
1017 852 1107 874 autem
1136 845 1205 873 mihi
1226 845 1339 873 multam
1362 844 1471 874 illorum
1495 845 1648 876 stultitiam.

905 893 992 920 Deum
1011 892 1105 920 dicunt
1122 902 1177 920 esse
1192 891 1248 920 sine
1259 891 1394 930 principio
1411 903 1418 922 2
1434 892 1506 930 quod
1519 899 1556 921 est
1573 893 1652 932 longe

868 940 886 962 D
905 938 1095 966 admirabilius
1117 948 1199 975 quam
1218 938 1291 975 quod
1308 937 1343 966 sit
1357 948 1391 966 ex
1406 938 1500 967 nihilo.
1516 939 1586 967 Nam
1603 939 1651 968 di-

904 993 962 1011 cere
982 982 1056 1020 quod
1076 982 1110 1011 sit
1131 983 1188 1011 sine
1205 983 1350 1022 principio,
1366 983 1438 1021 quod
1455 984 1489 1012 sit
1504 985 1650 1023 ingenitus,

904 1028 976 1066 quod
997 1038 1082 1066 neque
1101 1039 1135 1056 ex
1155 1038 1198 1065 se,
1223 1038 1307 1066 neque
1325 1039 1359 1057 cx
1373 1030 1425 1057 alio
1440 1030 1474 1058 sit
1486 1031 1601 1069 genitus‚
1612 1039 1651 1060 est

904 1073 990 1112 magis
1010 1073 1212 1112 inexplicabile,
1229 1084 1310 1111 quam
1325 1074 1424 1112 dicere,
1445 1076 1517 1114 quod
1532 1078 1604 1106 Deus
1619 1088 1648 1106 ea

903 1130 962 1158 quae
973 1126 1035 1149 sunt
1044 1119 1136 1148 fecerit
1147 1130 1182 1148 ex
1193 1119 1288 1149 nihilo.
1304 1121 1374 1148 Nam
1385 1121 1429 1149 hic
1443 1122 1552 1159 quidem
1566 1124 1650 1153 multa

905 1172 966 1194 sunt
984 1164 1135 1202 credibilia,
1157 1172 1185 1193 ut
1205 1165 1276 1203 quod
1294 1165 1386 1194 fecerit
1402 1166 1516 1204 aliquid,
1533 1169 1604 1206 quod
1623 1170 1652 1199 id

903 1211 975 1250 quod
996 1211 1027 1239 fit
1047 1210 1173 1239 babuerit
1193 1210 1302 1239 initium
1313 1233 1320 1247 ‚
1336 1211 1409 1249 quod
1426 1212 1534 1241 omnino
1550 1215 1652 1242 sactum

903 1259 953 1287 sit:
963 1257 1020 1286 illic
1032 1264 1123 1286 autem
1134 1256 1200 1293 haec,
1213 1267 1261 1296 per
1271 1267 1298 1285 se
1309 1263 1334 1285 et
1347 1267 1393 1285 sua
1407 1265 1502 1296 sponte
1515 1265 1562 1294 est,
1572 1259 1651 1297 inge-

904 1305 987 1339 nitus,
1007 1304 1119 1333 initium
1138 1313 1190 1331 non
1203 1303 1312 1339 habuit,
1324 1314 1411 1342 neque
1424 1311 1537 1343 tempus,
1552 1314 1651 1342 nonne,

857 1371 893 1389 203
902 1351 947 1380 dic
965 1350 1045 1388 mihi,
1061 1357 1138 1389 egent
1158 1349 1238 1378 fide?
1259 1349 1314 1378 Sed
1330 1349 1381 1379 hoc
1401 1360 1452 1378 non
1471 1350 1562 1389 posuit
1580 1351 1653 1388 quod

866 1401 883 1421 Α
902 1404 940 1426 est
965 1397 1044 1435 longe
1067 1395 1207 1436 amplius,
1235 1395 1279 1424 sed
1303 1395 1376 1433 quod
1405 1395 1505 1433 minus,
1530 1396 1622 1425 dicens
1642 1409 1648 1425 ε

902 1445 978 1472 Fide
998 1444 1189 1482 intelligimus
1213 1449 1317 1482 aptata
1338 1452 1399 1472 esse
1423 1443 1534 1471 soeettla
1556 1445 1650 1472 verbo

901 1491 967 1519 Dei.
992 1489 1136 1518 Uudcnam
1162 1489 1236 1528 jam,
1253 1487 1357 1527 inquit,
1382 1487 1554 1517 manifestum
1574 1489 1646 1527 quod

901 1538 975 1566 Deus
985 1536 1067 1566 verbo
1081 1535 1171 1564 omnia
1184 1534 1369 1563 fecerit?cum
1381 1534 1409 1562 id
1425 1534 1492 1562 ratio
1504 1545 1555 1562 non
1575 1545 1644 1574 sug-

902 1589 992 1622 gerat,
1021 1582 1165 1620 nullusque
1189 1580 1307 1610 adfuerit
1335 1580 1442 1619 quando
1473 1581 1542 1609 sacta
1571 1589 1644 1610 sunt.

903 1629 969 1657 Fide
983 1641 989 1657 :
1005 1628 1069 1657 fidei
1082 1628 1152 1656 enim
1175 1638 1243 1667 opus
1260 1634 1299 1656 est
1311 1627 1500 1665 intelligentia.
1520 1627 1584 1656 Ideo
1602 1628 1650 1657 di—

903 1675 950 1711 cit,
962 1675 1038 1703 Fide
1058 1674 1260 1712 intelligimus.
1277 1672 1352 1709 Quid
1372 1673 1435 1708 fide,
1447 1673 1501 1709 dic,
1518 1674 1648 1712 intelligi-

904 1720 989 1749 mus?
1009 1719 1088 1754 Quod
1105 1729 1137 1747 ex
1154 1729 1206 1747 non
1221 1719 1413 1758 apparentibus
1427 1719 1496 1748 saeta
1514 1727 1575 1749 sunt
1589 1731 1649 1758 qua:

488 1834 664 1863 MUTIANO
686 1834 944 1863 SCHOLxSTlCO
968 1832 1218 1862 INTERPRETE.

75 1926 207 1956 stantibus
220 1936 279 1964 quse
290 1933 351 1955 sunt
364 1927 436 1955 Deus
447 1926 542 1962 effecit,
556 1934 580 1955 et
594 1937 627 1955 ex
640 1937 691 1955 non
707 1926 896 1966 apparentibus
911 1925 1077 1965 apparentia,
1089 1932 1113 1954 et
1129 1936 1163 1953 ex
1176 1935 1227 1954 non
1242 1925 1450 1954 subsistentibus
1461 1926 1641 1957 subsistentia.

75 1974 112 2003 Et
122 1974 192 2003 unde
203 1974 276 2002 hoc?
291 1975 362 2010 Quia
377 1981 401 2003 et
416 1974 498 2002 verbo
510 1974 566 2002 lime
581 1974 650 2003 fecit.
667 1974 845 2003 Ratiocinatio
859 1973 969 2012 quidem
983 1973 1009 2001 in
1022 1973 1074 2002 hoc
1089 1973 1158 2001 nihil
1170 1972 1247 2002 nobis
1262 1973 1434 2011 suffragatur,
1447 1973 1493 2002 sed
1505 1981 1530 2003 et
1542 1981 1642 2009 contra,

74 2022 159 2050 veluti
177 2032 211 2050 ex
225 2021 416 2061 apparentibus
428 2022 584 2061 apparentia
601 2029 675 2061 putet
690 2032 746 2050 esse
758 2022 836 2050 facta.
853 2022 994 2061 Propterea
1010 2021 1129 2049 maxime
1142 2019 1298 2059 philosophi
1312 2020 1380 2048 nihil
1398 2020 1491 2049 dicunt
1510 2032 1543 2050 ex
1560 2022 1643 2050 nullis

74 2069 241 2098 exstantibus
250 2079 315 2105 esse,
325 2069 452 2097 animales
463 2069 628 2106 exsistentes,
643 2076 668 2098 et
679 2069 747 2097 nihil
755 2069 809 2098 fide
819 2069 995 2108 percipientes
1006 2080 1011 2096 ε
1023 2066 1255 2108 reprehenduntur
1265 2074 1354 2096 auten]
1365 2067 1445 2096 etiam
1457 2068 1506 2108 ipsi
1516 2080 1524 2105 ;
1537 2069 1643 2107 quando

76 2127 202 2156 magnum
218 2116 321 2155 aliquid
332 2123 356 2146 et
368 2116 491 2146 validum
505 2116 638 2155 dixerint,
653 2117 708 2146 fide
724 2117 815 2146 dicunt
828 2116 1030 2156 percipiendum
1040 2140 1049 2151 ,
1065 2115 1150 2145 veluti
1164 2115 1237 2154 quod
1254 2116 1327 2143 Deus
1342 2115 1399 2143 sine
1413 2115 1488 2144 initio
1501 2116 1602 2145 dicitur
1617 2124 1643 2146 ct

77 2163 210 2202 ingenitus
227 2175 233 2191 :
249 2163 416 2192 ratiocinatio
429 2163 530 2203 quippe
548 2164 575 2192 in
590 2164 641 2193 hoc
658 2164 735 2193 nobis
748 2174 801 2193 non
818 2164 993 2202 suffragatur,
1005 2163 1053 2192 sed
1067 2169 1091 2191 et
1106 2169 1196 2191 contra
1213 2173 1240 2191 se
1254 2162 1344 2191 hahet.
1363 2161 1476 2191 Auende
1492 2173 1563 2191 nunc
1578 2164 1644 2193 mihi

78 2210 189 2239 multam
205 2211 349 2240 vanitatem
363 2211 483 2251 ipsorum
498 2223 504 2238 z
524 2212 611 2240 Deum
627 2211 683 2240 sine
698 2211 774 2240 initio
789 2212 890 2247 dieunt,
907 2218 930 2240 et
948 2222 981 2240 ex
998 2210 1080 2239 nullis
1094 2209 1271 2239 exstantibus.
1292 2209 1410 2238 Multum
1424 2216 1513 2239 autem
1529 2210 1579 2239 hoc
1590 2211 1642 2240 mi-

78 2257 190 2286 rabilius
203 2264 252 2293 est,
266 2268 346 2296 quam
361 2258 451 2287 dicere
469 2258 531 2297 quia
547 2269 581 2287 ex
593 2259 677 2287 nullis
692 2259 862 2287 exstantibus
878 2268 937 2296 quae
953 2264 1014 2286 sunt
1028 2259 1100 2286 Deus
1115 2256 1186 2285 feeit.
1199 2257 1267 2285 Nam
1283 2256 1380 2291 dicere,
1394 2256 1450 2285 sine
1462 2257 1595 2296 principio
1606 2265 1645 2286 est

77 2304 160 2339 Deus,
174 2305 236 2343 quia
249 2305 394 2343 ingenitus,
408 2305 470 2344 quia
486 2316 572 2344 neque
584 2316 598 2334 a
610 2306 705 2344 scipso,
721 2316 806 2344 neque
820 2306 855 2334 ab
869 2305 923 2334 alio
934 2306 1038 2343 genitus
1053 2311 1099 2339 est,
1116 2303 1234 2343 amplius
1247 2309 1285 2331 est
1296 2303 1452 2339 inesitabile,
1467 2311 1597 2342 quantum
1609 2305 1645 2334 ad.

77 2351 304 2380 ratiocinationem
318 2351 422 2386 attinet,
435 2362 516 2390 quam
526 2352 624 2389 dicere,
637 2352 678 2380 Ex
690 2352 771 2380 nullis
783 2351 953 2380 exstantibus
964 2351 1039 2379 Deus
1053 2350 1113 2379 fecit
1124 2360 1182 2388 quae
1194 2356 1265 2378 sunt.
1278 2349 1328 2377 Hic
1339 2349 1409 2377 enim
1422 2350 1505 2378 multa
1513 2357 1576 2380 sunt
1587 2361 1644 2380 cre-

75 2398 170 2427 dibilia
188 2411 195 2426 :
211 2398 261 2427 hoc
274 2405 322 2435 est,
335 2399 399 2437 quia
413 2399 475 2428 fecit
489 2399 597 2437 aliquis,
613 2399 676 2437 quia
693 2399 800 2427 initium
815 2398 910 2427 habuit
924 2397 996 2436 quod
1013 2398 1113 2426 sactum
1125 2404 1164 2425 est
1179 2408 1185 2424 :
1201 2396 1257 2425 illic
1268 2402 1368 2433 antem,
1384 2403 1477 2436 sponte
1492 2397 1625 2436 ingenitus
1635 2421 1642 2431 ‚

79 2455 162 2484 neque
174 2445 280 2474 initium
294 2445 389 2475 habuit
403 2456 489 2484 neque
502 2453 618 2485 teinpus,
634 2457 719 2474 nonne
730 2445 816 2484 magis
831 2445 887 2473 hsce
900 2444 953 2473 tide
966 2444 1097 2481 indigent,
1108 2443 1152 2471 die
1163 2442 1228 2471 mihi
1240 2442 1253 2470 ?
1269 2442 1322 2471 Sed
1334 2452 1384 2470 uon
1398 2442 1486 2480 posuit
1498 2443 1558 2480 hoc,
1569 2445 1644 2482 quod

81 2493 163 2522 multo
177 2501 231 2522 erat
247 2494 374 2533 amplius,
392 2495 438 2524 sed
453 2501 591 2523 utcontra.
607 2494 697 2531 Unde,
715 2494 811 2532 inquit,
827 2493 956 2522 hahemus
967 2493 1029 2532 quia
1048 2493 1120 2521 Deus
1131 2491 1186 2520 haec
1200 2491 1284 2519 feeit?
1300 2490 1466 2519 ratiocinatio
1481 2501 1532 2519 non
1545 2492 1641 2521 suss'ra-

80 2547 167 2578 gutur,
180 2541 276 2580 aliquis
287 2542 394 2580 quando
410 2543 465 2570 Ιιιυι1
485 2543 581 2571 fiebant
593 2554 642 2571 non
660 2543 758 2571 aderat.
771 2542 848 2571 Unde
863 2552 925 2579 ergo
941 2549 1041 2570 certum
1057 2548 1093 2569 est
1108 2540 1120 2568 ἶ)
1132 2539 1302 2568 Manifestum
1318 2545 1367 2576 est,
1378 2538 1449 2576 quod
1462 2538 1525 2567 fidei
1542 2549 1582 2567 res
1599 2540 1641 2568 sit.

84 2589 156 2617 Fide
169 2590 364 2629 intelligimus,
378 2591 616 2631 iiirpnit‚p(›1s'ct·ttt
633 2593 741 2621 scocula
755 2601 814 2620 esst·
833 2593 919 2620 rer-luo
936 2591 1000 2619 Dei.
1015 2592 1074 2625 Qua
1090 2589 1164 2617 svb-'T'
1179 2588 1249 2623 Qum
1261 2598 1295 2616 CX
1309 2598 1360 2616 ”⁰¹¹
1374 2586 1565 2626 ³1¹1‘fl1'01115hfl5
1576 2587 1645 2616 ssffilss
