1886 2846
214 149 277 197 196
545 160 572 182 s.

204 232 283 259 quem
302 231 334 249 ex
357 220 469 249 adverso
489 220 596 257 intueri,
612 220 716 249 etiamsi
737 220 771 248 sit
790 219 916 247 liberatus
929 227 942 243 a

204 267 338 306 supplicio
353 279 358 294 :
372 267 407 295 ita
419 266 499 294 etiam
511 266 555 294 hic
567 277 683 304 quoque.

244 313 274 341 5.
292 314 351 340 non
367 312 448 347 enim,
463 311 589 349 quoniam
601 311 672 349 regia
683 310 793 346 dicitur,
808 307 942 337 existime-

205 358 238 386 tis
253 368 343 386 omnes
359 357 450 385 eadem
467 357 579 394 assequi.
595 358 662 385 Nam
677 356 697 384 si
711 355 754 383 hic
766 360 827 382 sunt
839 359 864 381 et
876 362 942 390 prae-
959 357 977 379 C

204 402 298 437 sectus,
312 408 336 429 ct
349 411 438 429 omnes
453 400 498 438 qui
513 400 568 437 regi
583 400 716 432 assistunt,
729 405 753 425 et
767 397 814 434 qui
827 402 887 423 sunt
900 394 942 422 his

204 447 282 485 longe
299 447 448 482 inferiores,
468 453 492 474 et
508 453 595 474 teuent
609 446 696 472 locum
717 451 808 470 eorum
829 440 876 478 qui
896 439 942 468 (li-

204 500 301 521 cuntur
315 492 421 529 decani,
436 499 498 520 sunt
511 493 537 520 iu
553 491 634 529 regia,
651 487 752 517 etiamsi
768 487 885 515 multum
898 486 940 514 in-

205 540 277 567 tersit
299 539 366 568 inter
384 539 536 578 praefcctum
552 545 575 565 et
591 536 721 564 decanum
737 547 742 562 :
757 533 843 561 multo
857 532 942 571 magis

203 585 252 613 hoe
263 585 312 613 erit
325 586 349 613 in
364 595 477 623 superna
493 583 574 620 regia.
588 581 621 609 Et
634 581 684 608 hoc
699 590 751 608 non
763 590 796 607 ex
809 589 851 607 me
861 578 922 607 dico
935 590 941 605 z

203 641 264 658 nam
276 637 301 658 et
313 630 392 658 aliam
404 630 445 656 his
458 629 584 666 majorem
598 625 775 654 differentiam
788 624 863 664 ponit
873 625 942 652 Pan-

201 677 253 704 lus.
274 678 362 712 Quam
378 675 467 703 multae
483 673 553 701 enim
566 695 574 708 ,
589 672 692 710 inquit,
709 671 867 700 differentiae
882 677 943 699 sunt

201 734 215 750 a
228 722 282 751 sole
294 732 378 759 usque
393 720 426 748 ad
439 721 530 748 lunam
548 725 572 746 et
584 718 674 746 stellas
686 724 711 746 et
727 717 867 745 minimam
882 717 942 745 stel-

201 768 265 801 lam,
285 774 337 795 tam
353 766 442 794 inultoe
458 765 538 793 etiam
554 775 647 792 eorum
667 763 713 802 qui
737 770 799 791 sunt
818 763 845 791 in
861 763 941 801 regia.

202 814 236 842 Et
252 813 322 851 quod
339 814 416 851 longe
430 813 516 851 major
528 812 562 840 sit
575 811 725 839 differentia
737 810 830 839 decani
843 811 890 848 qui
903 810 942 838 di-

200 859 268 887 citur
291 866 315 887 et
332 858 462 897 prcefecti,
484 864 510 885 et
525 857 588 885 solis
608 864 634 885 et
653 856 771 884 minima:
797 856 890 893 stellae,
904 863 943 884 est
961 865 977 887 D

199 904 325 933 omnibus
340 903 524 943 perspicuum.
542 904 611 931 Nam
626 902 665 930 sol
680 901 789 940 quidem
801 908 886 930 totum
899 912 942 930 or-

200 951 260 979 bem
276 958 350 978 terrae
365 950 446 978 simul
463 949 580 977 illustrat
595 955 620 977 et
635 948 778 984 exhilarat,
797 947 943 986 lunamque

199 996 340 1025 abscondit
361 1003 385 1024 et
400 996 508 1024 stellas:
521 995 579 1024 haec
594 1002 684 1023 autem
707 1004 778 1034 saepe
793 1004 845 1022 non
860 1005 941 1033 appa-

200 1049 247 1079 ret,
263 1042 344 1080 idque
365 1042 392 1070 in
413 1041 529 1070 tenebris
546 1053 552 1068 :
567 1040 658 1068 multae
679 1040 750 1068 enim
774 1046 836 1068 sunt
858 1040 941 1068 stellae

199 1099 265 1127 quas
287 1099 339 1117 non
361 1088 494 1117 videmus.
510 1086 625 1122 Quando
644 1096 706 1125 ergo
730 1086 854 1115 videmus
874 1086 941 1115 alios

200 1135 257 1163 fieri
281 1135 366 1170 soles;
382 1144 429 1162 nos
450 1139 539 1161 autem
555 1132 728 1160 minimarum
754 1132 891 1160 stellarum
916 1139 941 1160 et

199 1191 259 1218 quae
274 1190 307 1208 ne
321 1186 450 1218 apparent
467 1178 577 1217 quidem
591 1178 680 1206 locum
702 1184 800 1212 tencre,
817 1188 942 1216 quaenam

199 1225 249 1254 erit
272 1225 350 1254 nobis
371 1224 538 1253 consolatio?
551 1225 601 1261 Ne,
617 1233 692 1261 rogo,
718 1233 750 1251 ne
770 1223 854 1251 simus
876 1223 941 1252 adeo

200 1271 281 1306 tardi,
301 1281 349 1299 nec
370 1270 435 1299 adeo
453 1270 524 1309 pigri
543 1276 568 1298 et
584 1269 686 1307 ignavi,
707 1279 739 1297 ne
758 1280 819 1297 cum
836 1269 939 1298 desidia

200 1317 312 1345 salutem
323 1327 337 1344 a
347 1317 403 1344 Deo
415 1315 621 1355 exspectandam
631 1322 799 1354 appetamus,
813 1315 860 1343 sed
872 1326 939 1343 rner-
950 1338 984 1356 ‚35

200 1369 319 1391 caturam
334 1373 368 1390 ex
380 1372 408 1390 ea
424 1371 593 1389 exerceamus
607 1368 633 1388 et
646 1371 704 1388 eam
718 1360 939 1399 multiplicemus.
958 1367 976 1388 Α

200 1409 269 1437 Nam
284 1407 387 1436 etiamsi
402 1408 462 1445 quis
477 1407 511 1435 sit
526 1406 741 1442 catechumenus,
758 1412 873 1434 attamen
889 1416 940 1434 no-

199 1455 239 1483 vit
254 1454 400 1489 Christum,
421 1454 496 1481 novit
511 1453 601 1487 fidem,
616 1452 709 1480 divina
725 1451 800 1480 audit
815 1452 919 1490 eloquia
929 1474 937 1486 ,

201 1511 252 1528 non
266 1507 303 1528 est
318 1500 411 1539 procul
424 1510 438 1527 a
451 1499 545 1528 divina
560 1498 722 1537 cognitione,
738 1498 814 1527 novit
829 1498 939 1527 Domini

200 1547 241 1575 sui
256 1547 428 1576 voluntatem.
445 1546 500 1574 Cur
519 1545 602 1585 igitur
616 1545 717 1583 dissert,
734 1555 781 1574 cur
799 1552 940 1574 cunctatur

602 160 740 182 somnis
767 157 947 181 CttttYSOs'l'.
978 155 1134 177 aucium».
1163 155 1431 180 consummor.

996 218 1043 253 ψαι
1060 216 1156 247 ἐκεῖνος
1170 215 1271 251 λοιπὸν,
1284 217 1306 244 εἷ
1322 217 1365 245 καὶ
1380 218 1426 250 τῆς
1442 218 1568 256 τιμωρίας
1583 218 1761 254 άπήλλαχταν

996 260 1064 288 οὕτω
1079 260 1108 295 δὴ
1125 260 1169 288 καὶ
1183 256 1264 293 οὗτος.

1036 305 1081 341 Μὴ
1107 306 1158 347 γὰρ
1183 306 1229 342 δὴ,
1258 307 1347 343 ἐπειδὴ
1365 308 1486 347 βασίλεια
1505 308 1621 347 λέγεται,
1637 310 1762 347 νομίσητε

995 352 1094 385 πάντας
1105 355 1156 381 τῶν
1176 354 1260 382 αὐτῶν
1273 354 1420 392 τυγχάνειν.
1435 355 1468 383 Εἰ
1482 354 1534 394 γὰρ
1547 357 1658 383 ἐνταῦθα
1678 356 1722 384 καὶ
1749 358 1762 384 ὁ

994 397 1125 437 ὕπαρχος,
1140 398 1185 427 καὶ
1211 398 1307 431 πάντες
1326 400 1349 427 οἱ
1375 399 1434 438 περὶ
1459 399 1503 428 τὸν
1528 400 1653 438 βασιλέα,
1670 401 1715 429 καὶ
1738 404 1762 430 οἱ

995 444 1094 483 σφόδρα
1105 445 1304 484 καταδεέστεροι
1318 446 1362 474 καὶ
1377 446 1420 474 τὸν
1435 447 1486 474 τῶν
1503 445 1649 484 λεγομένων
1663 447 1761 474 ”Sena-

994 491 1043 518 νῶν
1054 490 1133 519 τόπον
1148 490 1300 529 ἐπέχοντες,
1315 493 1341 519 ἐν
1356 495 1409 524 τοῖς
1428 492 1569 529 βασιλείοις
1593 491 1658 525 εἶσὶ,
1675 491 1762 520 καίτοι

993 536 1116 565 τοσούτου
1132 537 1204 569 ὄντος
1215 541 1259 566 τοῦ
1273 537 1352 575 μέσου
1366 541 1410 566 τοῦ
1431 537 1551 576 ὑπάρχου
1569 538 1613 566 καὶ
1627 540 1671 566 τοῦ
1684 539 1761 566 δεκα-

993 585 1036 612 νοῧ
1046 594 1051 600 ’
1059 584 1148 621 πολλῷ
1162 584 1261 620 μᾶλλον
1273 585 1299 612 ἒν
1311 588 1364 615 τοῖς
1374 583 1428 611 ἅνω
1442 583 1582 621 βασιλείοις
1592 586 1667 612 τοῦτο
1678 583 1761 612 ἔσται.

994 629 1045 657 Καὶ
1056 632 1131 658 τοῦτο
1142 629 1189 657 οὐκ
1201 630 1246 657 ἀπ’
1259 629 1372 667 ἐμαυτοῦ
1386 628 1469 668 λέγω·
1483 629 1526 657 καὶ
1537 629 1586 668 γὰρ
1599 628 1690 667 ἑτέραν
1704 628 1762 657 τού-

993 686 1044 703 των
1067 675 1173 712 μείζονα
1197 674 1284 709 τίθησι
1304 673 1429 713 διαφορὰν
1446 677 1458 703 ὁ
1474 676 1588 707 Παῦλος.
1610 673 1694 703 ιὈιται
1711 674 1762 714 γὰρ

994 720 1129 759 διαφοραὶ,
1141 720 1228 759 φησὶν,
1244 720 1296 749 ἀπὸ
1308 720 1382 754 ἡλίου
1395 720 1443 752 ἕως
1458 720 1569 755 σελήνης
1585 720 1629 749 καὶ
1645 720 1762 759 ἀστέρων

994 765 1094 794 καὶτοῦ
1110 766 1268 804 μικροτάτου
1283 766 1406 804 ἀστέρος,
1420 769 1546 795 τοσαῦται
1561 766 1605 794 καὶ
1621 768 1672 794 τῶν
1690 767 1716 794 ἓν
1728 768 1761 804 τῇ

996 812 1125 851 βασιλείᾳ.
1147 812 1201 840 Καὶ
1214 812 1255 840 ὅτι
1272 812 1362 850 πολλῷ
1380 811 1459 841 πλέον
1481 815 1527 840 τοῦ
1553 813 1660 840 δεκανοῧ
1686 813 1762 850 λεγο-

996 858 1073 896 μένου
1087 858 1132 886 καὶ
1145 860 1189 886 τοῦ
1203 857 1336 896 ὑπάρχου,
1346 860 1392 885 τοῦ
1405 857 1479 892 ἡλίου
1489 857 1534 885 καὶ
1547 860 1592 886 τοῦ
1604 858 1761 896 μικροτάτου

995 903 1103 942 ἀστέρος
1118 903 1147 932 τὸ
1160 903 1291 942 διάφορον,
1306 903 1383 937 δῆλον
1399 903 1508 932 ἅπασιν.
1521 902 1554 931 ‘O
1568 902 1615 940 μὲν
1628 902 1680 942 γὰρ
1689 903 1762 938 ἥλιος

994 954 1080 979 πᾶσαν
1095 952 1160 987 ὁμοῦ
1172 949 1342 987 καταλάμπει
1361 948 1409 984 τὴν
1424 948 1577 986 οἰκουμένην
1589 949 1634 977 καὶ
1651 948 1762 987 φαιδρὰν

994 1000 1080 1031 ποιεῖ,
1094 995 1137 1023 καὶ
1151 995 1262 1029 σελήνην
1271 995 1315 1023 καὶ
1328 994 1438 1033 ἀστέρας
1450 993 1613 1033 ἀποκρύπτει
1621 1006 1626 1012 ·
1638 997 1651 1023 ὁ
1662 994 1688 1023 δὲ
1699 995 1762 1023 πολ-

994 1042 1069 1073 λάκις
1081 1040 1138 1070 οὐδὲ
1153 1041 1285 1079 φαίνεται,
1297 1041 1342 1068 καὶ
1355 1043 1437 1068 ταῦτα
1452 1041 1477 1068 ἐν
1491 1040 1589 1079 σκότῳ·
1605 1040 1696 1069 πολλοὶ
1710 1041 1762 1080 γάρ

993 1089 1044 1115 εἰσι
1059 1089 1108 1115 τῶν
1122 1086 1248 1124 ἀστέρων,
1261 1085 1303 1118 οὓς
1317 1088 1366 1124 οὐχ
1380 1087 1489 1123 ὁρῶμεν.
1502 1084 1587 1114 “Orous
1602 1081 1644 1114 οῧν
1660 1085 1763 1125 ἑτέρους

993 1134 1093 1171 ὁρῶμεν
1113 1131 1201 1165 ἡλίους
1213 1130 1376 1170 γινομένους,
1388 1133 1464 1168 ἡμεῖς
1479 1130 1505 1158 δὲ
1516 1133 1568 1159 τῶν
1583 1131 1699 1170 ἀστέρων
1709 1133 1761 1159 τῶν

993 1177 1175 1216 σμικροτάτων
1187 1176 1234 1212 τὴν
1249 1176 1321 1209 τάξιν
1336 1176 1438 1215 ἔχωμεν
1452 1178 1502 1204 τῶν
1515 1176 1572 1205 οὐδὲ
1585 1177 1762 1216 φαινομένων,

991 1223 1030 1255 τίς
1051 1223 1124 1251 ἔσται
1149 1226 1212 1260 ἡμῖν
1240 1222 1395 1261 παραμυθία
1408 1235 1414 1256 ;
1442 1222 1505 1256 Μὴ,
1533 1223 1697 1259 παρακαλῶ,
1724 1222 1761 1260 μὴ

995 1268 1061 1297 οὕτω
1073 1271 1161 1301 νωΟεῖς
1172 1263 1253 1305 ὦμεν,
1269 1268 1306 1306 μὴ
1318 1267 1397 1299 οὕτως
1410 1267 1484 1306 ἀργοὶ
1495 1289 1502 1302 ,
1520 1266 1556 1304 μὴ
1572 1267 1764 1306 πραγματευώ-

996 1318 1062 1352 μεθα
1085 1314 1132 1349 τὴν
1156 1313 1229 1353 παρὰ
1254 1316 1298 1341 τοῦ
1322 1314 1392 1342 Θεοῦ
1411 1312 1544 1352 σωτηρίαν
1560 1314 1596 1346 εἷς
1617 1313 1763 1352 ῥᾳθυμίαν,

995 1361 1053 1388 ἀλλ’
1063 1358 1267 1398 ε’μπορευώμεθα
1280 1358 1361 1393 αὐτὴν
1371 1381 1378 1393 ,
1390 1358 1435 1386 καὶ
1444 1358 1626 1397 πληθύνωμεν.
1642 1358 1696 1387 Κᾶν
1711 1359 1761 1399 γὰρ

994 1405 1190 1444 κατηχούμενος
1210 1417 1248 1437 τις
1274 1400 1306 1443 ᾗ,
1329 1404 1397 1433 ἀλλὰ
1415 1404 1459 1433 τὸν
1471 1404 1584 1443 Χριστὸν
1606 1400 1681 1441 οἶδεν,
1694 1406 1762 1434 ἀλλὰ

993 1452 1040 1487 τὴν
1054 1451 1142 1480 πίστιν
1167 1451 1251 1489 ἔγνω,
1279 1450 1348 1479 ἀλλὰ
1364 1453 1416 1479 τῶν
1430 1450 1504 1479 θείων
1521 1450 1642 1479 ἐπακούει
1663 1451 1759 1490 λόγων,

994 1499 1051 1526 ἀλλ’
1067 1499 1095 1525 οὐ
1110 1496 1198 1535 πόρρω
1210 1496 1266 1525 ἐστὶ
1278 1497 1325 1530 τ’ἧς
1339 1496 1408 1528 Οείας
1422 1496 1556 1535 γνώσεως,
1569 1491 1622 1525 οἶδε
1638 1496 1667 1525 τὸ
1682 1497 1759 1531 θέλη-

995 1558 1032 1583 μα
1045 1547 1089 1574 τοῦ
1114 1544 1248 1573 Δεσπότου
1265 1545 1351 1573 αὐτοῦ.
1363 1544 1441 1576 Τίνος
1455 1539 1497 1573 οῧν
1512 1544 1597 1573 ἕνεκεν
1616 1545 1761 1574 ἀναθάλλε-

233 1652 242 1662 ss
258 1645 290 1668 Hi
301 1643 389 1669 decani
402 1643 502 1669 lictores
515 1649 586 1668 erant
596 1644 620 1668 in
632 1643 687 1668 aula
701 1644 873 1676 Imperatoris.
887 1643 949 1668 Vide
961 1644 1082 1677 Cangium
1095 1643 1121 1668 in
1133 1642 1259 1669 Glossario
1271 1643 1315 1669 Gr.
1335 1642 1366 1667 ad
1381 1651 1466 1668 vocem
1479 1649 1579 1672 Δεκαυὰς.

618 1742 792 1771 MUTIANO
816 1741 1070 1771 SCHOLASTICO
1093 1742 1126 1770 IN
1133 1741 1343 1770 TERPRETE.

200 1835 253 1863 eidi
269 1834 394 1874 postulet,
409 1841 433 1862 et
445 1834 539 1873 jubeat
551 1844 606 1862 esse
620 1840 681 1862 ante
695 1833 789 1862 limina
812 1833 910 1872 regalis
930 1834 1009 1873 aulae,
1025 1833 1130 1863 nullum
1149 1833 1248 1862 valebit
1263 1833 1402 1873 respicere,
1417 1833 1478 1862 licet
1500 1834 1579 1862 etiam
1592 1844 1607 1862 a
1621 1834 1760 1874 suppliciis

200 1883 328 1910 liberatus
344 1881 395 1909 sit:
407 1881 445 1909 sie
458 1887 484 1909 et
497 1881 557 1909 iste.

238 1929 297 1957 Non
311 1928 382 1957 enim
398 1928 461 1966 quia
484 1938 596 1966 regnum
616 1927 727 1964 dieitur,
744 1928 840 1967 putetis
865 1938 956 1956 omnes
972 1927 1064 1957 eadem
1077 1927 1200 1967 adipisci.
1217 1928 1246 1958 Si
1261 1928 1332 1956 enim
1348 1935 1373 1956 et
1387 1928 1527 1967 praefectus
1538 1950 1546 1965 ,
1560 1935 1585 1957 et
1600 1938 1691 1957 omnes
1713 1927 1759 1966 qui

198 1977 268 2005 circa
289 1977 482 2015 Imperatorem
504 1982 567 2004 sunt
590 1975 617 2004 in
640 1975 701 2004 aula
726 1975 820 2014 regali,
837 1982 862 2004 et
882 1975 929 2004 alii
950 1975 1030 2005 valde
1051 1975 1150 2014 infimi,
1167 1982 1192 2004 et
1218 1976 1265 2014 qui
1284 1975 1374 2004 locum
1400 1975 1448 2014 qui
1473 1976 1575 2005 dicitur
1597 1975 1760 2004 decanorum

197 2023 328 2058 obtinent,
345 2022 373 2050 in
394 2021 556 2060 aula‘regali
570 2022 783 2060 sunt:quamvis
807 2028 910 2050 tantum
924 2021 993 2050 inter
1012 2022 1168 2061 praefectum
1193 2028 1219 2050 et
1242 2021 1385 2056 decanum,
1407 2022 1493 2050 multo
1518 2022 1636 2061 amplius
1660 2022 1688 2050 in
1709 2032 1759 2050 su-

198 2070 349 2109 perioribus
373 2069 461 2108 regnis
483 2070 533 2098 hoc
553 2068 626 2098 idem
649 2069 708 2098 erit.
731 2069 766 2097 Et
790 2069 841 2098 hoc
867 2079 920 2097 non
941 2079 975 2097 ex
991 2079 1034 2097 me
1054 2068 1124 2097 dico.
1147 2069 1255 2097 Etenim
1278 2068 1359 2097 aliam
1382 2069 1458 2108 ponit
1481 2069 1660 2097 differentiam
1687 2069 1760 2097 Pau-

197 2117 248 2146 lus.
264 2118 378 2152 Quantae
402 2117 503 2156 quippe
526 2117 698 2152 differentiae,
713 2116 810 2154 inquit,
824 2127 839 2144 a
853 2116 908 2144 sole
927 2126 1010 2153 usque
1037 2115 1071 2144 ad
1095 2116 1187 2144 lunam
1213 2122 1237 2144 et
1261 2115 1294 2144 ad
1320 2116 1409 2144 stellas
1433 2123 1458 2145 et
1481 2116 1621 2144 minimam
1643 2115 1758 2153 stellam,

199 2171 276 2192 tantae
304 2170 381 2193 erunt
404 2163 562 2191 differentiae
583 2169 716 2191 eteorum
732 2161 778 2200 qui
800 2162 829 2190 in
856 2172 938 2201 regno
962 2161 1013 2190 Dei
1035 2169 1121 2190 erunt.
1142 2162 1176 2190 Et
1198 2162 1260 2200 quia
1283 2162 1370 2191 multo
1392 2163 1508 2202 amplius
1531 2162 1566 2191 ab
1586 2173 1617 2191 eo
1639 2162 1686 2201 qui
1709 2162 1757 2191 de-

199 2222 280 2240 canus
301 2210 404 2239 dicitur
416 2216 441 2238 et
454 2220 469 2237 a
484 2209 607 2248 praefecto
619 2230 628 2246 ,
645 2208 709 2237 solis
730 2214 755 2236 et
782 2207 864 2236 stellae
888 2208 1006 2236 minimae
1025 2215 1112 2237 exstat
1133 2208 1296 2243 differentia,
1310 2209 1482 2238 manifestum
1505 2216 1543 2238 est
1559 2209 1694 2238 omnibus.
1713 2208 1759 2237 Sol

198 2259 297 2297 quippe
319 2268 425 2286 omnem
447 2256 528 2285 simul
550 2256 666 2285 illustrat
690 2255 831 2291 mundum,
855 2262 881 2284 et
899 2256 1026 2285 festivum
1039 2256 1114 2295 facit,
1130 2263 1154 2284 et
1181 2257 1271 2285 lunam
1293 2263 1318 2285 et
1332 2257 1422 2286 stellas
1446 2257 1646 2286 obscu1·at:iste
1670 2263 1759 2286 autem

199 2306 317 2334 fortassis
331 2315 379 2333 nec
393 2311 477 2344 paret,
493 2303 520 2332 in
534 2303 650 2331 tenebris
671 2302 829 2331 constitutus
844 2314 850 2333 ι
863 2303 953 2331 multae
978 2302 1078 2342 quippe
1100 2310 1162 2332 sunt
1186 2303 1339 2341 stellarum,
1352 2315 1417 2342 quas
1429 2314 1481 2333 non
1496 2303 1627 2334 videmus.
1642 2303 1759 2341 Quando

198 2363 260 2391 ergo
272 2352 337 2381 alios
347 2351 496 2381 viderimus
507 2351 575 2380 soles
590 2351 703 2386 effectos,
716 2360 763 2379 nos
778 2357 867 2379 autem
880 2350 1018 2378 stellarum
1031 2350 1205 2379 minimarum
1222 2351 1310 2379 locum
1323 2351 1459 2387 habentes,
1476 2362 1541 2391 pene
1553 2362 1605 2380 non
1626 2361 1756 2391 apparen-

199 2399 275 2434 tium,
290 2399 367 2436 quale
383 2398 461 2427 nobis
471 2397 521 2426 erit
539 2396 684 2426 solatium?
698 2396 785 2425 Nolite
799 2397 920 2431 obsecro,
935 2396 1017 2425 nolite
1030 2396 1064 2425 ita
1077 2407 1172 2435 graves
1184 2397 1264 2426 corde
1274 2398 1344 2435 fieri,
1358 2398 1439 2426 nolite
1461 2398 1496 2426 ita
1512 2408 1613 2436 segnes.
1633 2399 1693 2427 Non
1707 2408 1757 2426 ne-

199 2446 330 2481 gotiemur
341 2446 406 2474 adeo
421 2445 533 2474 salutem
549 2444 582 2473 ad
597 2444 728 2473 desidiam
743 2451 768 2472 et
781 2443 970 2483 negligentiam
983 2467 990 2480 ‚
1003 2444 1050 2473 sed
1061 2445 1242 2473 mmdincmur
1256 2456 1314 2474 eam
1329 2452 1352 2474 ct
1367 2445 1583 2484 multiplicemus.
1597 2446 1634 2473 Ac
1649 2445 1671 2473 si
1688 2452 1757 2474 catc-

199 2492 345 2519 rhumenus
359 2493 392 2521 sit
405 2493 513 2530 aliquis,
530 2493 578 2521 sed
593 2492 732 2521 Christum
747 2492 837 2528 novit,
852 2491 898 2520 sed
915 2491 995 2520 fidem
1019 2492 1148 2531 percepit,
1164 2492 1209 2521 scd
1225 2493 1331 2521 oracula
1346 2492 1438 2522 divina
1452 2491 1578 2529 advertit,
1591 2492 1637 2521 sed
1652 2503 1704 2521 non
1718 2500 1756 2523 est

199 2537 276 2575 longe
287 2538 320 2566 ab
332 2538 474 2573 intellectu,
491 2540 564 2568 novit
581 2540 743 2569 voluntatem
763 2539 870 2568 Domini
886 2540 952 2577 ejus.
968 2539 1057 2573 Quare
1072 2539 1182 2568 ‹Iussu-rt?
1194 2551 1241 2578 pro
1257 2550 1308 2577 qua
1324 2550 1400 2569 eausa
1416 2539 1472 2568 vult
1489 2539 1538 2568 tale
1553 2539 1660 2569 differre
1674 2551 1755 2579 nego-
