1906 2846
441 192 474 214 tx
502 192 608 215 EPIST-

103 255 187 282 ταῦτα
208 257 271 293 παρ’
293 254 371 284 αὐτοῦ
392 255 528 292 διδόμενα,
552 255 621 284 ὥστε
647 255 684 293 μὴ
709 257 871 293 ἀποκαμεῖνς

103 299 230 339 Καθάπερ
244 299 295 339 γὰρ
315 301 339 329 οἱ
360 300 473 335 ἀθληταὶ
492 299 655 330 ἀπολαύουσι
670 301 717 338 μὲν
733 301 872 340 θεραπείας

102 344 147 372 καὶ
158 345 219 374 ὅταν
231 346 425 384 ἀγωνίζωνται,
440 347 509 381 πλὴν
525 348 583 375 ἀλλ’
601 349 629 376 οὗ
645 347 732 382 πάσης
754 347 813 376 τότε
825 349 872 381 τῆς

102 391 214 423 ἀνέσεως
226 392 413 426 ἀπολαύουσιν,
428 393 479 421 ὑπὸ
492 393 581 430 νόμοις
598 395 708 429 ζῶντες,
729 393 799 422 ἀλλὰ
815 390 871 422 ποί-

101 446 150 470 σης
166 436 233 473 μετὰ
254 440 338 466 ταῦτα
359 437 550 466 ἀπολαύουσιν·
573 438 642 467 οὕτω
664 439 709 467 καὶ
723 441 736 467 ὁ
751 439 818 471 Θεὸς
842 440 870 468 οὗ

101 480 189 517 πάσης
202 483 314 511 ἐνταῦθα
334 482 424 512 δίδωσι
440 484 599 521 μεταλαὲεῖν
623 486 670 519 τ’ἧς
690 485 813 517 ἀνέσεως·
834 485 870 513 δί-

101 528 165 555 δωσι
179 527 225 564 μὲν
236 527 288 567 γὰρ
301 528 346 556 καὶ
358 529 469 558 ἐνταῦθα
479 552 486 565 ,
500 530 570 564 πλὴν
589 530 660 567 ὅμως
675 530 722 566 τὴν
741 535 828 560 πᾶσαν
844 533 869 560 ἐν

101 573 138 612 τῷ
153 573 275 611 μέλλοντι
289 575 438 612 ἐταμίευσε.
457 575 510 604 Καὶ
528 575 567 604 ὅτι
582 576 658 604 τοῦτό
672 577 752 612 ἐστιν,
769 577 873 612 ἐδήλω-

100 630 143 647 σεν
159 619 277 648 αὐτὸκαὶ
290 620 333 649 διὰ
343 623 391 655 τῆς
404 623 558 660 ἐπαγωγῆς,
571 621 664 657 εἰπὼν,
675 621 755 651 Ἀλλὰ
768 623 869 662 πόῤῥω-

98 666 140 692 θεν
155 664 236 698 αὐτὰς
252 665 350 698 ἰδόντες
363 679 407 694 και
421 667 565 695 demaine
568 679 616 695 νοι.
629 667 760 696 EvtzuOoi
774 680 800 696 τι
816 680 868 706 μυ·

97 710 186 738 στικὸν
197 711 340 740 αἰνίττεται
350 724 355 729 ·
372 712 484 741 είκνυσι
502 712 554 751 γὰρ
567 712 628 740 ὅτι
620 712 769 769 τροῧαῧον
782 714 869 743 πάντα

98 755 131 784 τὰ
147 756 208 795 περὶ
229 758 281 785 τῶν
298 769 329 794 με
319 757 444 786 ..Ιλόιτυν
463 758 554 797 εἰρημε
546 758 604 791 -’,νοι
622 758 656 786 τὰ
678 770 738 797 περι
754 760 868 788 ἀναστά-

97 812 177 837 σεως,
186 801 240 831 τὰ.
232 814 264 831 -τε
244 814 310 842 ερι
306 803 410 832 Βασιλ’
388 815 442 835 ειας
452 805 578 842 οὐρανυν,
593 803 644 832 τὰ
636 804 759 842 περὶτῶν
772 805 869 840 ἅλὶων,

97 841 134 874 ὧν
148 847 257 876 ἕλθὼνὸ
279 848 391 887 Χριστὸς
406 850 535 887 ἐκῃρυσσε
574 850 621 882 τὰς
643 861 694 888 γαρ
711 851 870 889 ἐπαχγεὶίας

97 891 195 925 ταύτας
210 893 297 931 φησίν.
311 892 349 922 H
364 897 439 923 τοῦτο
454 906 497 923 ουν
515 906 602 933 arsit,
616 894 633 929 ἢ
648 894 688 922 ὅτι
706 896 753 923 οὐκ
775 895 868 924 amem

99 938 146 975 μὲν
169 938 265 974 αὐτὰς,
289 940 451 978 θαρῤίσαντε
442 953 466 973 ς
491 941 517 969 δὲ
540 940 605 979 ὑπὲρ
628 941 714 968 αὐτῶν
737 941 869 974 ἀπῆλθον’

97 983 246 1023 ἐθοίῤῥησαν
271 984 297 1013 δὲ
320 987 352 1023 τῇ
373 985 461 1014 πίστει
478 986 554 1024 μόνῃ.
578 986 718 1024 Πόῤῥωθεν
737 985 764 1014 ’δὲ
789 987 870 1018 αὐτὰς

100 1029 196 1061 ἰδόντες
211 1025 286 1066 εἷπε,
301 1031 388 1065 δηλῶν
403 1031 444 1059 ὅτι
459 1031 510 1069 πρὸ
524 1030 659 1069 τεσσάρων
671 1033 766 1068 γενεῶν
778 1043 784 1048 ·
801 1032 869 1068 μετὰ

98 1074 149 1113 γὰρ
159 1075 288 1108 τοσαύτας
303 1077 417 1109 ἀνῆλθον
435 1076 460 1109 ἐξ
475 1075 622 1114 Αἰγύπτου.
642 1075 696 1104 Καὶ
711 1077 868 1114 ἀσπασάμε-

97 1131 153 1156 νοι,
165 1119 241 1158 φησὶ,
256 1120 301 1149 καὶ
316 1120 448 1155 ἡσθέντες.
462 1120 543 1149 Ουτω
554 1121 726 1159 πεπεισμένοι
739 1124 808 1156 ἦσαν
822 1134 869 1150 πε-

98 1214 156 1240 εἶπε
166 1213 218 1239 τῶν
229 1212 363 1240 πλεόντων
377 1212 423 1240 καὶ
435 1211 569 1251 πόῤῥωθεν
587 1212 707 1250 ὁρώντων
719 1213 766 1245 τὰς
780 1212 870 1246 πόλεις

96 1256 144 1289 τὰς
158 1257 334 1295 ποθουμένας,
355 1257 385 1290 ἃς
408 1269 470 1296 πριν
491 1257 508 1292 ἢ
530 1259 655 1286 εἰσελθεῖν
679 1259 715 1291 εἷς
737 1259 817 1292 αὐτὰς
837 1272 869 1298 τη

97 1301 244 1341 προσρήσει
263 1303 389 1336 λαὸόντες
408 1303 489 1336 αὐτὰς
511 1305 680 1334 οἷκειοῧνται,
701 1303 870 1344 Ἐξεδέχοντο

97 1348 148 1387 γὰρ
157 1371 164 1383 ,
177 1349 256 1386 φησὶ,
271 1348 319 1384 τὴν
334 1348 394 1382 τοὺς
406 1349 541 1387 θεμελίους
555 1349 666 1388 ἔχουσαν
680 1350 768 1387 πόλιν,
781 1347 812 1386 ἧς
823 1364 868 1381 τε-

97 1393 191 1432 χνίτης
206 1394 251 1422 καὶ
265 1394 423 1434 δημιουργὸς
437 1397 451 1424 ὁ
462 1395 539 1428 Θεός.
556 1395 639 1434 (Ορᾷς
653 1399 664 1411 ‘¹
673 1395 714 1425 ὅτι
727 1396 767 1432 τὸ,
781 1396 868 1426 Ἔλα-

99 1438 155 1474 ὅον,
168 1451 198 1468 το
211 1439 263 1475 ἤδη
279 1439 426 1472 δέξαιο-ΜΓ
415 1453 471 1469 εστι
486 1452 531 1469 και
544 1443 700 1480 θαρσησαι
691 1441 757 1481 υπὲρ
772 1445 870 1479 αὗτῶν;

100 1484 134 1512 Εἰ
147 1484 233 1512 τοίνυν
249 1484 279 1513 τὸ
293 1487 425 1524 [sape-mat
439 1485 515 1514 λαὸεῐ
508 1498 529 1514 ν
545 1487 628 1522 ἔστιν,
642 1486 727 1516 ἔνεστι
749 1499 794 1517 και
808 1490 869 1527 ὑμῖν

98 1529 199 1558 λιιὸεἰν.
215 1526 299 1559 Οὗτοι
314 1531 366 1570 γὰρ
378 1554 385 1567 ,
413 1532 435 1560 εἷ
459 1532 504 1560 καὶ
528 1532 565 1570 ιιὴ
588 1532 745 1567 ἀπήλαυσαν
758 1533 869 1570 τούτων,

99 1575 157 1602 ἀλλ’
179 1576 251 1613 ὅμως
269 1578 307 1605 τῖ’)
324 1577 398 1605 πόθι)
420 1577 547 1616 ἐθεώρουν
571 1579 620 1606 αὐτ
610 1578 661 1611 οἷς.
683 1578 720 1608 Τί
743 1579 774 1614 δὴ
789 1583 872 1609 ταῦτα

130 1682 140 1693 ³
159 1673 254 1707 [Mai-g.
268 1674 346 1700 Savil.
360 1679 394 1701 ἑτι
405 1680 471 1701 τοῦτο
492 1679 526 1702 it.
539 1683 570 1709 τῷ
584 1679 636 1705 ἤδη.
655 1677 755 1701 Partim
765 1687 777 1701 ε
791 1678 852 1702 Cod.

93 1712 186 1742 partim
197 1712 431 1746 conjecturasocmn
441 1716 476 1739 sic
485 1721 586 1739 resume
593 1725 600 1738 :
612 1719 666 1751 ὲρᾷς
677 1720 711 1742 ὅτι
722 1719 794 1749 τούτῳ
804 1721 857 1742 ἕλκ-

639 193 684 215 AD
711 191 880 215 itEnssAEOS.

97 1165 279 1204 ρὶαῦτῶν,ιῖις
291 1178 336 1195 και
350 1166 629 1199 ἀσπάσασθαιαῦτυῖς·
647 1167 700 1196 ἀπο
719 1172 869 1207 μεταῡορᾶς
878 1141 1030 1203 21ἐειιιιὸἰο,
1057 1171 1087 1193 ιιι
1111 1175 1155 1194 eas
1179 1165 1258 1194 etiam
1279 1165 1426 1193 salutarent

1095 189 1213 212 nomn.
1601 181 1666 215 30)

910 191 987 213 cte.
1017 190 1065 213 xt.
1244 190 1340 213 xxm.

925 259 1000 292 parte
1013 252 1169 281 accessionis
1181 252 1216 280 ab
1227 262 1258 281 eo
1269 262 1324 281 esse
1334 251 1406 289 data,
1421 261 1453 280 ne
1466 251 1667 292 defatigemur?

925 300 995 328 Nam
1011 306 1040 328 ut
1055 298 1170 334 athletae,
1185 298 1265 327 etiam
1279 297 1388 336 quando
1404 297 1552 336 decertant,
1568 299 1664 328 fluun-

925 353 970 375 tur
989 346 1098 385 quidem
1113 345 1264 379 curatione,
1279 344 1327 374 sed
1345 355 1397 374 non
1418 351 1483 374 tunc
1504 345 1576 374 omni
1597 346 1665 374 rela-

925 392 1032 421 xatione
1054 393 1191 429 fruuntur,
1213 391 1334 420 viventes
1353 391 1404 419 sub
1425 390 1492 429 lege,
1512 392 1559 420 sed
1576 398 1665 431 posteri

924 436 1051 464 [ruuntur
1071 435 1196 464 universa
1210 447 1216 464 z
1231 434 1270 463 sic
1284 435 1356 463 Deus
1370 445 1476 473 quoque
1491 445 1542 463 non
1557 434 1603 463 dat
1622 435 1666 464 hie

925 489 954 510 ut
972 481 1056 510 simus
1079 481 1222 521 participes
1238 480 1326 509 omnis
1340 480 1513 508 relaxationis
1526 493 1532 508 :
1546 480 1592 509 dat
1604 481 1665 519 qui-

924 528 986 557 dem
1010 528 1142 564 ctiam,at
1166 534 1247 556 totam
1270 526 1472 566 promissionem
1497 526 1523 554 in
1546 527 1667 556 futurum

924 575 1078 603 reservavit.
1098 573 1131 602 Et
1143 572 1216 612 quod
1231 582 1272 602 res
1287 572 1322 600 ita
1335 572 1378 608 sit,
1387 570 1536 600 declaravit
1551 571 1595 600 his
1607 583 1667 601 ver-

923 619 965 647 bis
980 631 986 647 z
999 620 1056 649 Sed
1068 629 1118 648 eas
1133 630 1151 647 a
1165 619 1250 657 longe
1264 619 1436 656 aspicientes
1449 623 1476 646 et
1489 617 1665 646 salutantes.

924 665 975 693 Hic
990 665 1135 704 mysticum
1150 663 1292 703 quidpiam
1307 662 1469 698 subindicat,
1485 673 1581 702 nempe
1594 662 1666 701 quod

922 717 1080 749 acceperunt
1101 709 1189 738 omnia
1207 719 1266 747 quae
1287 708 1434 737 defuturis
1453 707 1525 736 dicta
1540 715 1619 745 sunt,
1634 708 1667 737 de

922 755 1130 791 resurrectione,
1152 754 1186 783 de
1212 764 1293 793 regno
1314 754 1457 791 caelorum,
1478 752 1512 782 de
1531 753 1609 788 aliis,
1633 754 1668 782 de

922 801 1022 839 quibus
1041 801 1164 829 Christus
1186 799 1331 829 adveniens
1346 799 1505 838 praedicavit
1519 810 1524 826 ε
1536 799 1585 827 has
1596 800 1667 828 enini

921 847 987 875 dicit
1006 846 1203 886 promissiones.
1220 849 1274 874 Aut
1291 846 1342 874 hoc
1359 845 1442 881 dicit,
1464 851 1510 873 aut
1530 844 1602 883 quod
1625 856 1668 874 eas

922 892 1030 931 quidem
1046 903 1097 921 non
1112 899 1288 931 acceperunt,
1308 899 1378 920 certa
1396 898 1485 920 autem
1503 891 1538 920 de
1554 892 1592 920 eis
1606 902 1667 921 con-

922 945 996 976 cepta
1012 938 1111 966 fiducia
1131 945 1301 966 excesserunt
1309 950 1317 974 3
1339 938 1395 966 sola
1416 944 1505 966 autem
1526 937 1579 966 fide
1600 948 1668 966 con-

922 983 1050 1011 fidebant.
1075 986 1098 1011 A
1120 983 1200 1022 longe
1227 994 1270 1011 cas
1291 983 1450 1022 aspicientes
1471 983 1548 1020 dicit,
1574 995 1668 1023 nempe

922 1035 982 1056 ante
1000 1035 1115 1066 quatuor
1133 1028 1315 1066 generationes
1328 1040 1334 1055 τ
1347 1039 1408 1056 nam
1425 1036 1484 1068 post
1505 1036 1542 1058 tot
1557 1040 1667 1069 genera—

922 1073 1007 1102 tiones
1027 1073 1203 1102 asccnderunt
1222 1084 1256 1102 ex
1275 1073 1405 1113 [Egypw-
1423 1076 1462 1103 Et
1485 1076 1666 1114 salutantes,

923 1118 1021 1157 inquit,
1036 1125 1064 1147 et
1075 1119 1177 1147 laetati.
1194 1119 1264 1146 Tam
1281 1125 1351 1146 certa
1365 1119 1418 1147 de
1411 1120 1476 1158 lpsis
1491 1127 1547 1149 erat
1557 1120 1594 1149 eis
1607 1131 1668 1160 per-

1449 1178 1454 1192 :
1477 1177 1491 1194 a
1512 1167 1667 1206 metaphora

922 1211 1111 1249 navigantium
1132 1210 1213 1248 dicit,
1232 1217 1257 1239 et
1272 1210 1367 1250 procul
1381 1210 1531 1240 videntium
1547 1213 1668 1242 civitates

921 1267 988 1295 quas
988 1233 1168 1293 ²'desider-ant,
1179 1267 1246 1294 quas
1258 1256 1417 1295 priusquam
1429 1256 1456 1284 in
1471 1256 1543 1295 ipsas
1555 1257 1667 1296 ingressi

923 1302 1036 1340 fuerint,
1051 1301 1255 1342 compellatione
1269 1309 1360 1341 captas
1373 1301 1424 1330 sibi
1439 1302 1602 1331 attribuunt.
1621 1304 1667 1331 10,

923 1349 1141 1387 Exspectabam
1158 1350 1252 1383 enim,
1272 1347 1378 1386 inquit,
1390 1348 1592 1388 fundamenta
1613 1349 1668 1376 Ῐιιι-

924 1396 1038 1423 beatem
1062 1396 1228 1431 civitatem,
1245 1395 1329 1433 cujus
1349 1395 1461 1432 artifex
1483 1400 1511 1422 et
1535 1395 1670 1424 conditor

923 1441 1014 1470 Deus.
1032 1440 1117 1470 Vides
1139 1439 1210 1478 quod
1229 1440 1313 1476 illud,
1331 1440 1519 1479 Acceperunt
1529 1462 1538 1478 ‚
1556 1447 1594 1468 est
1617 1451 1666 1470 ex-

923 1494 1042 1527 spectare
1056 1494 1082 1516 et
1097 1486 1232 1516 confidere
1244 1486 1279 1515 de
1292 1487 1329 1515 eis
1339 1487 1353 1515 3>
1366 1486 1396 1516 Si
1412 1497 1474 1525 ergo
1485 1486 1619 1516 confidere
1631 1494 1670 1516 est

924 1534 1071 1574 accepisse,
1086 1534 1163 1563 nobis
1181 1544 1287 1572 quoque
1301 1533 1364 1562 licet
1384 1533 1511 1572 accipere.
1524 1533 1571 1561 Isti
1587 1533 1668 1570 enim,

924 1580 973 1609 etsi
987 1580 1020 1609 iis
1033 1590 1087 1609 non
1102 1587 1163 1609 sunt
1177 1579 1271 1619 potiti,
1288 1578 1422 1608 desiderio
1436 1585 1524 1607 tamen
1537 1589 1581 1608 eas
1601 1589 1665 1609 con-

906 1683 951 1710 θον,
963 1686 994 1712 τῷ
1007 1681 1048 1708 ἤδη
1061 1682 1106 1705 ἐκδ.
1123 1679 1176 1711 Csr.
1192 1679 1335 1704 ffllutianus.
1350 1679 1477 1710 Dunaeus]

520 1820 695 1850 MUTIANO
717 1821 969 1852 SCIIOLASTICO
992 1822 1245 1852 INTERPRETE.

96 1908 274 1946 adjicientur
288 1909 384 1937 vobis.
399 1909 514 1938 Intueris
527 1910 589 1948 quia
605 1910 661 1939 haec
675 1911 832 1951 adjectionis
846 1919 870 1941 ct
885 1913 1061 1942 additamenti
1075 1912 1133 1942 loco
1147 1913 1182 1942 ab
1195 1923 1226 1942 eo
1240 1912 1351 1949 dantur,
1367 1920 1396 1941 ut
1409 1923 1462 1942 non
1475 1913 1662 1952 defatigemur.

95 1954 173 1983 Sicut
182 1955 253 1984 enim
268 1955 375 1984 athletae
388 1957 564 1996 perfruuntur
578 1958 686 1997 quidem
701 1959 773 1988 omni
789 1960 937 1999 curatione,
954 1967 980 1990 et
994 1971 1025 1990 eo
1041 1967 1159 2000 tempore
1171 1960 1280 1999 quando
1293 1967 1355 1990 sunt
1370 1961 1396 1988 iu
1411 1961 1555 1990 certamine
1568 1963 1665 1991 consti-

96 2003 147 2031 tuti
159 2013 169 2040 5
183 2002 232 2031 sed
245 2013 296 2031 non
311 2003 384 2032 omni
400 2004 489 2042 quiete
501 2015 548 2033 nec
564 2005 641 2044 plena
656 2006 810 2036 remissione
822 2008 1005 2046 perfruuntur,
1022 2007 1072 2036 sub
1087 2007 1192 2046 legibus
1207 2007 1340 2045 viventes,
1352 2007 1399 2036 sed
1414 2015 1504 2047 postea
1519 2009 1591 2037 omni
1606 2009 1660 2048 ple-

96 2060 183 2088 naque
197 2051 326 2079 fruuntur
342 2064 348 2079 ι
365 2051 403 2080 sic
418 2059 443 2080 et
458 2053 532 2081 Deus
547 2063 599 2082 non
614 2054 650 2082 ita
666 2062 783 2094 praestat‚
796 2062 825 2084 ut
835 2066 940 2085 omnem
954 2055 999 2084 hic
1013 2056 1129 2094 quietem
1143 2055 1341 2094 percipiamus;
1356 2055 1452 2084 tribuit
1465 2055 1574 2094 quidem
1584 2057 1664 2086 etiam

94 2096 150 2127 hic.
163 2098 211 2127 De
233 2098 327 2137 longe,
346 2098 444 2137 inquit,
461 2110 510 2129 eas
525 2101 670 2134 videntes,
688 2108 715 2130 et
730 2103 902 2131 salutantes.
919 2104 950 2132 In
966 2103 1017 2132 hoc
1033 2103 1092 2132 loco
1106 2102 1240 2141 quiddam
1255 2103 1402 2142 mysticum
1423 2103 1557 2142 significat
1568 2126 1575 2140 ‚
1591 2115 1664 2142 quo-

97 2145 169 2174 niam
181 2144 270 2174 omnia
285 2152 482 2175 antecesserunt
494 2157 553 2185 quae
568 2147 624 2176 illic
636 2147 669 2176 de
683 2148 782 2178 suturis
797 2149 868 2178 dicta
881 2157 952 2187 sunt,
969 2150 1002 2179 de
1017 2149 1208 2178 resurrectione
1217 2172 1226 2187 ,
1241 2149 1276 2178 de
1290 2160 1372 2188 regno
1385 2150 1526 2187 caelorum,
1543 2150 1577 2179 de
1590 2151 1662 2187 aliis,

97 2203 156 2231 quae
171 2193 280 2222 veniens
289 2193 412 2222 Christus
420 2194 580 2234 praedicavit
597 2208 602 2224 :
619 2196 837 2235 repromissiones
852 2198 923 2226 enim
937 2197 986 2227 has
996 2198 1092 2237 quiU.
1103 2197 1224 2236 quidem]
1236 2197 1312 2226 dicit.
1325 2200 1379 2226 Aut
1389 2208 1450 2237 ergo
1465 2198 1514 2227 hoc
1529 2198 1604 2236 dicit,
1616 2207 1662 2228 aut

96 2247 168 2270 certe
180 2241 243 2279 quIa
253 2252 304 2270 non
319 2242 430 2280 quidem
446 2254 489 2273 eas
506 2252 674 2284 acceperunt,
685 2245 732 2274 sed
749 2246 911 2275 confidentes
926 2257 975 2286 pro
991 2247 1028 2275 eis
1045 2247 1105 2275 hinc
1119 2245 1298 2275 discesserunt
1313 2258 1318 2273 :
1334 2246 1506 2275 confidebant
1521 2247 1592 2276 enim
1607 2248 1662 2277 sola

96 2287 160 2317 fide.
177 2289 224 2318 De
239 2289 324 2329 longe
335 2300 385 2319 eas
397 2291 542 2327 videntes,
559 2299 620 2320 ante
634 2299 751 2330 quatuor
766 2293 948 2333 generationes
966 2306 972 2322 :
988 2301 1047 2333 post
1062 2300 1148 2322 tantas
1166 2293 1267 2333 quippe
1283 2293 1467 2331 generationes
1480 2294 1579 2324 reversi
1600 2303 1662 2324 sunt

94 2334 129 2364 de
143 2335 270 2375 AEgypto.
285 2338 325 2365 Et
347 2337 523 2376 salutantes,
543 2339 649 2378 inquit,
668 2347 694 2369 et
711 2342 878 2379 gaudentes.
901 2342 941 2370 Ita
964 2341 1135 2371 confidebant
1149 2341 1183 2370 de
1205 2341 1277 2378 illis,
1296 2348 1324 2369 ut
1345 2341 1424 2370 ctiam
1441 2341 1588 2371 salutarent
1604 2354 1658 2372 cas.

96 2381 140 2412 Ex
154 2383 308 2423 metaphora
324 2384 512 2424 navigantium
530 2387 581 2415 hoc
596 2387 688 2423 dixit,
705 2388 751 2426 qui
775 2399 790 2417 a
812 2389 890 2428 longe
912 2388 1080 2428 prospiciunt
1095 2389 1216 2417 civitates
1230 2388 1411 2425 desideratas,
1432 2399 1505 2426 quas
1519 2396 1660 2428 antequam

95 2430 290 2471 ingrediantur,
311 2432 469 2462 salutatione
489 2435 656 2473 praeveniunt
670 2443 695 2464 et
709 2447 752 2465 eas
764 2436 815 2465 sibi
830 2437 974 2466 familiares
987 2437 1120 2466 efficiunt.
1139 2438 1359 2475 Exspectabam
1374 2439 1451 2465 enim
1457 2438 1662 2476 fundamenta

96 2479 249 2510 habentem
261 2480 411 2509 civitatem
422 2503 431 2518 ‚
447 2483 529 2520 cujus
545 2483 654 2522 artisct*
678 2490 705 2512 et
719 2485 817 2523 opifex
834 2486 913 2513 Deus
935 2491 986 2513 est.
1002 2484 1189 2524 Contemplare
1202 2484 1265 2523 quia
1280 2484 1329 2513 liae
1352 2495 1379 2513 rc
1393 2492 1550 2524 acceperunt
1564 2497 1659 2526 repro—

98 2526 250 2561 missiones,
269 2526 319 2556 hoc
344 2534 383 2556 est
395 2550 402 2563 ,
418 2529 596 2567 exspectando
612 2537 690 2569 atquc
711 2531 868 2560 confidendo
889 2531 961 2570 qnod
984 2531 1145 2571 acciperent.
1163 2532 1191 2560 Si
1208 2532 1290 2568 igitur
1312 2531 1446 2560 confidere
1461 2532 1582 2572 accipere
1603 2541 1660 2565 est.

100 2581 239 2610 possumus
252 2573 290 2603 sic
305 2574 433 2613 accipere.
451 2575 496 2603 Isti
514 2576 583 2605 enim
608 2577 655 2606 etsi
678 2577 745 2607 nihil
769 2578 844 2616 potiti
865 2586 925 2607 sunt
947 2579 1059 2617 horum,
1076 2586 1161 2608 tamen
1178 2578 1309 2608 desiderio
1325 2579 1497 2608 intuebantur
1515 2590 1554 2608 ea.
1573 2580 1664 2615 Quane
