1906 2846
306 114 437 139 ECLOGx
468 114 511 136 th
539 112 634 136 MODO
660 113 802 143 CONSEQ.
834 112 971 134 REGNUM
999 111 1144 139 esthon„
1174 109 1291 131 HOMlL.
1324 108 1442 130 XXXIX.

94 177 161 209 τίνος
175 177 260 206 ἕνεκεν
276 179 322 206 οὐκ
337 178 481 216 ἐργάζομαι
502 175 589 204 πάντα
611 175 644 204 τὰ
665 175 747 210 κακοί;
761 173 860 212 Ἀγνώ-

93 234 171 261 μονος
185 222 285 252 οἰκέτου
297 225 311 251 6
324 222 410 261 λόγος,
431 221 490 251 ἀλλ’
506 221 577 258 ὅμως
594 221 640 249 καὶ
656 224 746 249 τοῦτον
768 221 861 248 ἐπιλυ-

93 267 192 306 σόμεθα
204 268 248 297 τὸν
267 267 354 307 λόγον.
371 267 417 302 Μὴ
439 267 547 306 ἐργάζου
561 266 594 295 τὰ
609 266 688 302 κακὰ,
704 266 746 294 ἵνα
767 265 862 295 σαυτὸν

92 314 240 353 ὠφελήσῃς.
263 313 405 345 Βασιλείας
423 312 470 350 μὲν
487 312 539 352 γὰρ
551 312 646 345 πάντες
665 311 761 349 ὁμοίως
782 312 861 339 ἐκπε-

93 359 208 397 σούμεθα
220 382 228 395 ,
242 361 268 388 ἐν
286 359 312 387 δὲ
325 358 415 397 γέεννῃ
437 359 466 386 οὐ
484 357 532 392 τὴν
552 357 633 392 αὐτ-ἡν
648 357 766 395 δώσομεν
787 357 861 390 δίκην

92 405 199 439 πάντες,
215 405 273 433 ἀλλ’
297 406 311 432 6
334 404 382 441 μὲν
398 405 513 441 μείζονα,
538 405 552 431 6
574 403 600 431 δὲ
629 403 810 442 ἢμερωτέραν.
829 403 861 430 Ei

94 451 142 488 μὲν
171 449 223 489 γὰρ
253 449 285 479 σὺ
313 451 432 482 κάκεῖνος
462 449 674 488 κατεφρονήσατε
688 471 695 484 ,
724 448 769 476 καὶ
790 450 804 476 6
828 447 862 476 τὰ

92 495 189 531 πολλὰ,
200 495 245 524 καὶ
259 497 272 523 6
286 495 319 524 τὰ
333 496 410 534 ὀλίγα
419 518 426 531 ,
445 496 542 533 ὁμοίως
557 497 708 524 ἐκπεσεῖσθε
723 497 770 529 τῆς
783 496 863 532 βασι-

93 541 180 574 λείας·
195 543 218 570 εἰ
233 541 260 569 δὲ
275 542 324 580 οὐχ
343 541 441 579 ὁμοίως
463 541 677 580 κατεφρονήσατε
687 563 694 575 ,
706 541 764 568 ἀλλ’
781 542 794 568 6
815 539 861 577 μὲν

94 589 193 625 μεῖζον,
214 589 228 616 6
242 587 269 616 δὲ
283 587 403 622 ἔλαττον,
418 588 444 615 ἐν
460 588 493 625 τῇ
513 587 605 624 γεέννῃ
619 588 666 620 τῆς
678 586 802 625 διαφορᾶς
818 587 863 613 αἷ-

92 633 229 668 σθήσεσθε.
248 632 285 662 Τί
301 628 355 668 οὖν,
376 632 467 672 φησὶν,
483 633 586 661 ἀπειλεῖ
605 636 658 664 τοῖς
685 631 862 670 ἐλεημοσύνην

94 678 131 716 μὴ
154 678 296 708 δεδωκόσιν
318 680 355 711 εἷς
381 678 411 706 τὸ
436 681 488 716 πῦρ
510 677 724 714 ἀπελεύσεσθαι,
743 677 789 706 καὶ
814 678 864 715 οὐχ

93 725 185 758 ἁπλῶς
204 726 240 757 εἷς
251 724 282 752 τὸ
295 728 358 764 πῦρ,
373 725 432 753 ἀλλ’
447 725 483 757 εἷς
495 723 526 752 τὸ
542 723 738 762 ἡτοιμασμένον
752 725 790 763 τῷ
803 723 865 751 δια-

93 770 165 809 ὅόλῳ
186 770 231 799 καὶ
253 775 307 804 τοῖς
337 769 458 808 ἀγγέλοις
483 772 583 805 αὐτοῧ;
608 769 677 801 τίνος
705 769 790 797 ἕνεκεν
819 768 865 796 καὶ

94 816 138 844 διὰ
166 815 213 850 τίς
241 816 324 846 Οὐδὲν
356 815 423 844 οὕτω
455 815 498 844 τὸν
522 815 590 844 Θεὸν
617 815 774 854 παροξύνει,
797 814 866 843 ἀλλὰ

93 862 199 892 πάντων
227 863 290 892 αὐτὸ
313 862 456 901 προτίθησι
483 863 535 890 τῶν
558 862 658 890 δεινῶν.
678 863 709 890 Εἰ
734 862 785 900 γὰρ
807 860 866 893 τοὺς

93 909 202 948 ἐχθροὺς
226 910 309 947 φιλεῖν
326 909 382 937 δεῖ·
404 911 418 937 ὁ
439 907 484 936 καὶ
509 907 569 940 τοὺς
585 908 674 946 φίλους
698 907 866 946 διαφθείρων,

93 954 203 983 καὶτῶν
218 953 355 988 Ἑλλήνων
377 954 447 982 κατὰ
464 956 541 982 τοῦτο
554 954 650 992 χείρων
666 954 716 988 ὢν,
737 954 806 986 τίνος
819 955 866 981 οὐκ

94 1000 169 1028 ἔσται
179 999 312 1031 κολάσεως
328 998 397 1031 ἄξιος
407 1011 414 1033 ;
424 998 509 1027 ‘'ssa-re
529 1000 640 1027 ἐνταῦθα
655 999 685 1027 τὸ
704 998 811 1036 μέγεθος
822 1002 867 1027 τοῦ

94 1045 287 1084 ἁμαρτήματος
315 1044 384 1082 μετὰ
416 1046 461 1072 τοῦ
494 1043 618 1072 διαῧόλου
639 1043 760 1079 ἐποίησεν
790 1045 868 1073 αὐτὸν

96 1092 231 1120 ἀπελθεῖν.
254 1090 323 1119 Οὐαὶ
347 1090 399 1129 γὰρ
421 1092 459 1128 τῷ
485 1089 663 1127 ἐλεημοσύνην
682 1090 718 1128 μὴ
741 1093 867 1119 ποιοῦντι.

96 1139 131 1167 Εἴ
147 1137 175 1166 δὲ
190 1136 233 1165 ἐπὶ
248 1139 295 1171 τῆς
311 1137 433 1168 Παλαιᾶς
449 1139 526 1165 τοῦτο
536 1131 579 1170 ἦν,
595 1136 686 1175 πολλῷ
703 1137 802 1172 μᾶλλον
825 1135 869 1164 ἐπὶ

96 1185 144 1219 τῆς
162 1184 275 1218 Καινῆς·
293 1183 315 1211 εἰ
329 1182 390 1211 ἔνθα
413 1181 603 1221 συγκεχώρητο
616 1182 763 1221 χρημάτων
778 1184 870 1216 κτῆσις

98 1229 143 1258 καὶ
156 1229 302 1261 ἀπόλαυσις
317 1229 361 1257 καὶ
377 1228 516 1266 ἐπιμέλεια
529 1250 535 1263 ,
551 1228 667 1262 τοσαύτη
689 1227 799 1266 πρόνοια
813 1227 871 1266 ἐγέ-

96 1287 156 1304 νετο
168 1277 216 1309 τῆς
225 1276 261 1308 εἷς
274 1274 333 1307 τοὺς
343 1274 458 1308 πένητας
472 1274 601 1313 βοηθείας·
614 1274 688 1313 πόσῳ
700 1275 799 1311 μᾶλλον
812 1274 872 1302 ἔνθα

98 1321 260 1359 κελευόμεθα
273 1321 361 1349 πάντα
373 1322 461 1359 ῥῖψαι;
475 1320 511 1349 Τί
524 1320 576 1359 γὰρ
590 1321 637 1348 οὐκ
648 1320 750 1349 ἐποίουν
761 1321 872 1354 ἐκεῖνον,

100 1366 222 1402 δεκάτας,
237 1367 282 1395 καὶ
294 1367 374 1395 πάλιν
389 1366 501 1398 δεκάτας
519 1370 658 1405 παρεῖχον,
672 1368 803 1405 ὀρφανοῖς,
817 1367 872 1405 χῆ-

102 1425 168 1452 ραις,
178 1413 353 1452 προοηλύτοις
366 1412 507 1450 ἐπήρκουν.
522 1411 601 1440 Ἀλλά
616 1412 660 1450 μοί
674 1424 712 1444 τις
733 1413 873 1450 θαυμάζων

99 1459 170 1494 τινὰ,
183 1459 267 1498 ἔλεγε,
282 1458 392 1489 δεκάτας
407 1458 512 1486 δίδωσιν
529 1460 543 1486 ὁ
560 1458 639 1486 δεῖνα.
661 1458 752 1493 [lde-17<
775 1459 873 1497 αἰσχύ-

100 1517 148 1540 νης
158 1508 234 1534 τοῦτο
247 1504 336 1543 γέμει,
353 1506 376 1532 εἱ
390 1504 403 1533 ὃ
419 1504 463 1532 ἐπὶ
483 1506 534 1532 τῶν
550 1503 684 1532 Ἰουδαίων
702 1506 748 1533 οὐκ
762 1500 793 1538 ἦν
810 1507 875 1532 θαυ-

103 1554 210 1588 μασμοῦ
222 1573 229 1585 ,
246 1554 322 1579 τοῦτο
335 1550 379 1578 ἐπὶ
401 1552 452 1578 τῶν
471 1550 638 1588 Χριστιανῶν
662 1550 814 1587 θαυμαστὸν
828 1550 875 1588 γε’-

102 1607 194 1635 γονεν;
209 1596 242 1624 Εἰ
263 1595 323 1624 τότε
345 1595 462 1627 κίνδυνος
483 1591 526 1630 ἦν,
541 1595 571 1624 τὸ
586 1595 699 1628 δεκάτας
717 1597 857 1624 ἀπολιπεῖν
869 1618 875 1630 ,

103 1641 225 1677 ἐννόησον
241 1641 301 1670 ὅσον
317 1641 372 1670 ἐστὶ
394 1645 447 1670 νῦν.
464 1640 498 1669 ‘ll
515 1642 581 1679 μέθη
594 1642 674 1670 πάλιν
697 1644 725 1670 οὐ
749 1644 875 1681 κληρονο-

105 1694 149 1728 μεῖ
163 1689 211 1724 τὴν
233 1688 380 1727 βασιλείαν.
396 1688 475 1716 Ἀλλὰ
494 1688 536 1720 τίς
557 1690 570 1717 ὁ
592 1689 644 1716 τῶν
659 1689 763 1716 πολλῶν
788 1687 878 1726 λόγος

105 1736 221 1771 Οὐκοῦν,
237 1735 260 1762 εἷ
283 1733 357 1771 κάγὼ
379 1735 497 1766 κάκεῖνος
520 1735 546 1761 ἐν
562 1738 614 1766 τοῖς
630 1735 732 1769 αὐτοῖς,
747 1736 775 1762 οὗ
797 1734 879 1773 μικρὰ

106 1779 273 1819 παραμυθία.
285 1779 321 1808 Τί
338 1774 397 1813 οὖν,
418 1779 545 1807 Μάλιστα
565 1778 612 1816 μὲν
628 1781 657 1807 οὐ
679 1782 726 1814 ez<
750 1782 829 1814 αὐτῆς
848 1779 879 1809 σὺ

106 1829 225 1858 κάκεῖνος
240 1824 406 1854 ἀπολαύσετε
419 1825 548 1863 τιμωρίας
561 1837 567 1842 ·
593 1825 678 1857 ἄλλως
698 1825 734 1861 δὲ,
756 1826 814 1854 οὐδὲ
828 1838 880 1854 πα-

107 1871 222 1911 ραμυθία
246 1871 322 1900 τοῦτό
337 1873 404 1900 ἐστι.
424 1871 493 1900 Τότε
507 1871 558 1910 γὰρ
578 1873 594 1905 ἡ
609 1871 732 1899 κοινωνία
751 1874 802 1900 τῶν
822 1884 878 1900 πα-

107 1919 158 1946 θῶν
174 1917 230 1956 ἔχει
251 1917 420 1954 παραμυθίαν
431 1939 438 1951 ,
452 1916 514 1944 ὅταν
539 1916 680 1955 σύμμετρα
702 1912 718 1955 ᾗ
740 1917 773 1946 τὰ
790 1918 861 1946 δεινά
873 1930 878 1935 ·

108 1965 170 1994 ὅταν
188 1965 215 1994 δὲ
230 1964 376 2004 ὑπερῧαίνῃ
393 1965 438 1992 καὶ
452 1965 477 1992 ἐν
491 1964 612 1993 ἐκστάσει
633 1967 704 2002 ἡμᾶς
721 1967 784 2003 ποιῇ
794 1988 801 2001 ,
816 1968 878 1995 οὐκ·

109 2011 148 2040 ε’τι
162 2010 256 2049 ἀφίησι
270 2011 361 2039 λαὸεῖν
373 2010 552 2048 παραμυθίαν.
574 2010 642 2038 Εἰπὲ
659 2010 709 2048 γὰρ
730 2013 768 2050 τῷ
783 2023 879 2040 καται-

108 2056 248 2095 κιζομένῳ,
263 2057 308 2085 καὶ
331 2058 367 2089 εἷς
389 2057 437 2091 τὴν
452 2056 537 2094 πυρὰν
552 2056 712 2094 ἐμὲεὸηκοτι
722 2079 730 2092 ,
744 2058 784 2085 ὅτι
806 2058 851 2085 καὶ
868 2060 881 2086 ὁ

107 2103 179 2132 δεῖνα
201 2106 279 2131 τοῦτο
303 2103 422 2142 πάσχει·
439 2102 499 2130 ἀλλ’
514 2103 572 2131 οὐῗὲ
595 2103 748 2137 αἰσθήσεται
769 2105 815 2137 τῆς
829 2116 881 2132 πα-

108 2149 248 2187 ραμυθίας.
265 2149 336 2188 Οὐχὶ
359 2149 456 2180 πάντες
480 2151 545 2185 ὁμοῦ
562 2148 700 2176 ἀπώλοντο
722 2150 745 2177 οἱ
773 2148 881 2187 Ἰσραη-

106 2195 200 2230 λῖται;
219 2193 298 2223 ποίαν
311 2198 387 2223 τοῦτο
402 2195 490 2226 αὐτοῖς
505 2193 677 2232 παραμυθίαν
702 2194 808 2233 {aspen
824 2196 881 2234 οὐχὶ

109 2240 208 2277 μᾶλλον
235 2239 297 2268 αὐτὸ
322 2242 400 2268 τοῦτο
423 2239 514 2272 αὐτοὺς
531 2239 636 2274 ἐλύπει;
652 2241 691 2268 διὸ
715 2241 760 2268 καὶ
783 2230 881 2279 ἔλεγον,

109 2285 297 2323 ἀπολώλαμεν,
314 2285 490 2323 ἐξολώλαμεν,
508 2286 735 2324 παρανηλώμεθα.
748 2287 817 2315 Ποία
830 2288 882 2316 τοί-

113 2344 157 2360 νυν
181 2331 247 2367 αὕτη
269 2332 438 2369 παραμυθία,
459 2331 554 2366 Μάτην
579 2332 684 2365 ἑαυτοὺς
713 2333 884 2372 παραμυθού-

111 2380 177 2416 μεθα
191 2378 298 2410 ταύταις
313 2382 370 2409 ταῖς
382 2377 484 2406 ἐλπίσι·
502 2377 550 2415 μία
563 2377 629 2414 μόνη
645 2378 800 2417 παραμυθία
818 2379 885 2412 ἐστὶ,

110 2425 141 2452 τὸ
155 2423 192 2461 μὴ
207 2425 330 2461 ἐμπεσεῖν
347 2424 383 2456 εἷς
403 2422 433 2451 τὸ
454 2426 508 2462 πῦρ
523 2425 606 2451 ἐκεῖνο
625 2423 655 2451 τὸ
677 2423 805 2452 ἅσῧεστον
816 2436 822 2441 ·
838 2426 884 2461 ἐμ·

112 2469 241 2501 πεσόντας
256 2469 282 2497 δὲ
300 2470 346 2497 οὐκ
364 2468 403 2497 ἔνι
424 2468 594 2508 παραμυθίας
610 2474 710 2507 τυχεῖν,
725 2470 786 2498 ἔνθα
797 2472 810 2498 6
823 2472 883 2508 βρυ-

113 2516 179 2554 γμὸς
191 2517 243 2544 τῶν
257 2515 379 2551 ὀδόντων,
392 2514 452 2543 ἔνθα
471 2515 612 2552 κλαυθμὸς,
627 2515 688 2544 ἔνθα
706 2515 810 2551 σκώληξ
825 2519 884 2545 ατε·

872 384 906 402 729

1584 94 1654 140 955

917 180 992 209 cata;
1009 172 1054 200 sed
1067 171 1154 200 reddit
1169 171 1312 208 unicuique
1326 169 1473 197 seeundum
1490 179 1569 207 opera
1586 179 1632 196 sua
1649 178 1654 193 ε

917 218 1074 258 injustitiam
1085 217 1289 256 supergreditur
1300 238 1307 250 ‚
1330 215 1400 244 tollit
1415 215 1570 252 iniquitates
1583 236 1591 251 ,
1612 213 1656 241 sed

916 265 995 293 etiam
1019 275 1130 293 examen
1152 263 1271 291 adhibet.
1294 261 1438 296 Quomodo
1453 261 1510 289 haec
1527 270 1578 288 non
1595 269 1657 288 con—

917 310 997 339 traria
1019 310 1102 338 sunt?
1118 309 1176 337 Non
1200 307 1348 343 contraria,
1367 307 1390 335 si
1419 305 1587 345 temporibus
1613 305 1658 332 illa

915 355 1123 393 distinguamus.
1139 353 1224 382 Tollit
1238 359 1344 391 peecata
1361 352 1404 380 hic
1416 358 1441 380 et
1457 362 1504 390 per
1518 351 1657 379 lavacrum

881 412 899 433 Λ
915 408 941 429 et
956 412 1003 440 per
1015 400 1214 439 poenitentiam;
1231 399 1287 427 illic
1302 399 1432 426 sactorum
1448 407 1559 425 examen
1575 396 1639 424 facit
1652 418 1659 428 ,

900 2027 918 2048 l)

916 453 941 474 et
955 446 1032 485 punit
1045 456 1092 485 per
1109 445 1197 483 ignem
1211 451 1237 472 et
1253 450 1392 472 tormenta.
1405 443 1434 471 Si
1453 453 1516 480 ergo
1527 464 1534 476 ‚
1556 441 1660 470 etiamsi

917 493 1056 521 innumera
1072 491 1206 520 admisero
1221 490 1306 524 mala,
1325 500 1372 528 per
1388 499 1472 516 unum
1489 488 1597 516 illorum
1613 487 1662 526 eji-

917 539 972 568 cior
984 546 1009 566 et
1022 550 1036 566 a
1045 548 1125 576 regno
1138 536 1244 569 excido,
1254 547 1303 564 cur
1316 535 1404 563 omnia
1413 534 1483 562 mala
1499 544 1550 562 non
1569 543 1662 572 perpe-

916 591 984 613 trem
995 584 1008 611 ?
1026 583 1127 622 Ingrati
1146 581 1238 610 famuli
1251 581 1355 609 dietum
1370 586 1426 613 est,
1439 586 1580 617 tainenqne
1593 578 1663 606 illud

915 630 1059 658 solvemus.
1076 630 1115 657 Ne
1125 628 1195 656 mala
1211 626 1344 666 opereris,
1360 632 1388 653 ut
1404 625 1453 653 tibi
1466 625 1607 653 utilitatem
1622 635 1665 663 pa·

915 675 978 704 rias.
992 678 1015 704 A
1025 685 1106 713 regno
1116 673 1224 712 quidem
1236 682 1326 700 omnes
1341 671 1480 710 (improbi)
1491 670 1662 705 excidemus3

918 721 945 749 in
968 721 1086 760 gehenna
1109 726 1199 748 autem
1226 729 1279 747 non
1303 727 1379 756 pares
1404 716 1530 744 dabimus
1551 726 1664 755 poenas;

921 768 969 797 scd
986 768 1029 796 l1ic
1046 767 1161 806 majores
1174 787 1182 802 ,
1199 764 1245 793 ille
1258 764 1382 792 minores.
1403 762 1432 792 Si
1447 762 1517 790 euim
1534 768 1561 790 tu
1578 769 1603 789 et
1623 761 1667 789 ille

918 813 1077 854 despexistis
1087 835 1095 850 ,
1110 811 1195 850 etqui
1209 811 1292 839 multa
1303 833 1310 846 ‚
1327 817 1353 838 et
1370 809 1416 847 qui
1431 819 1526 847 pauca,
1543 807 1668 836 similiter

919 873 933 890 a
950 871 1030 899 reguo
1049 858 1178 888 excidetis
1192 869 1197 885 :
1212 857 1234 885 si
1253 863 1342 884 autem
1366 865 1418 883 non
1435 855 1558 883 similiter
1572 853 1668 892 despe-

919 907 1012 942 xistis,
1028 905 1075 934 sed
1097 904 1165 932 alius
1188 903 1265 942 plus,
1284 902 1352 930 alius
1368 902 1474 935 minus,
1497 901 1524 928 in
1548 900 1667 938 gehenna

921 952 1101 980 differentiam
1114 949 1242 978 sentietis.
1257 948 1314 976 Cur
1325 957 1403 985 ergo,
1419 946 1542 984 inquies,
1558 945 1669 973 commi-

921 1005 1001 1026 natur
1021 997 1054 1025 iis
1068 995 1115 1034 qui
1132 996 1328 1034 eleemosynam
1349 1004 1401 1022 non
1418 999 1579 1031 erogatum,
1593 991 1666 1030 quod

921 1044 949 1072 in
968 1044 1057 1082 ignem
1074 1041 1173 1070 abituri
1188 1041 1242 1069 sint
1252 1063 1259 1075 ,
1276 1050 1324 1068 nec
1345 1038 1504 1078 simpliciter
1517 1038 1544 1066 in
1559 1037 1647 1076 ignem
1662 1059 1670 1073 ‚

922 1089 967 1118 sed
981 1095 1103 1128 paratum
1116 1087 1224 1115 diabolo
1237 1093 1262 1115 et
1277 1085 1380 1124 angelis
1396 1085 1475 1124 ejus?
1489 1095 1538 1113 cur
1548 1107 1556 1119 ,
1580 1091 1605 1112 et
1618 1094 1670 1121 qua

922 1134 956 1164 de
988 1134 1091 1163 cansa?
1119 1132 1197 1162 Nihil
1222 1132 1258 1160 ita
1278 1133 1375 1160 *Deum
1403 1131 1511 1165 irritat,
1534 1129 1580 1158 sed
1604 1129 1670 1158 illud

923 1181 1050 1210 omnzbus
1061 1180 1139 1208 malis
1155 1179 1304 1218 anteponit.
1327 1179 1397 1206 Nam
1411 1177 1431 1205 si
1448 1176 1571 1204 inimicos
1585 1186 1674 1204 amare

924 1233 1046 1266 oportet;
1067 1226 1113 1264 qui
1136 1225 1208 1264 ipsos
1222 1224 1322 1252 amicos
1337 1223 1412 1251 laedit
1425 1245 1432 1257 ,
1449 1230 1474 1251 et
1499 1222 1525 1250 in
1541 1222 1592 1250 hoc
1607 1231 1674 1260 gen—

926 1272 1019 1301 tilibus
1035 1273 1109 1311 pejor
1121 1278 1177 1305 est,
1198 1280 1251 1308 quo
1267 1280 1319 1298 non
1333 1269 1432 1307 dignus
1447 1268 1498 1296 erit
1520 1267 1676 1307 supplicio?

925 1321 1019 1358 Itaque
1034 1318 1078 1346 hic
1093 1316 1252 1356 magnitudo
1267 1315 1368 1355 peccati
1384 1315 1473 1354 ipsum
1491 1325 1552 1342 cum
1567 1313 1676 1342 diabolo

927 1365 1094 1395 amandavit.
1112 1365 1161 1392 Vae
1171 1365 1249 1392 enim
1263 1363 1309 1390 illi
1320 1364 1371 1401 qui
1382 1361 1602 1397 eleemosynam
1618 1370 1677 1388 non

918 1413 1012 1452 facit.
1039 1410 1121 1447 Quod
1136 1410 1158 1438 si
1171 1409 1199 1438 id
1215 1409 1242 1437 in
1255 1408 1342 1438 veteri
1358 1408 1416 1446 lege
1430 1413 1501 1442 erat,
1516 1407 1602 1434 multo
1618 1417 1676 1434 ma·

929 1459 970 1496 gis
993 1458 1019 1485 in
1035 1467 1105 1485 nova
1121 1468 1126 1483 :
1140 1456 1162 1484 si
1178 1455 1223 1484 ubi
1241 1453 1438 1482 concedebatur
1452 1452 1564 1480 divitias
1590 1452 1679 1491 possi-

928 1504 1004 1538 dere,
1019 1502 1127 1540 illisque
1138 1501 1191 1530 frui
1204 1508 1230 1529 et
1241 1499 1406 1538 advigilare,
1423 1505 1495 1526 tanta
1506 1497 1677 1537 providentia

929 1556 985 1578 erat
1002 1548 1036 1577 ad
1058 1558 1136 1587 opem
1157 1547 1246 1585 egenis
1267 1545 1405 1574 ferendam
1418 1567 1425 1579 ,
1441 1551 1542 1583 quanto
1569 1544 1656 1583 magis
1670 1568 1677 1580 ‚

930 1595 977 1623 ubi
987 1595 1115 1634 jubemur
1130 1593 1219 1621 omnia
1238 1591 1375 1631 abjicere?
1395 1591 1469 1625 Quid
1481 1592 1553 1619 enim
1573 1601 1625 1618 non
1640 1591 1679 1618 sa—

937 1641 1042 1669 cubant
1058 1640 1120 1668 illi?
1140 1639 1258 1667 decimas
1277 1644 1302 1666 et
1319 1647 1426 1665 rursum
1449 1636 1567 1664 decimas
1587 1636 1678 1664 solve-

932 1687 1012 1721 bant,
1028 1685 1156 1725 orphanis
1165 1708 1172 1721 ,
1183 1684 1291 1719 viduis,
1306 1683 1450 1722 proselytis
1461 1693 1539 1721 opem
1551 1683 1680 1711 ferebant.

935 1734 1037 1761 Verum
1053 1731 1120 1760 mihi
1142 1730 1277 1769 quispiam
1292 1729 1377 1757 alium
1391 1728 1528 1757 admirans
1549 1727 1656 1756 dicebat
1672 1751 1678 1761 ,

932 1779 981 1807 llle
997 1778 1044 1806 dat
1066 1777 1196 1807 decimas,
1219 1777 1253 1804 Et
1270 1782 1370 1814 quanto
1386 1775 1412 1803 id
1428 1775 1532 1814 pudore
1549 1775 1661 1813 dignum
1674 1798 1681 1807 ,

934 1824 956 1852 si
981 1823 1057 1862 quod
1077 1823 1152 1862 apud
1172 1822 1280 1852 Judaeos
1298 1822 1397 1850 mirum
1412 1832 1463 1849 non
1486 1828 1559 1858 crat,
1581 1822 1681 1850 mirum

933 1870 967 1898 sit
981 1869 1054 1909 apud
1073 1869 1260 1898 Christianos}¹
1275 1868 1304 1897 Si
1319 1875 1382 1896 tunc
1398 1868 1549 1907 periculum
1564 1875 1620 1896 erat
1636 1869 1681 1897 de-

933 1917 1016 1944 cimas
1035 1926 1087 1944 non
1109 1915 1230 1951 solvere,
1252 1914 1339 1951 cogita
1355 1913 1384 1942 id
1400 1920 1531 1952 quantum
1547 1924 1618 1942 nunc
1634 1914 1677 1942 sit.

934 1962 1056 1992 Ebrietas
1078 1972 1171 1990 rursus
1191 1971 1243 1988 non
1268 1959 1443 1988 hereditatem
1469 1959 1544 1997 regni
1569 1959 1678 1998 accipit.

934 2008 986 2037 Sed
1001 2008 1060 2046 quis
1075 2014 1114 2035 est
1129 2007 1276 2035 multorum
1295 2005 1403 2034 sermo?
1418 2005 1505 2044 Ergo,
1519 2006 1540 2033 si
1556 2012 1580 2034 et
1593 2016 1641 2043 ego
1657 2014 1680 2034 et

934 2055 980 2083 ille
995 2054 1022 2082 in
1038 2053 1132 2081 iisdem
1149 2064 1252 2089 sumus,
1269 2063 1320 2081 nou
1336 2062 1420 2091 parva
1435 2051 1591 2080 consolatio.
1608 2051 1681 2087 Quid

934 2101 1018 2140 ergo?
1034 2100 1111 2128 Certe
1123 2111 1173 2129 non
1187 2100 1244 2139 pari
1260 2106 1286 2127 tu
1303 2106 1327 2127 et
1341 2099 1386 2127 ille
1398 2098 1531 2137 supplicio
1540 2097 1681 2126 afficieris:

934 2149 1054 2187 alioquin
1066 2149 1145 2177 etiam
1158 2147 1208 2174 hoe
1221 2145 1368 2174 consolatio
1379 2155 1431 2173 non
1451 2151 1500 2172 est.
1518 2144 1597 2172 Tunc
1611 2144 1680 2172 enin·

935 2195 1066 2223 malornm
1087 2193 1253 2223 consortium
1273 2191 1354 2219 habet
1370 2190 1597 2223 consolationem,
1622 2200 1681 2218 cum

935 2240 1069 2268 moderata
1092 2239 1161 2268 mala
1177 2244 1239 2266 sunt
1253 2249 1260 2272 ;
1278 2247 1340 2265 eum
1354 2243 1445 2264 autem
1460 2242 1634 2274 exsuperant,
1659 2245 1683 2263 οι

935 2286 962 2314 iu
986 2296 1124 2314 ext-essum
1148 2283 1250 2312 doloris
1274 2282 1394 2317 ducunt,
1420 2291 1471 2309 non
1496 2281 1565 2309 ultra
1592 2281 1681 2309 sinunt

935 2332 1142 2360 consolationem
1165 2329 1294 2368 accipere.
1316 2328 1367 2356 Dic
1394 2327 1466 2355 enim
1488 2326 1526 2354 illi
1550 2326 1596 2364 qui
1620 2337 1683 2354 eru—

935 2379 1021 2408 ciatur
1035 2385 1059 2406 et
1075 2377 1102 2406 in
1121 2386 1216 2415 rogum
1238 2374 1358 2413 injicitur
1369 2397 1375 2409 ,
1391 2373 1440 2402 Ille
1456 2372 1516 2401 talis
1532 2373 1612 2400 etiam
1629 2372 1678 2402 hoc

937 2425 1051 2463 patitur;
1071 2434 1103 2451 ne
1118 2422 1228 2460 quidem
1243 2421 1335 2449 sentiet
1354 2419 1571 2448 consolationem.
1592 2419 1685 2447 Nonne

936 2481 1027 2498 omnes
1051 2469 1132 2497 simul
1152 2468 1282 2497 lsraetiiae
1302 2466 1423 2505 periere?
1446 2476 1526 2503 quain
1552 2465 1616 2504 ipsis
1637 2465 1687 2493 hoe

936 2516 1143 2546 consolationem
1165 2514 1275 2542 attulit?
1297 2523 1384 2541 annon
1406 2512 1432 2540 id
1456 2513 1584 2551 majorem
1607 2511 1685 2540 incu-
