1906 2846
243 204 310 248 378
574 211 601 232 5.
628 210 766 232 10151115
793 209 973 231 0111115051.

241 273 481 302 inuumeralulibus
504 272 563 299 aliis
590 270 667 298 malis
680 276 704 298 te
728 269 854 297 liberabis
867 292 873 304 ,
892 268 977 297 mari-

241 327 297 348 tum
318 331 332 347 a
351 317 542 348 sollicitudine,
556 323 579 344 et
600 323 624 344 te
644 327 657 343 a
679 326 752 344 eura.
770 315 815 344 Sic
839 315 909 344 enim
926 315 978 343 eris

241 365 336 392 marito
352 362 510 393 veneranda,
529 361 635 399 quando
653 361 744 400 paucis
762 360 876 399 egueris.

279 411 306 437 (ἰ.
317 409 389 437 Solet
402 407 471 435 enim
485 406 565 434 1101110
577 406 689 444 quilibet
702 405 811 434 delicias
824 405 908 434 facere
916 415 978 444 erga

240 465 283 482 eos
293 476 299 485 ,
312 454 357 491 qui
371 453 428 492 ipso
441 452 561 490 indigent
577 463 581 477 z
596 451 703 489 quando
718 458 807 480 autem
830 450 903 479 ridet
927 461 977 479 non

239 509 306 538 opus
321 498 433 531 habere,
449 498 543 526 fastum
558 496 701 535 deprimit,
713 503 738 525 et
756 497 813 535 pari
830 503 917 525 tecum
933 497 979 525 lio-

239 554 301 573 uorc
315 543 429 572 disserit.
449 542 564 579 Quando
579 542 678 571 viderit
692 542 806 571 maritus
819 549 845 570 te
859 542 885 570 in
905 542 978 570 nullo

238 590 295 628 ejus
310 600 387 627 egere
408 596 433 617 ct
455 589 512 627 ejus
531 587 601 616 dona
620 588 766 627 despicere,
787 588 890 616 etiamsi
911 588 978 617 altos

239 635 338 663 nutriat
352 634 471 673 spiritus7
489 640 552 662 tunc
568 639 592 661 te
609 633 694 672 magis
712 633 885 667 reverebitur,
898 644 978 671 quam

238 680 358 709 indutam
374 680 460 709 aurcis
472 679 632 708 ornamentis
646 691 652 709 z
666 690 713 707 1100
729 679 780 707 0115
793 679 910 718 amplius
922 680 978 718 ejus

238 726 342 755 ancilla.
359 727 427 754 Nam
446 735 559 763 quorum
576 734 700 763 egemus,
724 735 828 754 necesse
848 725 978 753 habemus

238 782 285 800 1105
301 772 338 800 015
353 772 509 800 submittere
526 783 531 798 :
549 771 588 800 sin
603 779 692 800 autem
710 781 757 800 nos
769 771 977 808 abduxerimus‚

238 828 288 846 non
306 818 405 846 erimus
422 817 539 856 amplius
557 817 684 854 obnoxii;
701 817 746 846 scd
761 817 810 846 scit
824 817 897 856 quod
917 828 978 857 pro-

237 870 295 902 pter
311 863 360 892 Dei
375 863 496 891 timorem
517 863 540 892 ei
554 863 671 902 aliquam
690 863 835 892 tribuimus
849 863 978 892 obedien-

236 909 311 944 tiam,
329 919 379 938 non
395 916 503 949 propter
518 910 574 948 ejus
589 910 669 938 bona.
681 910 750 938 Nam
767 920 837 938 nuuc
854 910 975 948 quidem,

238 962 265 984 ut
280 955 325 993 qui
343 966 438 994 magna
460 955 537 984 nobis
558 955 647 991 donet,
664 962 911 995 quantumcumque
925 956 978 985 liu-

236 1012 326 1030 norem
346 1002 426 1030 fuerit
445 1009 612 1040 assequutus,
625 1013 676 1031 non
696 1002 833 1031 existimat
849 1013 876 1030 se
891 1009 977 1032 totum

236 1057 290 1075 esse
300 1054 470 1085 assequutum
483 1060 489 1082 3
504 1054 567 1075 tunc
578 1054 667 1075 autem
681 1047 784 1076 etiamsi
797 1058 910 1087 parvum
921 1049 977 1077 fue—

236 1094 271 1121 rit
288 1101 463 1131 assequutus,
484 1093 593 1121 habebit
615 1093 728 1132 gratiam
743 1105 749 1121 :
764 1104 815 1122 non
830 1095 977 1132 exprobra-

235 1138 291 1172 bit,
310 1149 357 1167 000
377 1138 432 1177 ipse
451 1145 561 1177 cogetur
580 1145 728 1178 propterte
743 1139 828 1167 aliena
843 1146 975 1178 appetere.

236 1185 309 1221 Quid
323 1186 394 1214 enim
411 1192 449 1214 est
462 1196 477 1213 a
491 1185 591 1213 ratione
604 1185 726 1221 alieuius,
739 1196 819 1223 quam
836 1196 914 1213 aurea
931 1196 976 1214 or·-

235 1238 357 1259 namenta
372 1231 407 1259 ad
421 1230 472 1259 hoc
485 1241 640 1269 comparare
651 1253 657 1265 ‚
675 1237 703 1258 ut
715 1231 936 1259 circumferantur
949 1231 975 1258 in

234 1277 337 1305 balneis
353 1284 378 1305 et
391 1277 416 1305 in
429 1276 577 1305 1011595011
592 1276 618 1304 in
634 1276 736 1305 balneis
752 1283 776 1304 et
791 1277 855 1305 foris
870 1287 922 1305 non
937 1284 976 1305 est

235 1323 344 1351 sortasse
358 1322 458 1351 mirum
472 1333 477 1349 :
491 1322 518 1350 iu
533 1322 670 1351 ecclesiam
682 1330 770 1351 autem
782 1323 861 1350 etiam
878 1333 908 1351 eo
925 1323 975 1351 lia-

233 1369 293 1397 bitu
308 1376 429 1397 ornatam
448 1368 608 1407 procedere,
626 1379 666 1397 res
690 1376 727 1397 est
751 1369 831 1397 valde
852 1368 974 1397 ridicula.

234 1415 303 1442 Nam
318 1425 365 1442 cur
379 1414 432 1442 huc
443 1414 592 1452 ingreditur
606 1425 685 1443 aurea
697 1422 800 1453 gestans
811 1422 975 1451 ornamenta,

235 1471 293 1498 quae
316 1460 394 1488 debet
417 1459 520 1499 ingredi
540 1467 568 1489 nt
589 1460 680 1488 audiat
704 1467 824 1499 oportere
844 1470 872 1488 se
885 1460 974 1488 ornari

235 1516 287 1534 non
302 1516 367 1534 auro
386 1516 433 1534 nec
449 1506 610 1544 margaritis,
625 1516 709 1544 neque
728 1512 799 1534 veste
816 1506 976 1534 sumtuosa?

237 1552 291 1579 Cur
318 1562 381 1590 ergo
406 1551 572 1589 ingrederis,
586 1562 602 1580 o
615 1551 731 1580 mulier?
752 1552 884 1589 numquid
904 1558 976 1580 tam-

235 1608 315 1634 quam
339 1608 400 1626 cum
423 1597 505 1625 Paulo
533 1607 669 1636 pugnans,
693 1603 718 1625 et
742 1597 882 1626 ostendens
905 1597 976 1636 quod

237 1643 339 1671 etiamsi
360 1643 455 1671 millies
477 1643 531 1671 lime
547 1643 639 1679 dicat,
657 1653 707 1671 non
728 1643 909 1672 converteris?
931 1643 977 1672 sed

998 461 1015 484 c
1034 452 1163 490 δεομένων
1190 455 1267 481 αὐτοῦ
1287 465 1292 470 ’

1004 209 1022 231 Α
1030 210 1101 232 netu
1108 210 1145 232 ΕΡ
1152 224 1159 231 .
1188 210 1251 232 CON
1257 210 1441 233 STANTINOP
1449 226 1455 232 .

1032 269 1108 302 τίόος.
1133 270 1213 298 Οὕτω
1237 270 1287 309 γὰρ
1302 270 1435 308 αἰδέσιμος
1453 271 1498 309 ἔσῃ
1514 273 1550 310 τῷ
1565 273 1651 311 ἀνδρὶ,
1677 274 1738 302 ὅταν
1761 274 1796 311 μὴ

1033 316 1136 344 πολλῶν
1155 315 1209 351 δέῃ.

1073 406 1130 438 Πᾶς
1143 405 1194 444 γὰρ
1219 406 1354 445 ἅνθρωπος
1379 407 1467 435 εἴωθεν
1491 408 1641 440 ἀκκίζεσθαι
1660 409 1726 437 κατὰ
1747 412 1798 445 τῶν

1318 453 1379 481 ὅταν
1409 453 1435 482 δὲ
1467 453 1508 491 ἴδῃ
1539 454 1575 489 μὴ
1604 455 1696 494 χρείαν
1721 455 1798 495 ἔχον-

1034 508 1098 531 τας,
1114 502 1240 536 κατασττᾶΙ
1260 498 1289 527 τὸ
1310 499 1447 536 φρόνημα,
1469 499 1537 528 ὥστε
1559 500 1692 538 ὁμοτίμως
1713 501 1799 530 διαλέ-

1033 553 1115 579 γεται.
1131 540 1216 569 εὈτοιν
1230 541 1271 580 ἴδῃ
1284 544 1296 570 ὃ
1309 542 1375 581 ἀνὴρ
1389 543 1429 570 ὅτι
1451 544 1478 571 οὐ
1493 543 1582 582 χρείαν
1596 546 1673 573 αὐτοῦ
1692 545 1760 584 ἔχεις
1771 547 1796 574 ἐν

1033 587 1115 615 οὐδενὶ
1128 609 1135 623 ,
1150 586 1190 616 ὅτι
1204 592 1373 626 καταφρονεῖς
1388 589 1438 616 τῶν
1454 591 1516 627 παρ’
1530 590 1608 618 αὐτοῦ
1621 591 1737 630 δωρεῶν,
1750 590 1797 619 κᾶν

1033 632 1132 671 σφόδρα
1150 629 1166 671 ἦ
1189 635 1390 672 φρονηματιῶν,
1415 635 1473 662 τότε
1487 645 1515 662 σε
1531 635 1714 670 αἷδεσθήσεται
1731 637 1801 674 μᾶλ-

1033 680 1076 707 λον
1087 700 1094 712 ,
1111 678 1128 713 ἢ
1140 679 1172 708 τὰ
1183 679 1280 718 χρυσία
1295 679 1479 718 περικειμένην
1488 692 1493 697 ·
1509 680 1553 709 καὶ
1564 681 1650 709 οὐκέτι
1665 681 1711 720 ἔσῃ
1724 683 1802 710 αὐτοῦ

1033 725 1121 760 δούλη.
1145 720 1198 754 ῗΩν
1212 725 1262 765 γὰρ
1278 726 1369 765 χρείαν
1393 725 1487 765 ἔχομεν
1499 750 1505 762 ,
1525 727 1684 756 ὑποκύπτειν
1704 727 1803 760 τούτοις

1034 772 1233 810 ἀναγκαζόμεθα
1245 784 1250 788 ·
1265 772 1308 800 ἐὰν
1325 771 1351 801 δὲ
1366 773 1559 811 ἀποστήσωμεν
1571 773 1694 809 ἑαυτοὺς,
1715 773 1802 802 οὐκέτι

1033 817 1145 854 ἐσόμεθα
1158 818 1290 853 ὑπόδικοι,
1305 818 1362 846 ἀλλ’
1376 813 1441 846 οἶδεν
1455 818 1495 846 ὅτι
1507 819 1550 847 διὰ
1562 819 1605 847 τὸν
1617 822 1661 848 τοῦ
1673 820 1742 848 Θεοῦ
1757 819 1803 858 φό-

1033 863 1077 892 &ov
1092 863 1211 898 ὑπακοήν
1227 875 1284 892 τινα
1300 864 1464 901 ἀπονέμομεν
1484 867 1569 904 αὐτῷ,
1591 866 1618 893 οὐ
1635 864 1677 893 διὰ
1690 864 1723 893 τὰ
1738 865 1803 903 παρ’

996 919 1014 941 1)
1033 911 1122 938 αὐτοῦ.
1149 911 1202 938 NJv
1225 909 1272 947 μὲν
1293 909 1344 948 γὰρ
1366 912 1400 942 ὡς
1416 911 1519 948 μεγάλα
1533 914 1597 948 ἡμῖν
1611 911 1802 950 χαριζόμενος,

1031 954 1093 990 ὅσης
1109 954 1138 982 ἂν
1151 955 1285 994 ἀπολαύσῃ
1305 958 1351 990 τῆς
1364 959 1442 993 τιμῆς
1454 978 1460 988 ,
1477 958 1525 995 οὐχ
1536 959 1640 995 ἡγεῖται
1656 959 1702 991 τῆς
1716 957 1804 992 πάσης

1033 1001 1254 1029 ἀπολελαυκέναι’
1272 1001 1331 1029 τότε
1345 1001 1371 1029 δὲ
1384 1001 1432 1029 κᾶν
1445 1007 1540 1041 μικρᾶς
1552 1001 1634 1041 τύχῃ,
1646 1001 1724 1040 χάριν
1737 1002 1803 1040 ἡγή-

1032 1057 1121 1074 σεται·
1137 1047 1184 1074 οὐκ
1205 1047 1322 1082 ὀνειδιεῖ,
1340 1047 1385 1075 οὐκ
1400 1047 1632 1085 ἀναγκασθήσεται
1652 1046 1709 1075 οὐδὲ
1729 1047 1804 1079 αὐτὸς

1032 1093 1196 1120 πλεονεκτεῖν
1217 1092 1260 1121 διὰ
1279 1093 1316 1121 σε’.
1340 1093 1376 1121 Τι’
1394 1093 1444 1132 γὰρ
1461 1093 1624 1132 ἀλογώτερον
1637 1095 1682 1122 τοῦ
1706 1093 1803 1131 χρυσία

986 1160 1021 1178 ‘266
1033 1138 1068 1168 εἰς
1081 1140 1156 1165 τοῦτο
1172 1138 1375 1170 κατασκευάζειν
1385 1160 1392 1172 ,
1414 1138 1456 1166 ἵνα
1471 1138 1647 1176 περικέωνται
1670 1141 1695 1168 ἐν
1719 1139 1803 1176 βαλα-

996 1188 1015 1210 Λ
1031 1182 1108 1214 νείοις
1122 1182 1166 1210 καὶ
1181 1184 1207 1211 ἐν
1220 1185 1341 1223 ἀγοραῖς;
1358 1184 1426 1212 Ἀλλ’
1439 1185 1464 1212 ἐν
1481 1184 1628 1222 βαλανείοις
1639 1184 1683 1212 καί
1699 1185 1724 1212 ἒν
1736 1185 1801 1222 ἀγο-

1033 1233 1089 1267 ραῖς
1109 1229 1181 1257 οὐδὲν
1200 1229 1262 1262 ἴσως
1280 1229 1430 1267 Θαυμαστόν
1442 1241 1447 1246 *
1463 1230 1492 1257 τὸ
1517 1230 1544 1257 δὲ
1567 1229 1611 1257 καὶ
1625 1231 1650 1257 ἐν
1674 1229 1802 1269 ἐκκλησία

1030 1274 1097 1303 οὕτω
1115 1275 1346 1314 σχηματιζομένην
1370 1275 1505 1313 προϊέναι,
1528 1274 1609 1307 πολὺς
1631 1277 1644 1304 ὁ
1659 1275 1749 1313 γέλως.
1766 1274 1802 1303 Τι’

1030 1321 1081 1358 γὰρ
1103 1321 1200 1355 δήποτε
1223 1321 1369 1360 εἰσέρχεται
1383 1320 1480 1360 χρυσία
1500 1323 1614 1360 φοροῦσα
1637 1321 1763 1357 ἐνταῦθα,
1783 1323 1800 1355 ἡ

1030 1367 1167 1405 ὀφείλουσα
1184 1367 1322 1399 εἷσελῡεῖν,
1343 1366 1383 1394 ἵνα
1400 1366 1498 1405 ἀκούσῃ
1513 1370 1620 1404 κοσμεῖν
1637 1366 1748 1401 ἑαυτὰς,
1763 1366 1800 1404 μὴ

1029 1412 1131 1452 χρυσίῳ
1144 1412 1208 1449 μηδὲ
1223 1412 1408 1451 μαργαρίταις,
1422 1411 1489 1449 μηδὲ
1501 1414 1638 1451 ἱματισμῷ
1649 1413 1803 1448 πολυτελεῐ;

1031 1458 1108 1491 Τίνος
1130 1453 1172 1486 οὖν
1188 1457 1273 1486 ἕνεκεν
1296 1458 1417 1496 εἷσέρχῃ,
1438 1452 1459 1485 ὦ
1474 1457 1565 1496 γύναι;
1591 1458 1643 1497 ἄρα
1665 1459 1700 1490 ὡς
1716 1469 1803 1496 μαχο-

1032 1505 1097 1543 μένη
1119 1506 1156 1543 τῷ
1170 1504 1287 1543 Παύλῳ,
1309 1504 1354 1532 καὶ
1375 1504 1528 1532 δεικνύουσα
1548 1503 1590 1533 ὅτι
1608 1504 1655 1532 κᾶν
1680 1504 1804 1544 μυριάκις

1030 1554 1114 1580 ταῦτα
1125 1551 1198 1590 λέγῃ,
1212 1552 1259 1579 οὐκ
1271 1550 1430 1589 ἐπιστρέφῃ
1446 1551 1503 1578 ἀλλ’
1513 1551 1548 1583 ὡς
1559 1549 1618 1582 τοὺς
1631 1550 1803 1583 διδασκάλους

1030 1600 1102 1635 ἡμᾶς
1118 1597 1219 1635 ἐλέγξαι
1236 1597 1382 1635 βουλομένη
1399 1596 1483 1633 μάτην
1496 1599 1579 1625 ταῦτα
1591 1596 1802 1635 διαλεγομένους,

1032 1643 1099 1672 Εἰπὲ
1122 1643 1172 1681 γάρ
1187 1654 1228 1679 μοι
1241 1663 1249 1676 ,
1271 1642 1315 1671 ἐάν
1330 1654 1367 1674 τις
1382 1642 1485 1676 ἽΞλλην
1501 1642 1545 1670 καὶ
1566 1641 1676 1674 ἄπιστος
1691 1641 1802 1674 ἀκούσας

660 1742 837 1771 ΜΟΤΙΑΝΟ
860 1742 1114 1772 SCHOLASTICO
1132 1741 1385 1771 INTERPRETE.

240 1821 343 1849 ctaeulo
362 1827 492 1848 certamen
508 1819 682 1857 aggreditur:
699 1821 801 1849 Omnis
826 1820 926 1859 quippe
939 1820 1033 1859 gloria
1053 1820 1131 1859 filioe
1148 1821 1223 1858 regis
1242 1820 1426 1846 intrinsecus.
1443 1818 1492 1847 His
1513 1817 1595 1846 indue
1610 1824 1634 1846 te
1658 1824 1684 1846 et
1701 1818 1801 1848 labori-

243 1869 293 1896 bus
306 1875 329 1896 te
341 1867 466 1907 plurimis
481 1866 617 1895 liberabis.
633 1867 701 1894 Nam
714 1873 739 1894 et
752 1867 844 1895 virum
859 1873 934 1894 tuum
955 1877 1017 1894 cura
1032 1876 1162 1894 exoneras
1173 1888 1180 1901 ‚
1197 1872 1222 1894 et
1245 1872 1270 1894 te
1289 1864 1480 1893 sollicitudinis
1502 1865 1615 1894 resolvis
1642 1866 1796 1903 angoribus.

281 1915 451 1944 Venerabilis
471 1914 524 1942 eris
549 1913 625 1951 viro,
643 1924 703 1941 cum
726 1914 804 1942 rebus
827 1924 878 1942 non
897 1914 1000 1953 egueris
1019 1913 1153 1953 plurimis.
1173 1913 1269 1942 Omnis
1284 1913 1354 1941 enim
1374 1913 1455 1940 homo
1477 1912 1615 1941 consuevit
1633 1920 1801 1942 contemnere

241 1960 388 1998 indigentes
400 1971 440 1996 se3
459 1970 519 1987 cum
538 1966 626 1987 autem
641 1959 739 1988 viderit
754 1959 858 1997 aliquos
877 1970 929 1988 non
947 1970 974 1988 se
989 1970 1056 1999 opus
1069 1960 1178 1997 habere,
1196 1958 1328 1987 contrahit
1342 1958 1507 1987 intellectum
1522 1969 1612 1992 suum,
1625 1965 1653 1987 ut
1666 1959 1703 1987 eis
1718 1959 1744 1987 in
1763 1959 1801 1988 lo<

241 2006 368 2045 quutione
382 2005 440 2045 pari
457 2006 557 2034 honore
577 2005 745 2044 respondeat.
763 2006 832 2034 Cum
848 2016 909 2034 vero
928 2005 1026 2034 viderit
1041 2005 1083 2034 vir
1096 2006 1222 2044 quoniam
1244 2005 1271 2033 in
1290 2005 1364 2033 nullo
1385 2015 1416 2033 eo
1440 2004 1556 2043 indiges,
1579 2005 1641 2043 quia
1658 2007 1802 2034 contemnis

241 2054 298 2092 ejus
314 2064 435 2090 munera,
451 2063 481 2081 ac
498 2054 519 2081 si
541 2053 574 2080 sit
593 2052 674 2081 valde
695 2053 834 2092 superbus,
854 2060 941 2082 tamen
957 2060 982 2082 te
997 2053 1082 2092 magis
1096 2060 1161 2082 tunc
1175 2053 1362 2086 venerabitur,
1376 2063 1457 2090 quam
1470 2052 1493 2080 si
1509 2052 1592 2081 utaris
1611 2053 1698 2082 aureis
1721 2064 1802 2082 orna-

242 2099 337 2127 mentis
349 2111 356 2135 ;
370 2099 457 2137 etjam
473 2108 524 2126 non
537 2098 589 2126 eris
601 2099 658 2137 ejus
667 2099 773 2128 ancilla.
786 2099 909 2127 Solemus
923 2099 991 2128 enim
1007 2099 1145 2127 humiliari
1160 2099 1224 2135 illis,
1237 2109 1303 2137 quos
1313 2109 1359 2127 nos
1370 2109 1436 2137 opus
1447 2098 1544 2126 habere
1553 2098 1695 2136 sentimus;
1705 2099 1727 2127 si
1741 2110 1803 2128 vero

243 2146 362 2185 nosipsos
374 2145 565 2181 abstineamus,
582 2156 749 2184 nequaquam
765 2146 864 2175 erimus
880 2147 973 2175 servili
988 2146 1140 2174 humilitate
1154 2146 1279 2185 subjecti3
1295 2145 1340 2174 sed
1357 2145 1492 2184 cognoscit
1512 2144 1574 2183 quia
1593 2153 1702 2185 propter
1720 2146 1804 2175 timo-

245 2205 300 2222 1010
314 2193 363 2222 Dei
375 2192 532 2221 obedientiae
548 2193 588 2221 illi
605 2204 702 2222 munus
717 2194 893 2228 exsolvimus,
908 2204 960 2222 non
976 2201 1085 2233 propter
1096 2193 1142 2222 illa
1156 2204 1215 2232 (1οω
1226 2193 1309 2232 possit
1324 2192 1379 2232 ipse
1392 2192 1469 2220 nobis
1481 2192 1609 2220 tribuere.
1626 2193 1704 2221 Nunc
1714 2200 1802 2222 autem

244 2242 317 2269 velut
331 2251 458 2280 magnum
472 2240 581 2278 aliquod
595 2241 672 2269 nobis
686 2249 814 2280 111-10513115
824 2265 832 2277 ‚
844 2249 1092 2281 quantumcumque
1105 2252 1120 2270 a
1133 2241 1210 2269 nobis
1224 2240 1333 2268 honoris
1347 2239 1472 2279 accipiat,
1484 2250 1536 2268 non
1551 2250 1578 2268 se
1594 2247 1670 2279 putat
1684 2251 1732 2280 pro
1745 2252 1801 2270 mc-

243 2288 294 2317 rito
307 2288 451 2328 recepisse;
465 2294 527 2316 tunc
543 2294 631 2316 autem
646 2299 676 2317 ac
690 2289 711 2317 si
726 2299 808 2328 parva
822 2289 861 2317 illi
874 2289 1075 2317 honorificentia
1089 2288 1233 2325 deferatur,
1249 2298 1309 2316 cum
1325 2287 1410 2326 gratia
1424 2297 1521 2326 magna
1535 2287 1677 2326 suscipiet:
1691 2298 1742 2316 non
1756 2299 1800 2317 ex-

244 2336 364 2374 probrat,
377 2345 461 2373 neque
476 2334 646 2374 compellitur
663 2342 801 2374 propterea
817 2336 900 2364 aliena
917 2336 1045 2375 diripere.
1062 2335 1137 2370 Quid
1152 2335 1224 2363 enim
1243 2334 1416 2369 inhonestius,
1430 2344 1511 2372 quam
1528 2340 1557 2362 ut
1575 2344 1654 2363 aurea
1675 2334 1801 2363 conficias

244 2390 405 2418 ornamenta,
419 2393 478 2420 quae
491 2382 517 2410 in
533 2381 635 2410 balneis
650 2389 673 2410 et
690 2382 716 2410 in
730 2383 824 2421 plateis
841 2383 966 2412 sordibus
981 2383 1171 2412 maculentur?
1186 2382 1239 2411 Sed
1254 2382 1280 2410 in
1295 2381 1390 2421 plateis
1404 2381 1531 2415 sortasse,
1543 2381 1586 2410 vel
1599 2381 1626 2409 10
1640 2381 1745 2410 balneis
1757 2381 1800 2409 in-

244 2429 348 2466 quinari
363 2440 413 2457 non
428 2435 465 2457 est
481 2429 580 2457 mirum
590 2441 596 2456 :
606 2429 670 2467 quid
681 2429 752 2467 quod
765 2430 844 2458 etiam
859 2431 885 2459 in
900 2431 1018 2465 ecclesia,
1031 2441 1089 2469 quae
1099 2441 1127 2459 50
1138 2431 1173 2459 ita
1188 2436 1359 2468 componunt,
1374 2428 1490 2467 amplius
1502 2427 1726 2457 sordidanturw
1739 2438 1799 2456 ma-

245 2485 312 2513 gnus
327 2475 411 2505 risus!
426 2475 490 2514 quid
503 2476 573 2505 enim
585 2476 637 2504 sihi
651 2476 719 2511 vult,
735 2483 764 2504 ut
779 2487 840 2505 011111
857 2477 944 2506 aureis
960 2477 1122 2506 ornamentis
1135 2476 1300 2517 ingrediatur
1311 2477 1339 2505 in
1353 2476 1425 2504 hune
1436 2475 1537 2512 locum,
1552 2474 1595 2503 vel
1610 2480 1681 2503 veste
1698 2474 1797 2513 pretio-

244 2532 270 2549 sa
280 2523 293 2550 ἶ)
307 2533 393 2551 nonne
406 2523 520 2552 audiunt
535 2531 564 2552 ut
578 2524 677 2563 seipsas
691 2531 793 2561 ornent,
809 2535 860 2553 non
874 2536 948 2562 auro,
960 2536 1012 2554 non
1029 2526 1192 2565 margaritis,
1209 2535 1260 2554 non
1273 2524 1392 2554 vestibus
1405 2522 1548 2563 pretiosis?
1560 2523 1615 2551 Cur
1630 2532 1693 2560 ergo
1704 2521 1796 2561 ingre-

243 2568 321 2605 deris,
336 2580 352 2598 0
369 2570 474 2607 mulier,
486 2571 536 2599 nisi
550 2572 623 2600 velut
639 2582 789 2611 repugnans
801 2572 934 2610 Pa1110,et
955 2573 1094 2602 ostendens
1115 2573 1242 2611 quoniam
1257 2571 1359 2601 etiamsi
1374 2570 1472 2600 millies
1492 2569 1542 2598 hoc
1561 2569 1644 2604 dicat,
1661 2576 1690 2598 tu
1706 2569 1796 2599 minus
