1906 2846
398 170 431 193 lN
460 169 567 193 EPlST.
597 170 643 193 An
669 170 840 194 tiEBRAEOS.
869 170 948 194 cAP.
977 172 1049 196 xut.
1079 172 1197 197 ttoMiL.
1226 174 1349 198 xxxw.

81 230 155 269 μάζω
167 230 191 259 εἴ
200 241 258 259 τινα
272 229 329 260 ἔστι
347 232 399 260 τῶν
418 230 554 271 ἀρχόντων
566 232 683 268 σωθῆναί
695 244 773 270 ποτε,
785 233 849 273 πρὸς

79 290 112 327 τῇ
125 288 239 328 τοσαύτῃ
257 289 352 328 ἀπειλῇ
365 289 410 318 καὶ
420 291 453 328 τῇ
466 289 586 329 παρούσῃ
603 290 718 331 ῥαθυμίᾳ
730 292 796 330 ὁρῶν
811 290 849 320 ἔτι

78 346 124 375 καὶ
135 346 322 386 ἐπιτρέχοντας
332 359 414 383 τινας,
425 347 470 375 καὶ
481 348 684 388 ἐπιῤῥίπτοντας
694 349 800 382 ἑαυτοὺς
812 350 849 388 τῷ

78 405 194 444 τοσούτῳ
204 406 274 445 ὄγκῳ
287 408 335 442 τῆς
347 407 440 446 ἀρχῆς.
452 409 485 437 Εἰ
498 408 549 448 γὰρ
561 410 584 437 οἷ
597 408 700 447 ἀνάγκῃ
712 408 849 446 ἑλκόμενοι

78 464 202 503 οὐδεμίαν
211 465 301 504 ἔχουσι
315 465 473 505 συγγνώμην
488 467 545 496 οὐδὲ
555 467 709 507 ἀπολογίαν,
720 469 808 500 κακῶς
818 467 848 496 τὸ

77 527 190 562 πρᾶγμα
204 524 399 562 οἰκονομοῦντες
416 525 461 553 καὶ
479 526 647 564 ἀμελοῦντες·
660 526 716 555 ἐπεὶ
731 525 777 555 καὶ
791 525 848 554 Ἀα-

1573 166 1644 211 445

902 233 1011 272 proficit
1018 244 1136 272 gemetu,
1148 242 1226 265 vocat
1236 235 1399 264 Dominum:
1416 242 1441 264 et
1454 236 1524 265 sicut
1537 238 1644 275 quando

903 287 1093 319 praeceptorem
1108 291 1175 320 puer
1190 292 1242 311 non
1257 281 1402 320 audiverit,
1427 289 1538 312 vocatur
1549 284 1595 321 qui
1617 286 1645 313 in

904 336 964 354 eum
989 337 1017 355 sc
1037 334 1111 365 gerat
1125 327 1256 357 austerius
1271 339 1277 356 :
1293 328 1329 356 ita
1346 328 1392 357 hic
1415 339 1530 367 quoque.
1547 330 1645 369 Papae,

904 379 1033 409 quantum
1048 380 1087 402 est
1100 373 1269 413 periculum!
1286 373 1353 412 quid
1363 374 1528 404 miserisillis
1543 375 1647 405 dixeris

903 418 949 456 qui
973 429 1001 447 se
1018 419 1045 447 in
1062 426 1164 449 tantam
1187 420 1316 459 abyssum
1334 421 1532 459 suppliciorum
1560 422 1647 461 conji-

902 465 999 494 ciunt?
1015 466 1145 494 Omnium
1164 477 1231 504 quos
1253 467 1324 505 regis
1335 490 1342 503 ,
1366 468 1512 497 mulierum
1528 475 1554 497 et
1567 469 1645 498 viro-

901 520 963 538 runi
977 518 1002 539 et
1017 521 1177 550 puerorum,
1193 511 1243 540 tibi
1257 511 1394 541 reddenda
1406 519 1444 541 est
1465 513 1532 542 ratio
1550 525 1556 541 :
1571 521 1645 543 tanto

901 555 958 594 igni
973 564 1052 595 caput
1077 564 1154 586 tuum
1169 557 1288 596 subjicis.
1311 557 1398 587 Miror
1421 569 1454 587 an
1480 558 1538 588 fieri
1560 560 1645 599 possit
1657 565 1702 593 Qui
1722 571 1798 601 rfgnui

901 609 930 631 ut
944 603 1041 641 aliquis
1055 615 1087 632 ex
1103 604 1249 633 rectoribus
1272 604 1307 633 sit
1333 605 1434 642 salvus,
1449 616 1512 634 cum
1535 606 1642 635 videam
1654 597 1785 655 ζιξζὲῗῖᾚ

899 657 960 688 post
974 650 1059 679 minas
1071 657 1096 679 et
1116 657 1272 690 praesentem
1289 650 1439 680 socordiam
1463 651 1568 690 aliquos
1589 653 1642 681 ad·
1656 659 1755 687 perient..

901 695 954 724 huc
971 703 1148 733 accurrentes,
1165 703 1191 725 et
1204 707 1231 725 se
1243 696 1412 736 conjicientes
1423 697 1450 726 in
1471 704 1573 726 tantam
1588 709 1644 727 mo·
1656 698 1712 711 γεῖς’
1722 694 1780 710 ““’“”

79 580 129 621 ρὼν
136 581 238 621 ἀνάγκῃ
248 581 371 618 εἱλκύσθη
383 582 428 611 καὶ
436 583 658 618 ἐκινδύνευσε,καὶ
673 586 789 620 Μωῦσῆς
800 584 849 613 πεί-

76 641 117 668 λιν
128 640 306 679 ἐκινδύνευσε,
320 641 406 671 καίτοι
421 642 846 683 πολλάκιςπαραιτησάμενος·καὶ

75 697 165 726 Σαοὺλ
186 699 277 738 ἑτέραν
300 701 485 738 ἐμπιστευθεὶς
505 701 602 741 ἀρχὴν,
623 701 692 739 μετὰ
706 702 736 731 τὸ
750 714 846 741 παραι-

74 756 205 793 τήσασθαι
221 758 409 796 ἐκινδύνευσεν,
426 759 516 796 ἐπειδὴ
532 762 620 793 κακῶς
642 760 723 796 αὐτὴν
744 761 845 800 ᾠκονό-

75 828 145 855 μησε
154 828 160 834 ·
173 817 247 855 πόσῳ
260 818 360 855 μᾶλλον
372 819 396 847 οἳ
414 818 528 854 σπουδὴν
543 818 641 854 ταύτην
654 819 785 857 τιθέμενοι
802 819 846 848 καὶ

71 875 270 914 ἐπιῤῥίπτοντες
292 877 441 913 ἑαυτούς;ὁ
453 877 505 917 γὰρ
526 880 642 910 τοιοῦτος
662 879 753 917 πολλῷ
768 878 847 907 πλέον

73 933 166 962 ἑαυτὸν
183 935 323 973 ἀποστερεῖ
343 935 432 971 πάσης
447 935 615 974 συγγνώμης.
632 935 784 965 Δεδοικέναι
796 936 847 976 γὰρ

70 991 123 1030 χρὴ
145 992 191 1020 καὶ
211 992 326 1032 τρέμειν,
348 993 392 1021 καὶ
416 993 458 1022 διὰ
479 993 509 1022 τὸ
531 993 648 1026 συνειδὸς
669 994 714 1023 καὶ
738 994 780 1023 διὰ
803 994 847 1023 τὸν

79 1049 156 1085 ὄγκον
170 1051 217 1085 τῆς
230 1051 330 1090 ἀρχῆς,
354 1051 400 1080 καὶ
421 1051 481 1080 οὔτε
495 1050 651 1090 ἑλκομένους
666 1051 737 1085 ἅπαξ
752 1063 849 1091 παραι-

79 1111 198 1145 τεῖσθαι,
220 1109 279 1138 οὔτε
299 1109 335 1148 μὴ
358 1110 513 1148 ἑλκομένους
536 1110 700 1151 ἐπιῤῥίπτειν
723 1110 850 1148 ἑαυτοὺς,

80 1166 149 1196 ἀλλὰ
162 1167 208 1196 καὶ
223 1167 325 1207 φεύγειν
341 1168 389 1207 μὲν
405 1171 573 1208 προορῶντας
592 1171 637 1198 τοῦ
656 1168 804 1207 ἀξιώματος
820 1169 850 1198 τὸ

899 741 953 770 lem
984 742 1233 771 administrationis.
1251 743 1320 772 Nam
1341 743 1363 772 si
1378 743 1398 772 ii
1426 743 1474 782 qui
1490 744 1644 773 necessitate

900 787 1056 826 trahuntur,
1070 799 1121 817 non
1137 789 1235 817 habent
1252 789 1452 818 excusationem
1466 796 1513 818 aut
1526 790 1643 826 veniam,

901 834 924 862 si
951 844 1008 862 rem
1031 834 1099 863 male
1115 834 1302 864 administrent
1331 842 1357 864 et
1381 835 1435 864 sint
1459 835 1646 875 negligentes;

900 880 1119 918 quandoquidem
1133 888 1158 909 et
1170 883 1259 910 Aaron
1281 881 1435 910 necessitate
1448 888 1548 910 tractus
1559 889 1597 911 est
1622 889 1647 912 et

903 926 987 955 subiit
999 926 1148 965 periculum
1164 939 1171 962 ;
1184 934 1209 956 ct
1235 929 1341 966 Moyses
1357 939 1449 956 rursus
1459 950 1467 963 ‚
1491 938 1552 957 cum
1577 939 1647 968 saepe

903 979 1047 1001 recusasset
1059 985 1066 1008 ;
1080 979 1105 1001 et
1119 973 1185 1001 saut
1202 995 1209 1009 ‚
1237 973 1280 1001 cui
1305 973 1439 1002 creditum
1456 974 1533 1003 aliud
1560 975 1647 1003 suerat

902 1018 1056 1056 imperium,
1080 1025 1221 1057 postquam
1231 1020 1376 1057 recusavit,
1390 1019 1474 1048 subiit
1485 1020 1647 1059 periculum,

903 1063 1030 1101 quoniam
1047 1063 1136 1101 ipsum
1145 1064 1215 1092 male
1224 1064 1423 1094 administrarat
1437 1078 1442 1093 :
1454 1073 1553 1104 quanto
1563 1067 1649 1106 magis

904 1108 924 1136 ii
945 1108 990 1147 qui
1013 1108 1150 1146 affectant,
1167 1115 1193 1137 et
1205 1109 1356 1149 praecipites
1370 1111 1397 1138 in
1418 1111 1488 1140 illud
1507 1122 1535 1141 se
1559 1112 1649 1141 dant?

905 1154 952 1192 qui
974 1161 1012 1183 est
1025 1154 1095 1182 enim
1110 1154 1181 1191 talis,
1206 1155 1285 1194 longe
1302 1157 1387 1195 magis
1403 1167 1430 1185 sc
1446 1159 1519 1187 omni
1531 1159 1650 1198 privabit

904 1200 992 1230 venia.
1007 1200 1116 1229 Timere
1139 1200 1210 1229 enim
1225 1207 1328 1240 oportet
1350 1209 1376 1230 et
1396 1204 1607 1239 contremiscere,
1624 1212 1649 1233 et
1681 1219 1804 1243 Dianium-s

903 1253 1012 1286 propter
1033 1246 1222 1275 conscientiam
1236 1253 1262 1275 et
1274 1253 1383 1286 propter
1411 1248 1510 1276 molem
1523 1249 1647 1289 imperii;
1661 1244 1779 1278 fugiend-«⁴,

905 1300 930 1322 et
944 1303 1028 1331 neque
1040 1293 1062 1322 si
1086 1293 1167 1322 semel
1187 1293 1327 1322 trahantur
1350 1304 1472 1323 recusare
1489 1317 1498 1331 ,
1526 1306 1611 1334 neque
1626 1297 1648 1325 si
1660 1290 1774 1334 ΪΣΞᾹῈΝ

904 1349 958 1369 non
987 1339 1129 1368 trahantur
1144 1346 1237 1378 sponte
1249 1339 1316 1368 inid
1334 1350 1363 1368 se
1386 1340 1576 1380 praecipitare3
1594 1341 1648 1371 imo

905 1397 970 1415 vero
988 1386 1068 1415 etiam
1097 1386 1204 1425 sugere,
1226 1386 1407 1425 praevidentes
1432 1387 1649 1425 magnitudinem

904 1432 1067 1471 dignitatis;
1083 1432 1131 1460 sed
1153 1431 1176 1460 si
1199 1432 1357 1469 retinemur,
1376 1439 1481 1472 oportet
1493 1443 1586 1462 rursus
1605 1444 1650 1463 rc-

904 1477 1052 1508 verentiam
1080 1477 1218 1506 exhibere.
1246 1477 1324 1506 Nihil
1356 1477 1566 1508 immoderatum
1594 1479 1649 1515 sit,

905 1524 994 1552 omnia
1011 1534 1045 1552 ex
1064 1522 1158 1551 ordine
1167 1524 1242 1552 fiant.
1257 1523 1286 1552 Si
1299 1523 1458 1562 priusquam
1470 1525 1652 1562 promovearis

904 1570 934 1599 id
961 1569 1126 1609 praesentias,
1141 1568 1246 1607 recede,
1272 1579 1414 1608 persuasus
1437 1576 1462 1598 te
1488 1581 1518 1599 ea
1542 1581 1571 1599 re
1596 1580 1652 1599 esse

80 1225 202 1265 μέγεθος,
213 1227 423 1266 κατασχεθέντας
436 1227 478 1264 δὲ,
491 1227 571 1257 πάλιν
583 1227 630 1264 τὴν
643 1227 781 1256 εὐλάὸειαν
793 1228 850 1256 ε’πι-

81 1283 230 1313 δείκνυσθαι
250 1285 314 1324 χρή.
328 1285 419 1322 Μηδὲν
441 1286 554 1326 ἄμετρον
576 1286 658 1323 ἔστω,
679 1286 766 1316 πάντα
781 1287 849 1316 κατὰ

80 1340 154 1374 τάξιν
183 1342 303 1380 γινέσθω.
329 1343 388 1382 Πρὸ
414 1346 460 1372 τοῦ
486 1343 607 1382 γενέσθαι
631 1343 849 1383 προαισθόμενος,

81 1398 231 1438 ἀναχώρει,
247 1399 361 1433 πεισθεὶς
383 1400 477 1430 σαυτὸν
501 1400 605 1434 ἀνάξιον
630 1395 697 1429 εἶναι
718 1403 763 1430 τοῦ
777 1400 850 1440 προὶ-
867 1411 886 1433 D

79 1464 197 1491 γματος·
225 1455 381 1494 συλληφθεὶς
404 1455 496 1492 πάλιν,
524 1456 620 1495 ὁμοίως
645 1456 758 1492 εὗλαὸὴς
790 1456 850 1493 ἔσο,

80 1513 217 1550 πανταχοῦ
232 1511 280 1547 τὴν
295 1513 494 1551 εὐγνωμοσύνην
517 1513 737 1552 ἐπιδεικνύμενος.
759 1514 850 1554 Προσ-

80 1565 202 1606 εύχεσθε,
220 1569 299 1608 φησὶ,
318 1570 363 1600 καὶ
377 1570 439 1611 περὶ
453 1573 546 1609 ἡμῶν*
557 1571 721 1609 πεποίθαμεν
737 1571 789 1610 γὰρ
808 1571 850 1601 ὅτι

501 1676 675 1706 ΜΠΤΙΑΝΟ
699 1675 954 1705 SCHOLASTICO
973 1673 1228 1704 INTERPRETE.

78 1766 205 1805 intelligit
223 1766 406 1806 ingemiscenS,
422 1766 530 1797 invocat
545 1768 693 1796 Dominum
710 1780 716 1796 :
732 1774 758 1796 et
771 1767 850 1796 sicuti
874 1777 936 1795 cum
950 1766 1044 1795 doctor
1057 1766 1236 1795 contemuitur
1248 1777 1261 1794 a
1274 1776 1367 1805 puero,
1383 1766 1548 1805 paedagogus
1564 1778 1648 1797 voca-

77 1824 122 1849 tur
141 1813 189 1852 qui
205 1814 322 1843 severius
343 1813 446 1843 accedit
467 1814 501 1843 ad
515 1825 630 1854 puerum
645 1815 701 1843 :sic
725 1814 806 1843 etiam
820 1814 851 1842 hi
874 1812 1092 1842 inobedientibus
1110 1812 1253 1851 discipulis
1278 1813 1465 1851 loquuntur,*‘
1484 1815 1645 1853 periculum.

76 1860 153 1897 Quid
164 1860 287 1890 dicamus
303 1861 456 1891 infelicibus
484 1862 538 1891 illis
554 1869 579 1891 et
597 1862 713 1899 miseris,
734 1862 782 1900 qui
803 1861 959 1901 semetipsos
981 1860 1014 1889 ad
1025 1860 1091 1889 alios
1109 1859 1239 1899 regendos
1266 1860 1446 1899 praecipitant,
1461 1867 1488 1889 et
1501 1872 1528 1889 se
1543 1861 1570 1890 in
1584 1868 1647 1890 tan-

75 1914 166 1938 torum
187 1908 382 1947 suppliciorum
398 1909 527 1948 abyssum
539 1910 668 1948 jactant?
695 1909 826 1939 Omnium
849 1919 914 1947 quos
932 1908 1013 1946 regis,
1031 1907 1188 1944 mulierum,
1217 1917 1362 1945 puerorum
1385 1913 1465 1944 atque
1478 1907 1600 1936 virorum
1616 1915 1646 1938 tu

76 1955 206 1984 rationem
220 1955 376 1985 redditurus
394 1967 438 1985 es:
455 1963 528 1986 tanto
546 1957 601 1996 igni
617 1964 694 1986 tuum
709 1957 820 1996 subjicis
831 1963 919 1995 caput.
932 1956 1020 1984 Miror
1037 1955 1059 1983 si
1077 1961 1161 1994 potest
1184 1953 1283 1983 salvari
1306 1953 1405 1991 aliquis
1419 1960 1561 1983 rectorum.
1583 1957 1647 1986 Post

76 2009 179 2032 tantam
199 2003 272 2032 enim
284 2003 529 2042 comminationem,
553 2016 635 2043 quam
656 2004 825 2044 negligentiae
842 2004 968 2033 videmus
983 2003 1097 2040 illatam,
1113 2001 1192 2031 video
1217 2002 1321 2039 aliquos
1346 2001 1425 2030 etiam
1440 2012 1606 2040 concurrere,
1620 2011 1646 2034 et

76 2050 244 2090 praecipitare
265 2052 420 2091 semetipsos
440 2059 519 2081 tantae
541 2053 606 2082 moli
629 2064 660 2082 ac
681 2059 759 2082 tantae
774 2051 931 2081 difficultati
954 2050 1104 2090 regiminis.
1122 2049 1150 2078 Si
1167 2049 1238 2078 enim
1253 2050 1299 2087 qui
1313 2049 1468 2078 necessitate
1480 2051 1645 2090 compellun-

76 2105 132 2137 tur,
153 2099 259 2127 nullum
272 2105 398 2139 poterunt
421 2099 522 2129 hahere
543 2100 690 2139 refugium,
712 2110 797 2138 neque
813 2099 896 2128 ullam
911 2098 1109 2127 excusationem
1127 2097 1270 2136 reperient,
1286 2095 1394 2134 quando
1412 2107 1454 2125 res
1468 2098 1538 2127 male
1547 2105 1644 2128 tracta-

75 2146 175 2182 verint‚
203 2153 229 2176 et
251 2146 358 2186 quando
383 2148 549 2187 negligenter
563 2148 824 2178 administrationem
843 2146 972 2186 gesserint
993 2156 1089 2174 suam:
1115 2155 1177 2173 nam
1202 2151 1228 2173 et
1245 2144 1333 2172 Aaron
1349 2144 1505 2174 necessitate
1518 2147 1643 2186 compul-

75 2203 120 2222 sus
135 2200 184 2232 est,
209 2200 236 2223 et
246 2201 335 2223 tamen
355 2195 382 2224 in
395 2195 546 2234 periculum
559 2196 650 2231 venit3
666 2195 712 2225 sed
726 2202 752 2224 et
766 2196 856 2224 Moses
876 2193 995 2233 pericula
1012 2192 1151 2229 sustinuit,
1165 2191 1210 2230 qui
1229 2191 1349 2230 regimen
1365 2190 1436 2220 illud
1450 2202 1520 2231 saepe
1532 2203 1642 2222 recusa-

77 2248 151 2270 verat
161 2253 169 2278 ;
180 2248 205 2270 et
218 2241 295 2279 Saiil,
311 2242 355 2270 cui
371 2242 440 2271 alius
450 2243 608 2272 commissus
620 2250 658 2272 est
674 2243 851 2282 principatus,
864 2248 1006 2281 postquam
1016 2239 1160 2277 recusavit,
1188 2239 1215 2267 in
1238 2238 1357 2278 pericula
1373 2238 1481 2275 incidit,
1496 2240 1558 2279 quia
1573 2242 1643 2271 male

77 2288 118 2316 sui
142 2288 279 2327 regiminis
302 2288 503 2319 administravit
529 2290 651 2319 officium
667 2297 787 2329 :quanto
815 2299 878 2327 ergo
899 2288 1016 2328 amplius
1042 2287 1089 2325 qui
1116 2297 1177 2315 cum
1201 2285 1292 2315 studio
1319 2292 1344 2315 et
1369 2285 1517 2316 ambitione
1548 2295 1643 2327 petunt

76 2335 253 2376 principatus,
275 2337 430 2377 semetipsos
450 2339 630 2378 praecipitant,
646 2338 764 2368 severius
780 2336 956 2378 puniuntur?
972 2335 1127 2375 hujusmodi
1153 2334 1224 2363 enim
1247 2333 1328 2362 homo
1350 2333 1435 2362 multo
1462 2334 1580 2373 amplius
1591 2336 1643 2365 sibi

76 2383 167 2412 locum
190 2383 275 2413 veniae
298 2384 411 2414 claudit.
435 2386 549 2425 Oportet
563 2396 626 2425 ergo
642 2386 737 2414 timere
765 2396 795 2414 ac
818 2391 940 2419 tremere,
959 2390 984 2412 et
999 2389 1107 2422 propter
1122 2381 1310 2410 conscientiam
1324 2388 1349 2409 et
1372 2387 1482 2420 propter
1496 2382 1594 2411 molem
1613 2394 1643 2412 ac

75 2430 289 2470 magnitudinem
315 2442 401 2461 curae:
416 2439 441 2462 et
465 2443 560 2471 neque,
579 2433 646 2462 dum
655 2433 715 2472 quis
728 2432 763 2462 ad
789 2432 972 2472 principatum
997 2430 1123 2466 trahitur,
1137 2439 1275 2465 recusare3
1298 2438 1392 2467 neque,
1407 2428 1474 2457 dum
1489 2439 1541 2458 non
1555 2430 1644 2459 trabi-

74 2485 120 2506 tur
143 2478 291 2518 quispiam,
309 2479 482 2519 semetipsum
497 2479 686 2519 praecipitare;
706 2479 753 2509 sed
767 2479 965 2509 considerantes
987 2484 1064 2507 tantae
1080 2476 1220 2516 dignitatis
1238 2474 1454 2515 amplitudinem,
1475 2483 1581 2515 oportet
1602 2477 1643 2505 ef-

76 2525 167 2564 fugere
182 2538 191 2564 ;
208 2526 413 2566 comprehensos
431 2534 521 2556 autem
538 2527 699 2566 obsequium
714 2535 738 2556 et
763 2527 940 2557 reverentiam
963 2532 1065 2566 oportet
1081 2523 1229 2554 ostendere.
1253 2523 1331 2553 Nihil
1350 2522 1526 2552 immoderate
1542 2524 1643 2553 facien-

77 2573 143 2603 dum
164 2581 212 2612 est,
230 2574 276 2604 sed
291 2582 434 2614 antequam
448 2575 495 2604 fiat
523 2586 638 2615 praesens
653 2576 713 2615 quis
735 2575 862 2616 refugiat,
889 2574 1046 2616 persuadeat
1064 2571 1236 2612 sibimetipsi,
1261 2570 1335 2611 quod
1358 2570 1394 2600 ad
1420 2571 1496 2600 illam
1526 2582 1582 2600 rem
1597 2582 1646 2601 su—
