1886 2846
80 657 181 686 Phiiippo.
196 656 217 686 ᾖ.

77 693 135 740 ἳῖ.1)1)1
141 737 143 739 -
153 719 177 741 ¹3
183 736 186 740 ι

81 756 87 771 1
97 757 103 771 ἰ
113 767 117 772 ι

235 210 255 243 ὃ
580 224 607 247 S.
636 224 775 248 JOANNIS
802 224 981 247 CHRYSOST.
1014 222 1167 246 Aucumt‘.
1197 220 1464 245 CONSTANTINOP-

234 290 272 312 est
290 294 337 323 per
352 283 504 324 prophetas,
519 285 596 314 uobis
611 292 699 314 autem
721 297 768 325 per
784 286 968 324 Unigenitum.
1028 284 1133 315 ἐκείνοις
1147 282 1207 318 (καὶ
1225 282 1276 321 γὰρ
1291 283 1334 311 καὶ
1352 283 1458 323 ἄγγελοι
1473 283 1611 322 ὡμίλησαν
1625 284 1793 321 Ἰουδαίοις),

234 329 314 365 Quod
326 330 349 359 si
361 330 415 359 illis
429 330 508 359 etiam
521 341 569 371 per
582 331 689 370 angelos
704 334 785 367 (nam
801 332 888 371 angeli
903 341 971 369 quo-
1028 329 1096 358 ἀλλὰ
1113 330 1160 357 κᾶν
1176 328 1260 367 τούτῳ
1276 328 1305 357 τὸ
1319 329 1397 359 πλέον
1412 333 1490 368 ἡμεῖς
1504 330 1616 369 ἔχομεν,
1636 331 1681 360 καὶ
1703 336 1795 361 τοσοῦ-

233 386 286 414 quc
297 375 443 414 colloquuti
455 383 517 405 sunt
527 387 588 405 cum
600 377 701 406 Judaeis
714 380 723 413 )
739 389 745 405 :
763 384 789 405 at
802 377 828 405 in
843 377 893 405 hoe
906 387 970 415 quo—
1026 387 1085 409 τον,
1101 374 1159 402 ὅσον
1183 375 1247 411 ἡμῖν
1264 374 1310 412 μὲν
1327 375 1478 412 Δεσπότης,
1500 377 1608 410 ἐκείνοις
1623 376 1651 406 δὲ
1671 377 1775 407 ι’δοῦλοι
1788 390 1793 396 ’

232 432 284 460 que
304 422 365 451 illos
387 422 414 451 in
439 429 542 452 tantum
558 433 726 463 superamus,
742 423 815 462 quod
832 423 971 451 nobiscum
1026 419 1070 466 ³..ss
1085 419 1191 457 ἄγγελοι
1206 419 1257 459 γὰρ
1271 419 1317 448 καὶ
1332 424 1465 460 προφῆται
1481 423 1628 460 ὁμόδουλοι.
1641 423 1695 453 Καὶ
1709 425 1796 456 καλῶς

231 466 340 506 quidem
354 468 498 507 Dominus,
514 479 576 498 cum
597 469 652 498 illis
666 477 754 498 autem
768 468 837 497 servi
851 481 856 495 :
873 478 934 496 nam
946 474 970 495 et
1025 467 1113 500 εἶπεν,
1127 464 1190 493 Ἐπ’
1217 465 1336 504 ἐσχάτων
1359 468 1410 495 τῶν
1436 469 1541 507 ἡμερῶν
1556 480 1561 486 ·
1578 469 1623 498 καὶ
1645 472 1721 498 τοῦτο
1743 469 1795 508 γὰρ

231 513 319 552 angeli
330 521 355 542 et
367 514 502 554 prophetie
515 516 644 545 conservi.
658 515 772 544 Pulchre
784 521 871 543 autem
884 513 950 542 dicit
964 524 970 539 :
1026 510 1119 543 αὐτοὺς
1141 511 1304 546 διανίστησι,
1320 512 1365 540 καὶ
1381 515 1532 552 παρακαλεῖ
1546 515 1724 554 ἀπειρηκότας
1737 517 1794 544 λοι-

232 561 265 588 In
280 562 443 590 novissimis
457 562 557 590 diebus
579 574 588 589 :
612 572 673 590 nam
696 562 747 590 hoe
772 569 876 598 quoque
900 559 970 597 ipsos
1024 555 1083 585 πόν.
1101 555 1207 596 ’Ὠσπερ
1221 556 1272 596 γὰρ
1289 558 1408 597 ἀλλαχοῦ
1418 558 1506 597 λέγει,
1520 559 1559 588 ὅτι
1571 560 1606 590 Ὁ
1626 560 1723 599 Κύριος
1747 563 1794 600 ἐγ-

233 606 342 644 excitat,
369 614 393 636 et
409 607 560 637 consolatur
581 608 638 647 jam
661 607 784 636 defessos.
802 605 877 633 Sicut
898 604 970 632 enim
1023 601 1077 640 γὺς,
1088 602 1169 640 μηδὲν
1182 608 1344 642 μεριμνᾶτε·
1360 604 1405 632 καὶ
1419 604 1576 642 πάλιν,Ν’ὐ”ν
1591 606 1643 646 γὰρ
1654 606 1793 647 ἐγγύτερον

231 651 297 680 dicit
308 652 389 681 alibi:
402 654 546 681 Dominus
555 663 642 691 prope
655 658 704 687 est,
716 651 791 679 nihil
801 650 922 679 solliciti
931 652 970 679 si·
988 655 1005 678 B
1022 651 1099 687 ἡμῶν
1123 651 1139 685 ἡ
1165 649 1298 689 σωτηρία,
1319 649 1336 685 ἢ
1360 650 1402 679 ὅτε
1427 651 1618 691 ἐπιστεύσαμεν
1631 664 1638 670 ·
1655 653 1725 681 οὕτω
1748 654 1793 682 καὶ

232 700 268 727 tis
276 710 287 733 ;
299 705 323 728 et
337 709 440 737 rursus,
453 699 539 728 Nunc
550 701 625 727 enim
635 699 752 736 propior
761 702 803 724 est
814 702 913 724 nostra
924 706 968 724 sa·
1022 697 1142 725 ἐνταῦθα.
1157 696 1194 725 Τί
1216 691 1260 725 οῧν
1285 698 1354 725 ἐστιν
1371 697 1385 726 ὃ
1402 696 1491 736 λέγει;
1506 696 1573 727 (Ότι
1598 702 1650 731 πᾶς
1668 701 1682 727 ὁ
1706 699 1733 727 ἔν
1753 700 1792 738 τῷ

231 745 285 783 lus,
295 756 382 784 quam
393 756 458 774 cum
466 745 639 774 credidimus
650 755 657 770 .·
671 744 707 772 ita
720 743 762 771 hic
773 752 886 780 quoque.
895 742 969 777 Quid
1022 743 1103 781 ἀγῶνι
1116 742 1327 779 καταναλωΟεὶς,
1342 742 1448 772 ἐπειδὰν
1470 743 1569 782 ἀκούσῃ
1583 747 1630 773 τοῦ
1648 746 1748 784 ἀγῶνος
1761 745 1792 774 τὸ

229 798 268 820 est
291 801 354 830 ergo
369 791 441 829 quod
455 791 543 819 dicit?
559 789 638 825 Quod
661 789 707 827 qui
729 789 755 817 in
771 788 916 818 certamine
929 796 969 818 est
1021 788 1107 825 τέλος,
1120 789 1134 803 *
1147 789 1257 817 ἀναπνεῖ
1269 788 1371 828 μικρὸν,
1381 788 1455 822 εἰδὼς
1467 788 1506 818 ὅτι
1519 791 1570 818 τῶν
1581 789 1668 819 πόνων
1680 790 1728 829 μέν
1736 792 1792 819 ἔστι

228 844 382 867 consumtus
393 844 419 866 et
433 837 587 872 exhaustus,
603 842 743 875 postquam
755 834 873 863 audierit
886 835 968 864 finem
1021 834 1050 863 τὸ
1069 834 1160 872 τέλος,
1177 836 1224 870 τῆς
1243 835 1268 864 δὲ
1293 835 1466 869 ἀναπαύσεως
1485 836 1565 875 ἀρχή.
1585 837 1648 866 Ἐπ’
1671 837 1791 876 ἐσχάτων

227 883 387 918 certaminis,
399 893 493 921 parum
508 882 631 920 respirat,
647 888 676 909 ut
685 880 731 919 qui
746 880 812 909 sciat
822 880 896 909 illius
907 881 967 919 qui·
1021 883 1072 909 τῶν
1097 884 1203 921 ἡμερῶν
1230 881 1328 911 τούτων
1353 882 1480 917 ἐλάλησεν
1498 884 1563 920 ἡμῖν
1587 883 1614 912 ἐν
1628 884 1697 924 Υἱῷ.
1721 883 1791 912 Ἰδοὺ

227 927 288 956 dem
301 938 356 957 esse
370 927 460 964 finem,
475 926 582 955 initium
596 933 685 955 autem
698 926 805 964 quietis.
820 928 858 954 In
873 928 966 956 novis·
1019 927 1098 955 πάλιν
1110 926 1149 964 τὸ,
1162 927 1208 956 Ἐν
1222 927 1291 966 Υἱῷ,
1305 927 1348 956 διὰ
1358 930 1403 956 τοῦ
1416 929 1481 956 rto&
1494 939 1575 967 φησι,
1588 929 1654 968 πρὸς
1667 929 1727 962 τοὺς
1744 929 1792 959 λε’-

225 975 306 1002 simis
320 973 422 1002 diebus
437 973 574 1012 loquutus
596 979 637 1002 est
653 974 736 1002 nobis
747 974 779 1000 in
794 973 881 1001 Filio.
897 972 967 1002 Ecce
1019 984 1113 1011 γοντας
1127 975 1164 1013 τῷ
1177 973 1316 1012 Πνεύματι
1332 975 1409 1002 τοῦτο
1428 974 1562 1013 ἁρμόζειν.
1579 973 1663 1014 Ὁρᾷς
1684 975 1726 1005 ὅτι
1747 976 1792 1004 καὶ

224 1029 327 1056 rursus,
339 1020 377 1047 In
389 1019 479 1054 Filio,
492 1018 910 1057 PerFilium,inquit‚adversus
922 1029 966 1047 eos
1020 1018 1060 1056 τὸ,
1081 1021 1139 1056 ςέν,
1163 1019 1206 1048 διά
1229 1021 1304 1055 ἐστι,
1320 1019 1373 1048 Καὶ
1396 1019 1440 1054 τὸ,
1465 1020 1571 1056 Πάλαι,
1595 1020 1641 1049 καὶ
1662 1020 1708 1056 τὸ,
1728 1020 1791 1050 Ἐπ’

224 1064 272 1103 qui
282 1064 375 1093 dicunt
389 1064 416 1093 id
426 1065 565 1095 convenire
575 1064 698 1104 Spiritui.
712 1063 798 1094 Vides
810 1063 883 1102 quod
893 1063 965 1093 istud
1018 1064 1136 1104 ἐσχάτων
1147 1067 1211 1094 ’τῶν
1233 1066 1339 1105 ἡμερῶν
1349 1086 1356 1100 ,
1376 1065 1456 1094 πάλιν
1479 1065 1567 1105 ἕτερόν
1588 1077 1614 1094 τι
1636 1066 1791 1096 αἷνίττεται.

223 1113 256 1139 in
268 1117 306 1140 est
319 1121 380 1149 per.
395 1111 431 1140 Et
445 1111 526 1148 illud,
544 1111 634 1146 Olim,
649 1117 674 1139 et
687 1109 765 1147 illud,
778 1112 816 1138 In
839 1112 964 1139 novissi-
1018 1112 1098 1140 Ποῖον
1114 1110 1144 1146 δὴ
1161 1114 1254 1147 τοῦτο;
1269 1110 1334 1140 ’Ότι
1350 1112 1447 1140 πολλοῦ
1460 1111 1554 1150 χρόνου
1564 1111 1705 1150 γενομένου
1723 1112 1792 1151 ἀμέ-

223 1158 278 1185 mis
286 1157 395 1194 diebus,
406 1155 509 1195 aliquid
517 1156 593 1185 aliud
602 1156 698 1184 innuit.
709 1155 965 1192 Quodnam?Nem-
1017 1168 1077 1191 σου,
1093 1157 1135 1186 ὅτε
1154 1157 1300 1196 ἐμέλλομεν
1322 1157 1496 1194 κολάζεσθαι,
1518 1157 1560 1186 ὅτε
1586 1158 1734 1187 ἐκλελοίπει
1756 1158 1790 1187 τὰ

223 1212 256 1241 pe
272 1213 334 1231 cum
348 1202 465 1231 multum
480 1202 608 1241 temporis
632 1201 832 1238 intercessisset,
853 1212 887 1230 ex
911 1212 964 1240 quo
982 1208 1000 1230 C
1017 1203 1189 1242 χαρίσματα,
1212 1203 1254 1232 ὅτε
1279 1203 1426 1243 προσδοκία
1448 1203 1582 1242 σωτηρίας
1604 1204 1651 1233 οὔκ
1675 1199 1721 1241 ἦν,
1746 1204 1790 1233 ὅτε

222 1259 327 1277 eramus
342 1248 502 1288 castigandi,
514 1259 547 1277 ex
561 1259 613 1287 quo
628 1248 778 1277 defecerant
793 1248 963 1285 charismata,
1018 1249 1182 1288 πανταχόθεν
1196 1250 1398 1289 προσεδοκῶμεν
1414 1249 1522 1278 ἔλαττον
1538 1249 1607 1289 ἔχειν
1616 1272 1624 1286 ,
1637 1249 1697 1279 τότε
1708 1250 1788 1279 πλέον

221 1305 256 1323 ex
266 1305 319 1333 quo
327 1305 379 1323 non
390 1301 446 1323 erat
456 1305 515 1334 spes
525 1294 627 1332 salutis,
639 1305 673 1323 ex
684 1305 736 1333 quo
744 1294 963 1334 exspectabamus
1017 1295 1180 1334 ἐσχήκαμεν.
1193 1295 1246 1324 Καὶ
1269 1295 1315 1324 θέα
1330 1296 1387 1327 πῶς
1406 1296 1518 1328 συνετῶς
1534 1295 1597 1324 αὐτὸ
1617 1295 1722 1335 εἴρηκεν
1733 1307 1739 1314 ·
1758 1296 1788 1324 οὐ

222 1341 278 1370 fore
289 1347 319 1369 ut
332 1339 491 1369 detrimento
505 1340 623 1379 undique
637 1340 815 1376 afficeremur,
830 1347 894 1369 tunc
905 1351 963 1369 ma·
1017 1341 1068 1381 γὰρ
1081 1336 1151 1370 εἶπεν
1162 1363 1169 1376 ,
1185 1342 1198 1369 ὁ
1213 1341 1327 1379 Χριστὸς
1342 1341 1455 1376 ἐλάλησε
1466 1363 1473 1377 ,
1488 1340 1574 1370 καίτοι
1589 1353 1620 1379 γε
1639 1341 1715 1375 αὐτὸς
1727 1337 1760 1378 ἦν
1774 1344 1788 1371 ὃ

221 1387 264 1425 jus
293 1386 370 1415 nobis
401 1386 498 1425 obtigit
529 1386 749 1416 emolumentum.
779 1386 849 1416 Vide
874 1392 963 1415 autem
1016 1387 1147 1423 λαλήσας,
1162 1388 1219 1416 ἀλλ’
1235 1386 1325 1422 ἐπειδὴ
1341 1388 1456 1418 ἀσθενεῖς
1469 1387 1554 1415 αὐτῶν
1569 1382 1638 1422 ἦσαν
1652 1388 1679 1416 αἱ
1692 1388 1789 1427 ψυχαὶ,

221 1442 303 1470 quam
326 1431 470 1471 prudenter
493 1431 544 1460 hoc
568 1431 678 1463 dixerit.
698 1432 758 1460 Non
783 1431 856 1460 enim
879 1431 961 1470 dixit,
1016 1433 1061 1462 καὶ
1076 1433 1177 1462 οὐδέπω
1199 1432 1301 1461 ἀκούειν
1327 1432 1455 1466 ἠδύναντο
1468 1432 1502 1461 τὰ
1521 1432 1640 1472 περὶτοῦ
1654 1433 1788 1472 Χριστοῦ,

222 1478 345 1507 Christus
356 1478 484 1516 loquutus
495 1484 544 1514 est,
557 1488 721 1516 quamquam
734 1477 790 1517 ipse
803 1484 858 1506 erat
869 1478 963 1517 loquu-
1017 1478 1164 1514 Ἐλάλησεν
1179 1481 1243 1516 ἡμῖν
1259 1480 1284 1506 ἐν
1301 1479 1357 1518 Υἱῷ
1367 1501 1374 1514 ,
1389 1478 1462 1517 φησί.
1477 1478 1514 1507 Τί
1525 1478 1624 1518 λέγεις;
1636 1480 1649 1507 ὁ
1663 1478 1732 1511 Θεὸς
1743 1479 1787 1508 διὰ

223 1523 339 1561 tns;sed
349 1524 474 1563 quoniam
487 1524 618 1553 imbecilli
631 1534 724 1552 eorum
735 1524 829 1559 animi,
842 1534 889 1552 nec
904 1535 962 1563 quae
1017 1527 1061 1553 τοῦ
1079 1524 1144 1553 Tio&
1167 1524 1298 1561 ἐλάλησε;
1318 1524 1383 1553 Ναί.
1406 1525 1463 1553 Ποῦ
1486 1519 1530 1553 οὖν
1553 1526 1570 1559 ἡ
1589 1524 1724 1564 ὑπεροχή;
1747 1526 1786 1554 ἐν-

256 1618 267 1635 b
286 1617 345 1641 Post
357 1619 429 1642 δοῦλοι
450 1616 475 1641 in
486 1616 579 1641 savilio
589 1616 678 1649 legitur
691 1620 729 1642 καὶ
741 1620 831 1649 &waiet
843 1621 897 1649 γάρ,
907 1615 977 1648 quod
1060 1617 1071 1628 ⁸
1091 1615 1217 1648 [Savilius
1225 1620 1317 1642 ἀναπνεῖ
1329 1619 1413 1642 λοιπόν.
1426 1615 1434 1649 ]

222 1657 247 1680 in
268 1655 414 1680 colbertino
432 1664 482 1680 non
502 1654 617 1680 liabetur.
638 1656 688 1688 [Ει
703 1657 733 1680 A.
757 1657 783 1680 B.
805 1662 829 1680 et
851 1656 975 1680 Commel.
1058 1663 1067 1674 c
1086 1656 1122 1679 De
1138 1654 1357 1687 praepositionibus
1376 1656 1400 1679 ἱη
1413 1660 1438 1679 et
1452 1663 1499 1688 per
1518 1654 1575 1679 vide
1597 1653 1659 1688 quid
1679 1653 1788 1679 diximus

222 1695 342 1719 omittunt
359 1694 412 1718 haec
424 1698 461 1721 καὶ
482 1699 571 1728 ἄγγελοι
592 1699 650 1730 γάρ,
669 1703 714 1719 nec
730 1696 850 1727 expressit
863 1703 913 1720 ree.
934 1696 977 1719 In-
1028 1695 1100 1718 initio
1112 1694 1279 1718 Horuiliarum
1292 1695 1317 1719 in
1329 1693 1468 1726 Epistolam
1482 1694 1514 1719 ad
1526 1693 1654 1726 Ephesios.

222 1740 298 1766 tei-pr.
312 1733 460 1765 Recepimus
471 1739 514 1767 γάρ
528 1742 540 1758 e
551 1733 639 1767 Savil]
1061 1734 1072 1752 d
1084 1734 1125 1758 Sic
1137 1732 1281 1758 Colb.Editi
1290 1738 1365 1766 μέσον.
1375 1732 1426 1767 [Sic
1433 1741 1530 1766 quoque
1539 1733 1567 1757 A.
1577 1734 1692 1766 B.,aeque
1700 1733 1788 1765 recte]

647 1825 821 1854 MUTIANO
844 1825 1096 1855 SCHOLASTICO
1118 1824 1368 1854 INTERPRETE.

221 1913 310 1950 struit,
325 1920 351 1941 et
365 1912 529 1952 pronuntiat,
546 1913 672 1951 quoniam
697 1913 751 1941 illis
766 1912 876 1951 quidem
892 1923 939 1952 per
954 1912 1099 1952 prophetas
1113 1912 1241 1950 loquutus
1261 1919 1310 1947 est,
1328 1913 1404 1941 nobis
1419 1920 1506 1942 autem
1520 1924 1568 1953 per
1582 1913 1672 1953 ipsum
1686 1914 1786 1952 Unige-

220 1961 307 1990 nitum
322 1961 396 1999 loqui
410 1960 536 1999 dignatus
554 1967 592 1989 est
604 1972 610 1988 :
626 1959 724 1989 deinde
738 1960 800 1998 quia
821 1960 875 1989 illis
889 1971 936 2000 per
949 1960 1058 1999 angelos
1071 1972 1076 1987 :
1093 1971 1155 1989 nam
1169 1960 1250 1988 etiam
1264 1960 1316 1989 hoc
1331 1960 1455 1989 similiter
1464 1961 1589 1990 adstruit.
1604 1961 1640 1990 Et
1652 1968 1734 1998 recte,
1752 1962 1787 1990 si-

220 2007 331 2045 quidem
343 2014 368 2036 et
382 2007 469 2047 angeli
484 2007 588 2046 loquuti
610 2014 671 2035 sunt
685 2007 799 2036 Judaeis.
816 2008 871 2036 Nos
887 2018 949 2036 vero
965 2008 1045 2036 etiam
1057 2018 1091 2035 ex
1106 2007 1157 2036 hoc
1172 2007 1324 2046 superiores
1338 2007 1503 2043 exsistimus,
1529 2015 1555 2037 et
1570 2007 1656 2037 multo
1669 2008 1788 2048 amplius

220 2054 366 2090 habemus3
383 2055 446 2093 quia
462 2054 539 2084 nobis
550 2053 662 2092 quidem
676 2054 810 2082 Dominus
824 2060 863 2083 est
873 2054 1014 2092 loquutus,
1028 2054 1083 2083 illis
1096 2061 1186 2083 autem
1201 2053 1270 2082 servi
1285 2061 1311 2082 et
1326 2055 1458 2092 conservi,
1468 2054 1519 2083 hoc
1530 2061 1580 2093 est,
1595 2055 1638 2085 vel
1649 2054 1786 2095 prophetae

220 2100 262 2129 vel
280 2100 376 2140 angeli.
390 2102 426 2128 Ιιι
442 2102 606 2129 novissimis
621 2106 731 2135 autem,
741 2099 839 2137 inquit,
850 2100 961 2128 diebus.
969 2099 1039 2127 Bene
1048 2098 1120 2128 dixit
1133 2111 1138 2126 ε
1154 2109 1214 2127 nam
1229 2109 1272 2127 eos
1282 2105 1307 2127 et
1322 2098 1438 2138 amplius
1451 2098 1530 2138 erIgit
1545 2106 1570 2128 et
1584 2099 1703 2139 amplius
1719 2109 1788 2128 cou-

219 2148 319 2177 solatur
327 2159 392 2186 quos
400 2147 547 2187 desperatio
555 2147 732 2186 deprimebat.
742 2147 897 2176 Sicutenim
907 2146 934 2176 iu
945 2146 997 2174 alio
1008 2147 1066 2175 loco
1077 2146 1155 2183 dicit,
1167 2147 1243 2184 Quia
1253 2147 1398 2175 Dominus
1412 2157 1501 2186 prope
1514 2153 1567 2184 est,
1579 2147 1655 2175 nihil
1661 2147 1788 2176 solliciti

220 2196 281 2222 sitis
289 2206 300 2227 ;
315 2195 453 2230 etiterum,
465 2195 552 2223 Nunc
566 2195 642 2222 enim
655 2205 743 2233 prope
759 2194 822 2231 [sic]
834 2201 876 2222 est
892 2200 992 2222 nostra
1007 2193 1098 2231 salus,
1112 2203 1201 2233 quam
1214 2203 1280 2221 cum
1294 2194 1470 2222 credidimus
1483 2205 1492 2221 .·
1508 2193 1547 2222 sic
1560 2193 1640 2223 etiam
1655 2193 1700 2222 hic
1715 2200 1788 2222 tam—

220 2252 300 2280 quam
310 2242 331 2271 si
339 2242 438 2271 diceret
451 2254 457 2270 :
470 2241 525 2278 Qui
537 2241 651 2270 fueritin
660 2242 802 2270 certamine
815 2241 949 2279 fatigatus,
959 2252 1020 2270 cum
1028 2240 1143 2270 audierit
1155 2240 1300 2269 terminum
1309 2240 1490 2280 propinquare
1504 2240 1667 2277 certaminis,
1676 2240 1788 2280 respirat

222 2289 362 2328 paululum
375 2289 479 2325 videns,
499 2289 562 2327 quia
573 2289 631 2328 jam
645 2296 670 2318 et
685 2289 810 2317 laborum
825 2289 886 2317 finis
901 2295 982 2325 est,et
995 2288 1274 2328 spirationisinitium.
1285 2289 1323 2316 In
1336 2287 1612 2325 novissimisfinquit,
1631 2288 1731 2317 diebus
1747 2288 1790 2316 lo-

222 2342 327 2374 quutus
347 2344 388 2366 est
402 2338 483 2365 nobis
494 2339 524 2365 in
537 2337 617 2366 Filio
630 2347 689 2365 suo.
706 2336 774 2365 Ecce
785 2337 893 2371 iterum,
905 2338 942 2364 Ιη
949 2337 1029 2364 Filio
1041 2348 1048 2363 .·
1060 2335 1137 2376 ¹quod
1148 2334 1315 2364 tantumdem
1322 2334 1391 2363 valet
1405 2345 1436 2362 ac
1451 2334 1474 2362 si
1488 2333 1598 2370 diceret,
1615 2345 1662 2374 per
1674 2334 1784 2364 Filium.

223 2384 338 2412 Audiant
358 2384 403 2422 qui
420 2384 511 2413 dicunt
524 2392 614 2414 sancto
627 2384 741 2424 Spiritui
756 2384 897 2413 convenire
917 2386 956 2411 in.
970 2384 1083 2412 Intueris
1098 2384 1162 2422 quia
1177 2383 1235 2412 haec
1250 2382 1401 2422 praepositio
1416 2385 1447 2410 in
1463 2382 1544 2412 etiam
1558 2392 1608 2422 pro
1620 2392 1673 2421 per
1687 2381 1785 2421 accipi*

222 2435 273 2458 tur.
287 2430 392 2459 Deinde
403 2431 439 2459 ait
454 2431 542 2466 Olim,
567 2439 600 2469 et,
616 2432 788 2460 Novissimis
808 2431 907 2459 diebus
925 2442 932 2456 :
952 2430 1014 2458 item
1030 2429 1105 2458 aliud
1127 2429 1257 2468 quiddam
1272 2429 1349 2457 nohis
1369 2429 1485 2457 insinuat
1500 2427 1644 2467 :quoniam
1657 2427 1743 2456 multo
1758 2427 1784 2456 iu

222 2475 340 2504 medinm
352 2483 468 2516 tempore
485 2485 663 2517 percurrente,
675 2477 781 2516 quando
790 2478 847 2517 jam
861 2477 978 2516 proximi
990 2487 1096 2505 cramus
1110 2477 1144 2505 ad
1158 2487 1274 2516 poenam,
1287 2475 1396 2514 quando
1407 2475 1496 2504 omnia
1506 2474 1664 2503 charismata
1676 2473 1785 2512 inquie-

221 2529 325 2559 verunt,
338 2523 445 2560 qnando
464 2534 522 2562 spes
536 2525 628 2553 salutis
646 2525 721 2553 nulla
738 2525 795 2564 jam
811 2525 906 2561 suerat,
924 2523 1031 2562 quando
1049 2524 1083 2552 ab
1101 2524 1227 2553 omnihus
1247 2523 1363 2552 minores
1383 2533 1430 2552 nos
1448 2532 1504 2551 esse
1519 2520 1681 2561 putabamus
1698 2533 1706 2550 ε
1721 2527 1785 2550 tunc

221 2569 363 2608 ampliores
378 2570 538 2599 exstitimus.
550 2570 585 2599 Et
602 2572 787 2601 animadverte
805 2582 884 2610 quani
902 2570 1045 2610 prudenter
1060 2570 1112 2599 hoc
1124 2570 1248 2599 adstruit.
1262 2570 1320 2599 Non
1332 2570 1403 2598 euim
1415 2569 1497 2606 dixit,
1514 2567 1639 2596 Christus
1653 2567 1784 2606 loquutus

221 2624 268 2651 est,
279 2617 401 2655 quamvis
412 2618 498 2656 ipsunt
512 2618 651 2656 loquutunn
668 2627 766 2648 constat
781 2630 834 2648 esse
847 2619 1015 2648 manifestum
1028 2630 1035 2656 3
1051 2618 1230 2656 sedquoniam
1242 2618 1330 2646 adhuc
1342 2618 1436 2646 aninlo:
1446 2626 1536 2646 eorum
1549 2614 1650 2644 debiles
1664 2621 1747 2652 erant,
1756 2622 1781 2643 ct
