1886 2846
435 211 467 233 ΙΝ
497 210 602 233 EPIST-

71 275 252 308 καταξιωθεῖσι
261 276 392 312 παραινεῖ,
401 273 484 311 λέγων
493 284 498 289 ·
510 271 705 309 Σπουδᾶσιιψεν
715 270 838 299 εἰσελθεῖν

73 324 108 354 εἰς
123 321 224 355 ἐκείνην
246 319 295 354 τὴν
314 319 492 348 κατάπαυσιν.
511 317 720 355 Σπουδάσωμεν,
744 315 840 355 φησὶν,

72 370 108 400 ὡς
121 368 169 396 οὐκ
184 365 314 405 ἀρκούσης
327 368 374 400 τ’ἧς
392 365 516 399 πίστεως,
526 365 584 392 ἀλλ’
601 363 747 401 ὀφείλοντος
760 373 841 401 προσ·
858 387 868 404 7

634 209 650 231 A
658 210 677 231 D
706 209 787 231 til-:BR
795 207 859 230 Ros
867 220 874 228 .

904 205 981 228 CAP.
1012 204 1059 227 lv.
1090 204 1208 226 nomi„
1239 205 1300 226 vn.
1582 205 1634 225 101

893 265 997 306 dignati
1022 265 1158 304 mysteriis
1171 286 1179 300 ‚
1196 264 1306 293 dicens:
1323 265 1506 293 Festinemus
1529 265 1641 302 ingredi

893 317 924 343 in
939 314 1024 343 illam
1039 314 1178 352 requiem.
1191 313 1388 349 Festinemus,
1402 311 1504 350 inquit,
1520 322 1580 339 cum
1596 311 1639 339 vi-

872 386 880 404 ,
896 361 992 390 delicet
1007 359 1074 388 fides
1090 369 1142 388 non
1159 358 1285 396 sufficiat,
1303 357 1352 386 sed
1371 357 1451 386 ctiam
1475 357 1570 386 debeat
1589 357 1642 386 vita

72 415 179 447 τεθῆναι
194 413 237 441 καὶ
255 416 300 442 τοῦ
317 412 372 451 βίου
384 434 390 446 ,
406 411 451 440 καὶ
466 410 566 445 πολλὴν
587 409 635 444 τὴν
659 408 774 444 σπουδὴν
798 419 843 446 γε·
861 415 880 436 Λ
897 407 1024 447 adjici,ct
1038 415 1168 444 magnum
1184 404 1307 433 adhiberi
1322 403 1563 433 studiumllerera
1573 403 1645 432 cuim

73 459 171 488 νέσθαι.
187 461 234 488 Δεῖ
244 459 296 498 γὰρ
306 461 370 496 ἡμῖν
382 458 462 489 ὅντως
475 456 519 485 καὶ
532 457 632 490 πολλῆς
642 455 766 490 σπουδῆς,
776 453 845 482 ὥστε

75 506 191 534 ἀνελθεῖν
205 506 241 538 εἰς
258 505 300 533 τὸν
315 504 430 544 οὐρανόν.
461 504 494 532 Εἰ
508 502 559 541 γὰρ
574 505 621 541 γῆς
636 503 683 530 οὐκ
695 501 844 536 ἠξιώθησαν

77 552 100 580 οἱ
121 554 237 580 τοσαῦτα
258 549 503 589 ταλαιπωρηθέντες
522 551 547 578 ἓν
569 550 602 585 τῇ
620 548 721 587 ἐρήμῳ,
738 548 783 576 καὶ
798 549 846 586 γῆς

77 601 166 636 τυχεῖν
181 599 227 626 οὐκ
241 597 407 632 ἠδυνήθησαν
419 619 426 632 ,
446 595 536 631 ἐπειδὴ
552 594 696 633 ἐγόγγυσαν
711 594 756 623 καὶ
770 593 847 633 ἐπόρ-

78 655 185 672 νευσαν·
209 646 264 675 πῶς
286 646 337 672 τῶν
360 644 474 681 οὐρανῶν
490 644 567 679 ἡμεῖς
587 640 848 678 καταξιιι)θησο’μεθα,

80 690 225 728 ἀδιαφόρως
250 691 344 722 ζῶντες
367 688 412 717 καὶ
438 688 559 727 ῥᾳθύμως
572 699 579 722 ;
606 689 653 715 Δεῖ
676 687 760 715 τοίνυν
785 689 848 724 ἡμῖν

78 737 178 770 πολλῆς
192 735 316 769 σπουδῆς.
346 734 399 763 Καὶ
412 733 460 772 ὅρα
471 755 478 768 ,
491 735 520 761 οὐ
533 732 612 772 μέχρι
629 732 719 761 τούτου
737 732 785 767 τὴν
800 734 848 767 ζη-

81 780 142 818 μίαν
161 781 240 820 ὁρίζει
260 780 351 818 μόνον,
379 782 424 807 τοῦ
447 778 482 816 μὴ
501 779 640 807 εἰσελθεῖν·
667 779 695 806 οὖ
710 777 761 816 γὰρ
783 773 850 810 εἶπε,

81 826 272 864 σπουδάσιι)μεν
292 827 415 854 εἰσελθεῖν
431 826 467 858 εἷς
483 824 530 860 τὴν
545 824 712 852 κατάπαυσιν
722 847 728 859 ,
749 823 792 852 ἵνα
813 822 849 861 μὴ

81 871 235 910 ἐκπέσωμεν
254 871 384 901 τοσούτων
409 873 527 909 ἀγαθῶν·
545 871 603 898 ἀ)λ’
625 870 639 898 ὃ
656 869 772 907 μάλιστα
794 869 852 900 τοὺς

81 918 235 957 ἀνθρώπους
265 918 402 956 διεγείρει,
426 920 503 945 τοῦτο
523 916 679 956 προσέθηκε.
716 917 794 944 Ποῖον
820 915 852 950 δὴ

82 968 175 1001 mii-⁶03
191 965 240 1000 Tb,
252 964 312 993 Ἵνα
326 964 362 1002 μὴ
376 966 401 993 ἐν
416 966 453 1003 τῷ
467 965 537 1002 αὐτῷ
549 975 588 995 τις
599 962 772 1001 ὑποδείγματι
783 962 852 1000 πέσῃ

84 1012 130 1045 τῆς
145 1011 279 1043 ἀπειθείας
291 1022 296 1027 ·
316 1010 451 1039 τουτέστιν
461 1032 468 1045 ,
483 1009 525 1037 ἴνα
544 1009 588 1037 τὸν
601 1011 661 1036 νοῦν
676 1008 778 1047 ἔχωμεν
790 1009 852 1041 ἐκεῖ,

83 1057 132 1092 τὴν
148 1057 258 1092 ἐλπίδα,
274 1056 321 1090 τὴν
337 1054 507 1095 προσδοκίαν,
522 1054 563 1082 ἵνα
579 1054 615 1092 μὴ
629 1054 725 1091 ὁμοίως
737 1053 853 1082 ἐκπέσω-

85 1115 142 1140 μεν.
165 1101 229 1131 ξὈτι
244 1101 296 1142 γὰρ
318 1100 516 1138 ἐκπεσούμεθα,
539 1100 568 1128 τὸ
593 1099 740 1138 ὑπόδειγμα
762 1100 853 1134 δηλοῖ·

84 1147 130 1182 Μὴ
147 1149 172 1176 ἐν
184 1149 222 1187 τῷ
236 1149 316 1187 αὐτῷ,
330 1147 419 1186 φησίν.
437 1141 514 1182 Εἶτα,
530 1145 572 1173 ἵνα
586 1145 623 1183 μὴ
636 1145 747 1179 ἀκούων,
759 1145 805 1174 Ἐν
817 1147 855 1184 τῷ

85 1194 165 1233 αὐτῷ,
179 1193 227 1229 τὴν
243 1193 324 1229 αὐτὴν
342 1189 409 1221 εἶναι
425 1191 535 1230 νομίσῃς
549 1191 688 1231 τιμωρίαν,
704 1191 814 1220 ἄκουσον
830 1191 855 1219 τί

86 1240 191 1279 ἐπάγει·
207 1241 266 1269 Ζῶν
286 1239 338 1279 γὰρ
354 1241 368 1268 ὁ
381 1238 458 1277 λόγος
470 1241 515 1267 τοῦ
532 1239 602 1266 Θεοῦ
616 1238 661 1266 καὶ
676 1237 795 1278 ἐνεργὴς,
811 1238 855 1267 καὶ

87 1286 236 1326 τομώτερος
252 1287 318 1326 ὑπὲρ
332 1291 420 1314 πᾶσαν
443 1285 577 1324 μάχαιραν
595 1284 734 1322 δίστομον,
748 1285 793 1314 καὶ
808 1286 857 1314 διι-

87 1332 226 1370 κνούμενος
245 1332 307 1372 ἄχρι
325 1333 454 1371 μερισμοῦ
478 1333 564 1370 ψυχῆς
576 1343 605 1360 τε
625 1331 670 1360 καὶ
694 1331 856 1370 πνεύματος,

88 1379 181 1418 ἁρμῶν
203 1391 231 1407 τε
247 1378 293 1407 καὶ
308 1378 422 1416 μυελῶν,
438 1376 483 1404 καὶ
502 1377 618 1415 κριτικὸς
632 1377 798 1415 ἐνθυμήσεων
814 1379 859 1407 καὶ

88 1426 192 1454 ἐννοιῶν
219 1424 337 1464 καρδίας.
375 1423 498 1452 Δείκνυσι
521 1424 670 1460 κάνταῦθα,
687 1424 727 1452 ὅτι
749 1427 859 1454 κάκεῖνα
877 1427 895 1450 C

89 1471 166 1504 αὐτὸς
178 1471 319 1510 εἷργάσατο
334 1472 347 1499 ὃ
361 1472 405 1498 τοῦ
426 1470 497 1498 Θεοῦ
519 1469 595 1507 λόγος
605 1492 613 1505 ,
628 1470 673 1498 καὶ
694 1471 738 1509 ζῇ,
753 1470 798 1498 καὶ
812 1473 858 1500 οὐκ

89 1517 212 1552 ἐσὸέσθη.
234 1516 280 1552 Μὴ
295 1516 380 1545 τοίνυν
391 1539 398 1551 ,
419 1515 509 1550 ἐπειδὴ
529 1515 606 1554 λόγον
619 1515 750 1553 ἤκουσας,
769 1517 859 1550 ἁπλῶς

89 1563 165 1602 λόγον
182 1563 292 1601 νομίσῃς
302 1575 308 1580 ·
323 1561 458 1601 μαχαίρας
471 1561 522 1600 γάρ
536 1562 601 1597 ἐστι,
616 1562 689 1600 φησὶ,
701 1562 858 1602 τομώτερος.

89 1608 163 1648 ‘'Opu
174 1608 223 1644 τὴν
236 1608 432 1646 συγκατάῧασιν
442 1630 449 1643 ,
472 1606 516 1636 καὶ
532 1609 647 1636 ἐντεῦθεν
664 1607 777 1645 μάνθανε
793 1609 860 1642 τίνος

91 1655 178 1683 ἕνεκεν
200 1654 342 1689 ἐδεήθησαν
363 1654 408 1682 καὶ
423 1656 447 1682 οἱ
469 1655 602 1692 προφῆται
617 1655 698 1682 εἰπεῖν
714 1654 860 1694 μάχαιραν,

92 1701 135 1729 καὶ
160 1700 247 1737 τόξον,
271 1700 316 1728 καὶ
344 1700 486 1739 ῥομφαίαν.
521 1699 586 1728 Ἐὰν
611 1699 647 1737 μὴ
670 1701 859 1739 ἐπιστραφῆτε,

897 452 983 481 multo
1006 461 1072 490 opus
1087 457 1126 479 est
1148 448 1239 478 studio
1256 456 1286 477 ut
1299 448 1474 477 ascendamus
1489 448 1516 476 in
1532 448 1639 476 eaelum.

898 498 926 527 Si
942 497 1013 527 enim
1035 503 1104 525 terra
1126 506 1178 524 non
1201 502 1263 524 sunt
1282 494 1385 534 dignati
1400 494 1447 532 qui
1464 501 1549 522 tantas
1565 494 1645 522 mise-

900 543 952 573 rias
967 550 992 572 et
1004 542 1167 571 calamitates
1181 541 1298 581 perpessi
1313 547 1374 570 sunt
1390 541 1417 569 in
1427 539 1543 576 deserto,
1558 547 1583 568 ct
1595 547 1645 568 ter-

901 600 958 619 ram
967 599 1017 618 non
1029 594 1173 628 potnerunt
1183 587 1296 626 assequi,
1305 586 1430 626 quoniam
1440 593 1647 614 murmurarunt

901 645 925 666 et
947 643 1009 665 sunt
1032 635 1152 664 fornicati
1166 647 1172 663 ε
1186 633 1320 673 quomodo
1345 644 1393 662 nos
1419 644 1501 672 regno
1521 632 1645 661 caelorum

902 683 977 721 digni
994 681 1166 718 habebimur,
1182 680 1228 719 qui
1243 680 1328 710 vitam
1353 679 1548 708 inconsiderate
1563 685 1589 707 et
1603 689 1647 708 se-

904 729 991 767 gniter
1006 727 1136 767 agimus?
1148 727 1236 755 Multo
1244 736 1308 765 ergo
1322 725 1399 754 nobis
1410 736 1478 765 opus
1492 733 1530 754 est
1546 725 1646 754 studio.

905 774 977 805 Vide
993 781 1082 802 autem
1105 773 1179 812 quod
1193 783 1246 801 non
1261 772 1390 801 damnum
1415 783 1531 811 eousque
1545 771 1647 801 consti-

905 821 996 856 tuerit,
1013 820 1087 859 quod
1109 830 1161 848 non
1185 819 1370 858 ingrediamur
1383 830 1389 846 :
1402 829 1455 847 non
1478 819 1549 847 enim
1565 818 1647 855 dixit,

905 866 1067 895 Studeamus
1078 865 1183 904 ingredi
1199 866 1226 894 in
1244 865 1318 894 illam
1335 865 1454 903 requiem
1465 888 1473 902 ,
1490 875 1523 894 ne
1538 876 1553 893 a
1567 864 1649 893 tantis

905 913 982 942 bonis
1006 911 1181 947 exeidamus;
1196 911 1241 940 sed
1258 911 1286 940 id
1309 910 1419 940 addidit
1433 911 1505 949 quod
1529 910 1651 939 homines

907 968 1069 996 magnopere
1084 957 1194 986 excitat.
1211 957 1349 993 Quidnam
1365 964 1403 985 est
1420 957 1495 986 hoc?
1515 958 1551 985 L't
1567 968 1603 985 ne
1621 958 1651 984 in

907 1004 1032 1042 idipsum
1043 1005 1106 1042 quis
1117 1003 1228 1030 incidat
1241 1003 1457 1032 incredulitatis
1469 1003 1632 1042 exemplum
1642 1015 1652 1035 ;

909 1049 960 1077 hoc
973 1055 1020 1084 est,
1035 1055 1065 1076 ut
1082 1048 1138 1076 illic
1152 1048 1299 1077 habeamus
1314 1056 1440 1083 mentem,
1452 1060 1527 1089 spem
1537 1072 1544 1085 ‚
1558 1059 1652 1088 exspe-

909 1096 1066 1131 ctationem,
1092 1105 1125 1123 ne
1150 1095 1274 1123 similiter
1301 1095 1466 1124 excidamus.
1486 1097 1555 1125 Nam
1582 1095 1654 1134 quod

909 1141 1076 1178 excidemus,
1090 1140 1224 1179 significat
1247 1140 1420 1179 exemplum:
1440 1143 1476 1169 st
1502 1153 1537 1169 ne
1559 1145 1589 1169 in
1611 1141 1655 1169 id-

909 1190 1014 1227 ipsum,
1030 1186 1129 1225 inquit.
1144 1185 1247 1215 Deinde
1270 1196 1302 1214 ne
1319 1185 1440 1221 audiens,
1458 1188 1495 1214 In
1517 1189 1652 1226 idipsum,

909 1234 1046 1263 existimes
1060 1232 1132 1261 idem
1146 1243 1202 1261 esse
1215 1232 1381 1272 supplicium
1393 1254 1401 1269 ,
1417 1232 1480 1260 audi
1498 1233 1565 1271 quid
1588 1234 1655 1262 sul)-

908 1282 1020 1321 jungat:
1035 1281 1124 1308 Ῑῖνιις
1143 1286 1185 1308 est
1207 1281 1285 1308 enim
1308 1289 1402 1308 sermo
1423 1280 1481 1308 Dei
1494 1286 1520 1308 et
1536 1280 1658 1319 efficax,

911 1328 1122 1368 penetrabilior
1133 1329 1213 1356 omni
1224 1327 1326 1366 gladio
1343 1328 1466 1366 ancipiti
1476 1349 1484 1364 ,
1501 1333 1529 1355 et
1547 1329 1658 1365 pertin-

912 1386 983 1416 gens
1005 1386 1096 1415 usque
1110 1375 1151 1403 ad
1165 1375 1338 1403 divisionem
1358 1376 1465 1402 animae
1484 1380 1512 1402 et
1528 1376 1659 1413 spiritus,

914 1433 1144 1463 compagumque
1157 1429 1183 1451 et
1199 1422 1407 1457 medullarum,
1420 1428 1447 1450 et
1458 1423 1600 1451 discretor
1613 1432 1659 1450 co-

914 1472 1092 1509 gitationum
1118 1469 1224 1498 cordis.
1241 1468 1292 1496 Hic
1316 1478 1424 1506 quoque
1449 1467 1567 1497 ostendit
1588 1467 1660 1506 quod

915 1516 962 1544 illa
976 1515 1057 1544 etiam
1079 1515 1142 1543 secit
1155 1514 1213 1554 ipse
1227 1514 1277 1542 Dei
1291 1524 1388 1551 sermo,
1405 1521 1431 1543 et
1446 1513 1515 1543 vivit
1527 1536 1534 1550 ,
1550 1524 1597 1542 nec
1611 1524 1661 1542 ex-

915 1562 1028 1591 stinctus
1053 1568 1100 1591 est.
1116 1561 1157 1590 Ne
1171 1571 1235 1600 ergo
1250 1560 1377 1599 quoniam
1401 1560 1533 1589 audivisti
1558 1571 1661 1589 sermo-

915 1618 992 1645 nem,
1007 1607 1037 1636 id
1052 1606 1220 1636 solummodo
1231 1606 1326 1635 audias
1339 1613 1394 1635 :est
1408 1606 1490 1642 enim,
1507 1606 1606 1645 inquit,
1618 1618 1662 1646 pe-

915 1654 1074 1683 netrabilior
1088 1653 1188 1692 gladio.
1200 1652 1272 1683 Vide
1287 1652 1423 1692 quomodo
1438 1664 1465 1682 se
1486 1653 1620 1691 demittat,
1638 1660 1661 1681 et

915 1701 980 1730 hinc
993 1701 1132 1730 considera
1147 1710 1263 1739 quanam
1286 1700 1319 1729 de
1344 1711 1422 1730 causa
1437 1712 1505 1741 opus
1519 1701 1569 1730 fuit
1582 1701 1661 1730 etiam

512 1814 688 1843 METIANO
710 1814 965 1845 SCHOLASTICO
988 1814 1240 1844 INTERPRETE.

93 1931 154 1960 pere
175 1927 339 1957 metuerunt,
353 1920 445 1949 dicens
457 1932 462 1947 :
474 1921 658 1949 Festinemus
677 1922 766 1960 igitur
778 1923 889 1950 intrare
903 1923 935 1949 in
952 1921 1038 1949 illam
1055 1923 1195 1960 requiem.
1215 1922 1410 1956 Festinemus,
1422 1921 1520 1960 inquit,
1535 1923 1662 1960 quoniam

94 1978 146 1997 non
161 1967 261 1995 sufficit
275 1966 343 1995 fides
357 1989 363 2002 ,
379 1966 424 1996 sed
436 1966 514 1995 debet
524 1966 586 1995 addi
602 1974 627 1995 ct
644 1967 710 2004 vita,
727 1974 752 1996 et
768 1967 884 1996 multum
898 1967 1020 1996 studium
1036 1967 1118 1996 debet
1131 1966 1266 1995 adhiberi.
1284 1967 1362 2006 Opus
1384 1974 1422 1996 est
1444 1968 1543 2008 quippe
1558 1980 1661 2005 revera,

94 2022 124 2043 ut
138 2015 268 2043 intremus
283 2014 309 2043 in
326 2025 405 2053 regna
419 2014 553 2043 caelorum.
565 2015 593 2044 Si
608 2015 679 2044 enim
694 2022 790 2044 terram
802 2015 902 2044 intrare
912 2025 965 2044 non
979 2021 1145 2051 meruerunt,
1157 2014 1204 2053 qui
1218 2020 1305 2043 tantas
1320 2014 1484 2044 calamitates
1498 2017 1663 2055 pertulerant

94 2063 120 2091 in
134 2073 234 2098 eremo,
249 2069 275 2091 et
290 2069 388 2091 terram
403 2062 602 2102 apprehendere
615 2073 667 2091 non
682 2070 837 2102 potuerunt,
856 2063 918 2101 quia
935 2068 1174 2092 murmuraverunt
1186 2068 1210 2090 et
1232 2061 1358 2091 fornicati
1374 2069 1436 2091 sunt
1447 2075 1453 2090 :
1463 2064 1597 2101 quomodo
1614 2075 1662 2093 nos

93 2110 188 2139 caelum
199 2110 363 2139 merebimur
376 2110 560 2139 indifferenter
573 2111 713 2140 viventes?
731 2112 807 2150 Opus
820 2111 903 2149 igitur
913 2110 990 2139 nobis
1004 2117 1042 2139 est
1054 2116 1079 2139 ct
1091 2109 1182 2139 studio
1197 2116 1221 2138 et
1237 2109 1300 2138 fide.
1314 2110 1374 2138 Non
1391 2121 1477 2149 usque
1488 2110 1522 2140 ad
1538 2111 1589 2141 hoc
1603 2119 1661 2142 tan-

94 2164 151 2186 tum
165 2165 204 2186 est
218 2157 413 2193 damnificatio,
430 2165 460 2187 ut
474 2168 525 2187 non
539 2158 619 2187 intret
631 2159 691 2197 quis
705 2171 710 2186 :
722 2169 776 2188 non
789 2159 861 2187 enim
876 2158 959 2194 dixit,
974 2159 1141 2187 Festinemus
1158 2157 1259 2186 intrare
1273 2157 1301 2186 in
1318 2158 1448 2196 requiem,
1462 2169 1494 2188 ne
1505 2159 1662 2189 excidamus

94 2204 129 2233 de
141 2205 220 2234 tantis
231 2205 319 2239 bonis,
337 2205 383 2234 sed
398 2205 470 2244 quod
486 2206 603 2235 maxime
616 2206 739 2235 homines
755 2206 849 2245 erigit,
864 2207 914 2235 hoc
929 2205 1045 2235 addidit.
1059 2205 1135 2241 Quid
1159 2213 1249 2234 autem
1270 2212 1309 2234 est
1334 2205 1404 2235 hoc?
1420 2207 1466 2235 Ne
1480 2209 1513 2235 in.
1537 2208 1659 2246 idipsum

93 2251 257 2289 exemplum
271 2253 426 2290 quisquam
439 2253 551 2281 incidat
566 2253 752 2291 infidelitatis
764 2265 772 2280 :
787 2252 836 2282 hoc
851 2260 900 2291 est,
918 2259 947 2281 ut
964 2253 990 2282 in
1007 2259 1094 2282 mente
1108 2259 1198 2281 nostra
1220 2251 1367 2281 habeamus
1388 2252 1463 2281 illam
1478 2264 1551 2293 spem
1574 2261 1600 2283 et
1614 2265 1662 2284 cx-

94 2297 301 2337 spectationem,
314 2308 346 2326 ne
361 2298 486 2328 similiter
498 2300 664 2329 excidamus.
683 2300 754 2336 Quia
775 2307 864 2329 autem
879 2300 1042 2335 excidimus,
1061 2300 1215 2339 exemplum
1233 2299 1386 2329 manifestat
1398 2311 1403 2327 :
1414 2301 1460 2329 Ne
1474 2303 1505 2329 in
1521 2302 1657 2341 idipsum,

94 2345 192 2384 inquit,
209 2346 384 2374 incidamus.
396 2346 498 2375 Deinde
513 2357 546 2376 ne
561 2347 671 2376 audiens
686 2348 760 2386 quis,
773 2349 810 2376 In
821 2348 957 2387 idipsum,
974 2347 1095 2377 eamdem
1115 2347 1201 2387 ipsam
1218 2354 1293 2387 putet
1306 2358 1423 2386 poenam,
1436 2347 1498 2376 audi
1514 2348 1580 2387 quid
1592 2350 1662 2379 sub·

90 2393 294 2432 ΙῙιιιιςῐῑεΓίνιις
308 2396 386 2422 enim
401 2400 443 2423 est
458 2405 551 2424 sermo
566 2397 624 2424 Dei
637 2403 664 2425 et
679 2396 801 2436 efficax,
813 2402 839 2425 et
851 2397 1062 2435 penetrabilior
1076 2406 1162 2435 super
1174 2406 1287 2424 omnem
1302 2395 1436 2434 gladium
1452 2398 1621 2435 ancipitem,
1635 2404 1661 2426 et

91 2442 258 2480 pertingens
274 2451 364 2480 usque
377 2441 418 2469 ad
431 2441 604 2471 divisionem
615 2445 723 2471 animae
733 2450 759 2472 et
770 2445 899 2482 spiritus,
907 2445 1111 2483 compaginum
1125 2453 1241 2482 quoque
1253 2449 1280 2471 et
1293 2442 1503 2478 medullarum,
1516 2450 1544 2472 et
1555 2444 1662 2473 discre-

95 2494 141 2517 tor
150 2490 372 2528 cogitationum,
385 2495 412 2517 et
428 2491 622 2519 intentionum
636 2491 742 2519 cordis.
754 2491 806 2520 llic
819 2490 935 2520 ostendit
949 2491 1078 2530 quoniam
1089 2497 1114 2520 et
1127 2490 1173 2519 illa
1186 2490 1256 2519 idem
1270 2489 1328 2529 ipse
1343 2497 1469 2529 operatus
1484 2497 1532 2528 est,
1544 2498 1569 2520 et
1580 2491 1662 2527 vivit,

97 2545 150 2564 non
164 2542 202 2565 est
227 2536 386 2565 exstinctus.
403 2536 491 2575 Igitur
506 2537 634 2575 quoniam
647 2548 795 2568 sermonem
809 2538 920 2575 audisti,
934 2550 967 2568 ne
982 2539 1142 2579 simpliciter
1157 2537 1286 2577 accipias:
1297 2537 1389 2577 gladio
1402 2538 1474 2567 enim
1488 2546 1526 2568 est
1540 2547 1663 2579 penetra-

97 2580 188 2611 bilior.
204 2581 320 2611 Auende
335 2581 534 2612 descensionem
549 2584 639 2622 Pauli,
653 2592 677 2614 et
692 2585 754 2615 hinc
772 2585 911 2615 considera
926 2597 975 2626 pro
990 2597 1042 2624 qua
1068 2596 1145 2614 eausa
1164 2595 1231 2625 opus
1248 2584 1399 2614 hahuerunt
1414 2585 1551 2625 prophetie
1562 2585 1663 2622 dicere,
