1906 2846
438 182 470 204 IN
500 182 608 205 EPlS'l'.
641 184 685 205 AD
714 184 885 208 HEBRAEOS.

104 247 172 285 λέγω
188 247 283 284 μόνον,
306 247 375 276 ἀλλὰ
390 249 434 278 καὶ
454 251 506 278 τῶν
522 253 672 288 κοσμικῶν·
696 257 799 289 πᾶσαι,
819 253 880 282 ὅσαι

100 308 137 345 τῷ
152 307 261 346 Χριστῷ
282 307 448 336 πιστεύουσιν
462 331 469 343 ,
494 310 578 339 ἐκεῖνο
600 311 690 350 ἔχουσι
708 312 738 341 τὸ
761 312 877 352 θέατρον.

101 365 221 393 Τοιαῦτα
246 366 441 405 φθεγγώμεθα,
462 368 505 396 ἵνα
527 369 635 402 ἐκείνοις
656 370 795 409 τέρπωμεν
820 372 879 405 τοὺς

100 424 211 458 θεατάς·
233 427 343 453 ’τοιαῦτα
358 427 528 466 περιτίθεσο,
548 428 591 456 ἵνα
610 429 722 462 ἐκείνους
741 430 878 470 εὐφραίνῃς.

99 485 111 497 ³
125 481 193 511 Εἰπὲ
204 482 256 523 γάρ
269 495 330 521 μοι,
346 484 392 513 ἐὰν
406 487 422 519 ἧ
440 485 524 525 πόρνη
539 486 603 525 γυνὴ
624 489 722 526 ἀφεῖσα
734 488 767 516 τὰ
782 489 879 527 χρυσία

100 540 146 569 καὶ
169 540 202 569 τὰ
222 541 318 579 ἱμάτια
340 542 385 570 καὶ
410 543 453 571 τὸν
475 543 579 582 γέλωτα
602 544 695 573 καὶτὰ
713 545 820 583 ῥήματα
847 546 879 574 τὰ

101 600 194 628 ἀστεῖα
208 599 254 628 καὶ
268 599 301 628 τὰ
318 600 415 639 αἰσχρὰ
424 624 431 637 ,
444 601 544 633 εὐτελὲς
564 601 670 639 ἱμάτιον
691 603 879 642 περιὲαληται,

101 657 146 686 καὶ
159 657 369 693 ἀνεπιτηδεύτως
382 661 504 688 συνθεῖσα
517 659 613 694 ἑαυτὴν
630 661 733 700 εἰσέλθῃ
744 684 751 696 ,
764 662 810 690 καὶ
825 664 879 691 0⁵0-

101 716 166 751 σεὲἧ
183 716 328 756 φθέγγηται
347 717 453 756 ῥήματα
465 741 472 754 ,
493 719 538 748 καὶ
560 719 621 758 περὶ
635 719 804 759 σωφροσύνης
824 721 880 749 δια-

99 774 226 813 λέγηται,
241 774 286 804 καὶ
299 776 381 814 μηδὲν
397 776 507 816 αἷτχρὸν
522 777 586 817 λέγῃ
597 801 603 814 ,
616 778 674 817 οὐχὶ
685 778 878 814 ἀναστήσονται

99 831 210 868 πάντεςς
235 832 293 872 οὐχὶ
313 833 501 869 διαλυθήσεται
522 837 600 864 τοῦτο
622 835 652 864 τὸ
676 837 797 876 θέατρον;
820 837 878 876 οὐχὶ

99 889 256 919 ε’κὸαλοῧσιν
271 890 367 927 αὐτὴν,
381 894 417 924 ὡς
431 894 478 921 οὐκ
490 893 588 922 εἰδυῖαν
604 894 771 933 ἁρμόσασθαι
784 897 821 934 τῷ
834 896 878 931 δη-

100 960 158 988 μῳ,
183 948 229 977 καὶ
242 949 370 988 ἀλλότρια
384 949 512 988 λέγουσαν
532 953 577 979 τοῧ
593 951 702 991 θεάτρου
719 952 817 981 ἐκείνου
833 956 878 982 τοῦ

99 1010 257 1043 σατανικοῧ;
271 1007 351 1036 Οὕτω
365 1008 410 1036 καὶ
424 1008 470 1045 σὺ,
492 1009 537 1038 ἐὰν
554 1009 588 1037 τὰ
603 1010 704 1045 ἐκείνης
718 1012 877 1049 περιθεμένη

100 1066 136 1097 εἷς
152 1065 181 1094 τὸ
193 1068 245 1094 τῶν
259 1068 375 1104 οὐρανῶν
397 1066 505 1106 θέατρον
521 1067 657 1106 εἰσέλθῃς,
681 1068 824 1098 ἐκὸαλοῦσί
848 1081 877 1098 σε

99 1125 122 1152 οἱ
137 1123 237 1152 θεαταί.
261 1123 336 1152 Ἐκεῖ
359 1123 410 1163 γὰρ
434 1125 463 1152 οὗ
478 1127 529 1153 τῶν
546 1127 650 1164 χρυσῶν
664 1125 777 1164 ἱματίων
798 1126 876 1166 χρεία

98 1181 196 1210 τούτων
209 1205 216 1218 ,
229 1182 287 1210 ἀλλ’
304 1181 411 1222 ἑτέρων.
427 1182 532 1218 Ποίων;
548 1184 620 1213 Οῗων
635 1186 648 1212 ὁ
665 1185 802 1224 προφήτης
823 1198 875 1223 φη-

99 1240 140 1269 σίν
152 1253 158 1258 ·
177 1242 226 1270 Ἐν
242 1246 401 1280 κροσσωτοῐς
414 1247 522 1281 χρυσοῖς
538 1243 755 1282 περιὸεὲλημένη
765 1267 772 1280 ,
786 1256 877 1274 πεποι-

99 1299 210 1337 κιλμένη
219 1311 224 1316 ·
240 1301 290 1339 οὐχ
303 1299 372 1329 ὥστε
387 1301 417 1329 τὸ
429 1303 508 1340 σῶμα
519 1301 610 1330 λευκὸν
624 1305 736 1337 ποιῆσαι
750 1302 796 1332 καὶ
812 1306 876 1333 ἀπο-

98 1357 219 1393 στίλὸον,
245 1360 302 1387 ἀλλ’
319 1358 387 1388 ὥστε
410 1359 458 1394 τὴν
483 1360 571 1400 ψυχὴν
593 1361 780 1390 καλλωπίσαι·
808 1361 873 1396 αὕτη

96 1416 146 1455 γάρ
161 1418 230 1445 ἔστιν
247 1419 264 1452 ἡ
281 1418 460 1456 ἀγωνιζομένη
486 1421 540 1448 ἐκεῖ
555 1419 600 1448 καὶ
613 1421 737 1449 ἆθλοῧσα.
761 1421 841 1449 Πᾶσα
855 1424 871 1456 ἡ

96 1473 158 1508 δόξα
169 1476 216 1507 τῆς
227 1476 353 1515 θυγατρὸς
366 1479 410 1505 τοῦ
425 1477 553 1515 βασιλέως
566 1477 676 1515 ἔσωθεν,
690 1478 763 1517 φησί.
779 1479 872 1508 Ταῦτα

151 1532 158 1542 7
304 1534 310 1543 Ι
380 1535 386 1546 l
459 1536 464 1545 l
487 1535 506 1545 SV*
589 1539 596 1547 Ἴ
640 1538 648 1545 ἱ
658 1539 665 1547 N
684 1537 690 1546 Ι
844 1537 850 1547 ἱ

96 1535 202 1572 περιθου
213 1546 219 1551 ·
246 1546 347 1574 μυριων
359 1547 410 1574 γαρ
423 1547 468 1564 και
481 1537 569 1565 αλλων
583 1548 761 1570 απαΛΛαττεις
773 1549 870 1572 σαυτην

95 1594 201 1628 κακῶν,
226 1592 271 1621 καὶ
284 1593 327 1622 τὸν
342 1593 423 1634 ἄνδρα
439 1594 567 1633 μερίμνης
581 1618 587 1631 ,
610 1596 655 1624 καὶ
677 1595 776 1632 σαυτὴν
789 1608 866 1636 φρον-

130 1697 140 1709 ³
159 1691 214 1715 Huc
227 1689 319 1716 desinit
333 1690 434 1716 homilia
447 1692 472 1717 in
482 1691 556 1717 Colb.

915 187 993 210 CAP.
1022 188 1082 210 ΧΠ.
1113 189 1232 212 noant„
1262 190 1384 214 XXVIII·
1620 184 1687 230 377

933 259 993 286 quae
1012 249 1040 278 iu
1062 249 1196 280 orchestra
1212 263 1221 288 ;
1238 251 1297 280 vult
1317 252 1389 281 enim
1401 262 1492 283 omnes
1506 253 1541 283 ad
1561 265 1588 284 se
1602 261 1684 284 attra-

933 298 996 328 here
1012 311 1018 326 :
1031 310 1091 338 quae
1106 308 1197 330 autem
1209 311 1270 330 vere
1282 302 1406 341 pietatem
1419 303 1569 343 profitetur,
1581 316 1632 334 non
1645 307 1683 335 sic
1726 313 1806 364 (ἰσων-ι

1694 352 1730 365 mu
1743 353 1815 367 lesu-'ll

932 356 1052 388 ornetur,
1064 350 1108 379 sed
1124 351 1201 380 aliter
1213 351 1311 381 habeat
1323 360 1447 382 ornatum
1463 354 1511 384 illo
1524 355 1602 395 longe
1619 367 1681 386 ma-

1693 377 1788 396 nimium

929 401 1026 439 jorem.
1041 401 1130 430 Habes
1142 408 1167 430 et
1185 409 1214 430 tu
1227 402 1362 432 theatrum
1382 416 1388 431 :
1404 404 1439 433 ad
1457 405 1527 434 illud
1545 406 1681 436 theatrum
1692 407 1810 460 Σῖζζῑιῖηῗῐ

888 469 924 487 255
934 458 958 480 te
977 453 1124 490 orna,illo
1148 460 1175 482 tu
1200 454 1302 484 mundo
1326 454 1446 486 induere.
1471 457 1616 493 Quodnam
1643 467 1683 489 est

898 497 916 518 A
934 510 1010 532 tuum
1031 503 1194 532 theatrum?
1214 504 1331 541 Caelum,
1351 506 1468 545 populus
1490 509 1649 546 angelorum
1673 523 1679 538 ι

933 564 986 582 non
1010 553 1070 583 dico
1090 554 1178 583 solum
1200 554 1350 594 virginum,
1362 556 1408 585 sed
1428 557 1509 586 etiam
1531 558 1682 588 mundana-

933 614 994 632 rum
1019 614 1065 632 seu
1087 605 1258 634 saecularium
1275 617 1282 632 :
1303 616 1480 645 quaecumque
1497 607 1606 637 Christo
1625 620 1682 638 cre-

933 653 1018 689 dunt,
1033 653 1133 682 habent
1152 654 1221 683 illud
1241 655 1384 684 theatrum.
1398 656 1478 685 Talia
1492 657 1636 696 loquamur
1652 666 1682 688 ut

932 703 995 732 illos
1009 704 1172 733 oblectemus
1194 712 1355 744 spectatores
1371 719 1379 735 ε
1397 707 1496 736 talibus
1510 708 1635 747 induere,
1652 717 1682 739 ut

933 755 995 784 illos
1010 755 1103 784 laetitia
1124 756 1236 785 afficias.
1252 758 1321 786 Nam
1341 757 1386 786 dic
1410 758 1498 795 mihi,
1515 759 1537 788 si
1551 761 1682 790 meretrix

933 805 1054 835 dimissis
1073 807 1237 836 ornamentis
1257 807 1346 836 aureis
1370 809 1571 848 sumtuosisque
1594 811 1681 839 vesti-

932 858 984 887 bus
1007 865 1032 887 et
1054 858 1111 887 risu
1138 866 1163 887 et
1187 859 1278 888 verbis
1300 860 1404 898 argutis
1423 867 1448 889 et
1471 861 1615 899 obscoenis‚
1631 863 1681 892 vili

932 916 1005 938 veste
1026 909 1165 944 induatur,
1182 917 1206 938 et
1227 910 1302 939 nullo
1325 911 1399 939 cultu
1423 913 1570 952 composita
1590 913 1680 953 ingre-

932 958 1034 997 diatur,
1051 967 1076 988 et
1091 960 1217 999 loquatur
1231 961 1273 1000 pia
1289 969 1313 990 et
1328 962 1454 1001 religiosa
1470 964 1562 1001 verba,
1577 972 1603 994 et
1624 965 1680 994 dis-

932 1017 1001 1039 serat
1016 1010 1049 1039 de
1061 1012 1250 1050 temperantia,
1263 1019 1287 1041 et
1308 1013 1375 1042 nihil
1395 1021 1474 1054 turpe
1492 1015 1575 1051 dicat,
1592 1027 1679 1046 annon

932 1071 1023 1089 omnes
1038 1068 1147 1100 surgent
1159 1062 1171 1090 Ξ)
1182 1072 1270 1090 annon
1285 1062 1448 1093 dissolvetur
1464 1066 1513 1094 hoc
1527 1066 1680 1097 theatrum?

895 1130 913 1153 Β
932 1122 1019 1140 annon
1034 1123 1092 1140 eam
1112 1113 1218 1152 ejicient
1234 1121 1263 1142 ut
1279 1125 1337 1152 quae
1356 1117 1455 1145 nesciat
1470 1128 1617 1157 congruere
1631 1131 1680 1160 po-

932 1163 1005 1202 pulo,
1018 1170 1043 1192 et
1053 1174 1113 1202 quae
1123 1163 1196 1192 dicat
1210 1165 1296 1193 aliena
1309 1165 1343 1193 ab
1356 1166 1404 1195 illo
1419 1167 1522 1196 theatro
1537 1171 1654 1199 satanico
1665 1171 1679 1198 ⁴?

930 1213 970 1241 lta
988 1220 1016 1241 tu
1029 1224 1150 1251 quoque,
1167 1213 1189 1242 si
1204 1214 1278 1242 illius
1295 1216 1460 1245 vestimentis
1478 1218 1574 1246 amicta
1591 1220 1679 1259 ingre-

930 1264 1016 1294 diaris
1039 1265 1176 1294 theatrum
1196 1265 1341 1304 caelomm,
1367 1274 1392 1296 te
1420 1268 1527 1307 ejicient
1548 1278 1679 1309 spectato-

930 1324 981 1343 res.
995 1314 1056 1343 Illic
1077 1314 1148 1343 enim
1171 1325 1224 1343 non
1242 1326 1311 1355 opus
1332 1323 1371 1344 est
1385 1316 1428 1345 his
1449 1317 1616 1347 vestimentis
1631 1331 1678 1348 au-

930 1362 991 1399 reis,
1000 1362 1046 1390 sed
1061 1362 1132 1391 aliis.
1147 1363 1319 1398 Quibusnam
1333 1363 1346 1391 .³
1359 1364 1519 1403 Cujusmodi
1534 1366 1601 1395 dicit
1616 1378 1677 1406 pro-

929 1408 1011 1448 pheta
1026 1420 1032 1436 ε
1046 1410 1083 1436 In
1095 1409 1229 1448 fimbriis
1245 1412 1342 1438 aureis
1363 1412 1562 1446 circumdata,
1577 1415 1678 1442 ‘varie-

927 1462 999 1494 gata
1013 1467 1020 1482 .·
1036 1465 1089 1484 non
1101 1462 1130 1483 ut
1143 1465 1241 1494 corpus
1253 1456 1351 1485 reddas
1364 1457 1510 1486 candidum
1524 1466 1549 1487 et
1559 1460 1677 1499 resplen-

928 1501 1005 1539 dens,
1018 1501 1066 1530 sed
1088 1509 1119 1530 ut
1142 1512 1219 1530 ornes
1242 1503 1360 1531 animam
1383 1515 1389 1530 ε
1408 1514 1437 1532 ea
1460 1512 1499 1533 est
1521 1505 1592 1534 enim
1618 1517 1676 1543 quae

926 1548 984 1577 illic
1006 1548 1144 1577 contendit
1170 1555 1195 1577 et
1215 1549 1342 1578 decertat.
1369 1551 1470 1580 Omnis
1492 1552 1676 1592 gloriafilioe

926 1597 1012 1636 Regis
1025 1596 1209 1633 intrinsecus,
1224 1595 1323 1634 inquit.
1338 1595 1374 1625 lis
1388 1596 1500 1626 induere
1513 1609 1519 1625 :
1533 1608 1594 1627 nam
1606 1605 1631 1627 et
1641 1599 1676 1627 ab

514 1800 616 1829 MUTI
622 1800 698 1830 ANO
720 1801 975 1831 SCHOLASTICO
997 1801 1034 1830 IN
1037 1801 1251 1831 TERPRETE.

91 1902 216 1936 ponatur,
225 1906 286 1934 quae
296 1896 449 1935 ingreditur
460 1897 488 1926 in
498 1897 665 1927 orchestram
678 1910 686 1936 3
702 1909 795 1927 omnes
809 1899 879 1927 enim
893 1898 968 1938 cupit
978 1898 1014 1927 ad
1026 1909 1054 1927 se
1066 1899 1200 1927 attrahere
1215 1910 1221 1926 :
1238 1909 1298 1937 quae
1312 1906 1401 1928 autem
1414 1900 1542 1940 pietatem
1557 1905 1669 1943 profite-

90 1951 144 1979 tur,
153 1953 205 1972 non
215 1944 252 1972 ita
262 1955 290 1972 se
300 1944 380 1973 debet
391 1955 495 1982 ornare,
502 1945 551 1974 sed
561 1946 648 1974 aliter.
656 1946 745 1975 Habes
756 1957 871 1984 namque
881 1952 1007 1974 ornatum
1017 1946 1081 1975 satis
1095 1946 1144 1975 illo
1154 1946 1382 1985 majorem‚habes
1392 1954 1417 1976 et
1429 1955 1457 1976 tu
1468 1951 1650 1988 spectaculum
1660 1965 1666 1980 :

89 1992 125 2020 ad
137 1991 205 2020 illud
217 1998 244 2020 te
254 1993 438 2031 spectaculum
453 2003 592 2032 compone,
601 1993 649 2022 illo
662 2000 689 2022 te
698 2000 794 2022 ornatu
807 1993 985 2022 circumdato.
995 1993 1078 2028 Quod
1091 2004 1154 2032 ergo
1169 1994 1220 2022 tibi
1235 2001 1274 2022 est
1288 1995 1473 2033 spectaculum
1483 1996 1666 2036 .³Angelorum

89 2039 228 2067 innumera
244 2039 400 2076 multitudo,
414 2050 467 2068 non
495 2040 632 2079 virginum
649 2047 752 2069 tantum
767 2040 840 2077 dico,
855 2040 901 2068 sed
921 2041 1002 2069 etiam
1016 2041 1187 2069 saecularium
1201 2041 1346 2069 mulierum
1359 2052 1418 2080 quae
1439 2042 1465 2070 in
1483 2043 1590 2073 Christo
1607 2057 1665 2075 cre<

89 2086 228 2124 diderunt,
246 2086 314 2116 illud
340 2087 440 2116 habent
459 2088 652 2127 spectaculum.
669 2089 749 2117 Talia
770 2088 937 2125 fabulemur,
950 2088 1189 2128 utjucunditatem
1212 2088 1266 2117 illis
1287 2090 1481 2128 spectatoribus
1502 2092 1665 2123 afferamus:

88 2133 188 2162 talibus
208 2134 390 2163 circumdator
406 2135 584 2173 vestimentis,
602 2142 631 2164 ut
647 2135 708 2165 illos
728 2136 871 2165 exhilares.
888 2135 940 2164 Dic
960 2135 1031 2164 enim
1047 2135 1126 2172 mihi,
1142 2135 1163 2164 si
1179 2135 1277 2164 mulier
1296 2136 1423 2165 meretrix
1439 2137 1557 2168 dimissis
1576 2143 1666 2172 aureis

87 2181 250 2210 ornamentis
265 2189 290 2210 et
305 2182 505 2222 pretiosissimis
520 2183 696 2219 indumentis,
711 2191 736 2213 et
749 2184 816 2218 risu,
831 2190 858 2212 et
873 2183 939 2212 facie
948 2184 1006 2222 jam
1021 2183 1192 2223 turpitudine
1204 2183 1300 2212 insecta
1321 2190 1346 2212 et
1368 2185 1522 2214 urbanitate
1536 2189 1642 2218 condita
1652 2213 1660 2227 ‚

86 2225 136 2255 vili
151 2226 335 2256 circumdetur
355 2228 532 2267 indumento,
548 2237 574 2258 et
593 2230 650 2258 sine
664 2230 756 2268 aliquo
772 2230 862 2259 studio
883 2237 1024 2269 componat
1042 2240 1070 2258 se
1093 2229 1135 2259 vel
1154 2236 1222 2267 arte,
1238 2236 1264 2258 et
1284 2230 1383 2267 intret,
1397 2238 1422 2260 et
1442 2233 1525 2262 verba
1549 2246 1608 2273 quae
1629 2237 1663 2266 ad

85 2273 211 2313 pietatem
233 2275 366 2314 pertinent
389 2277 542 2315 eloquatur,
556 2285 581 2306 et
601 2278 635 2307 de
656 2278 790 2318 pudicitia
815 2288 965 2307 sermonem
986 2277 1078 2315 faciat,
1094 2277 1162 2306 nihil
1183 2284 1262 2317 turpe
1282 2279 1445 2317 permiscens
1464 2292 1470 2307 ε
1487 2292 1576 2311 nonne
1596 2295 1662 2313 con-

82 2321 173 2350 festim
187 2322 307 2351 universi
327 2325 512 2362 consurgent?
527 2335 615 2354 nonne
631 2326 814 2365 spectaculum
835 2325 990 2354 dimittetur
1003 2325 1017 2353 ἓ·
1032 2335 1119 2353 nonne
1141 2323 1285 2364 abjicietur
1299 2325 1374 2354 velut
1391 2326 1550 2357 inconcinna
1567 2336 1593 2358 et
1617 2341 1664 2360 ne-

83 2369 169 2398 sciens
187 2369 288 2409 populo
303 2371 440 2409 coaptari,
455 2378 480 2400 et
501 2378 626 2401 extranea
641 2373 764 2411 loquens,
775 2383 835 2411 quae
854 2373 923 2402 nihil
943 2372 1047 2401 theatro
1062 2371 1252 2401 conveniunt?
1266 2372 1312 2401 Sic
1326 2373 1405 2402 etiam
1417 2397 1425 2410 ‚
1441 2374 1464 2402 si
1483 2382 1511 2403 tu
1527 2376 1601 2406 illius
1615 2389 1663 2407 or-

83 2422 149 2445 natu
167 2416 287 2445 volueris
308 2416 441 2454 decorari,
455 2424 481 2446 et
498 2417 659 2457 ingrediaris
679 2419 863 2458 spectaculum
883 2419 957 2456 caeli,
972 2418 1113 2448 confestim
1134 2425 1160 2448 te
1177 2425 1337 2458 spectatores
1355 2419 1495 2458 abjiciunt.
1508 2422 1571 2452 Illic
1590 2426 1662 2455 enim

85 2473 138 2492 non
158 2470 197 2492 est
211 2474 279 2503 opus
295 2463 383 2492 aureis
396 2463 572 2503 indumentis,
587 2465 635 2494 sed
649 2465 711 2494 aliis
723 2476 791 2505 opus
805 2473 843 2495 est
857 2466 948 2502 rebus,
964 2465 1022 2495 istis
1039 2465 1073 2495 de
1088 2465 1216 2504 qualibus
1231 2465 1303 2494 dixit
1314 2466 1446 2506 propheta
1462 2480 1468 2496 :
1484 2470 1522 2497 In
1529 2470 1662 2509 fimbriis

86 2511 237 2539 deauratis
256 2511 448 2550 circumsepta
474 2513 622 2542 varietate
637 2524 646 2540 .-
661 2522 715 2541 non
737 2519 766 2541 ut
787 2512 934 2542 candidum
956 2523 1054 2552 corpus
1075 2512 1194 2549 efficias,
1215 2513 1259 2541 vel
1279 2519 1308 2541 ut
1328 2513 1442 2543 nitorem
1462 2522 1488 2544 et
1508 2517 1662 2556 splendores

89 2557 210 2597 adjicias,
224 2557 271 2587 sed
292 2565 321 2587 ut
343 2558 461 2588 animam
476 2565 550 2589 tuam
572 2560 661 2590 aureis
679 2560 776 2591 reddas
795 2561 943 2591 virtutibus
957 2561 1112 2590 decoratam
1128 2572 1134 2588 :
1153 2560 1211 2600 ipsa
1227 2560 1330 2600 quippe
1349 2568 1387 2590 est
1404 2573 1464 2601 quae
1486 2563 1513 2593 in
1535 2565 1582 2595 illo
1597 2577 1662 2606 spe-

227 2622 299 2641 τοΜ.
322 2622 376 2642 xii.
1462 2618 1499 2646 25
