1886 2846
401 191 433 214 ΙΝ
465 191 572 214 ΙέΙῚόΤ.
602 191 646 212 At)
674 188 842 212 ttltssRAEOS.
871 187 946 210 CAP.
975 186 1027 209 ttt.
1059 186 1176 209 HOMU..
1207 186 1253 208 Vt.
1587 174 1630 218 87

356 383 490 412 onum
514 381 547 415 ς’.
1138 379 1298 407 HOMILIA
1321 379 1369 409 Vt.

857 414 874 436 B

646 473 768 512 Σήμερον
796 472 839 501 ἐὰν
895 472 960 501 Cn.
976 472 1026 500 ΙΙΙ.
1044 482 1072 500 v.
1099 473 1126 500 7.
1149 471 1341 510 Quapropter,
1359 471 1433 499 sicut
1455 471 1525 499 dicit
1541 470 1635 509 Spiri-

935 524 980 546 tus
995 524 1124 555 sanctus,
1140 517 1237 545 Hodie
1247 519 1272 545 si
1286 527 1389 545 vocem
1402 518 1463 555 ejus
1474 517 1635 549 audieritis,

935 564 962 593 8.
986 564 1078 593 nolite
1097 565 1240 592 obdurare
1263 563 1353 592 eorda
1374 570 1486 597 vestra,
1509 565 1583 591 sicut
1605 565 1637 590 in

937 612 1169 644 exacerbatione,
1187 610 1344 638 seeundum
1367 609 1445 637 diem
1466 610 1637 637 tentationis

937 658 968 684 in
983 657 1106 693 deserto,
1120 657 1148 684 9.
1165 657 1214 684 ubi
1226 661 1410 684 tentaverunt
1425 661 1577 693 mepatres
1589 665 1637 682 ve-

937 704 1007 736 stri,·
1015 703 1213 740 probaverunt
1224 712 1277 737 me,
1287 707 1314 729 et
1324 702 1463 729 viderunt
1474 710 1562 739 opera
1573 711 1639 728 mea

935 751 1134 789 quadraginta
1145 751 1240 778 annis.
1255 749 1302 777 10.
1317 750 1441 788 Propter
1452 748 1531 787 quod
1541 749 1639 788 offen-

937 806 985 825 sus
1005 798 1053 836 fui
1072 797 1255 835 generationi
1275 796 1353 831 huie,
1377 801 1404 823 et
1419 795 1483 823 dixi
1496 806 1505 822 .-
1525 795 1639 833 Semper

936 849 1035 871 errant
1051 843 1138 870 eorde
1154 854 1162 868 .·
1177 843 1232 880 ipsi
1246 847 1344 870 autem
1367 851 1426 869 non
1441 846 1638 880 cognoverunt

937 892 1005 918 vias
1021 899 1109 918 meas.
1127 891 1173 917 11.
1191 890 1228 917 L't
1241 891 1341 928 juravi
1354 891 1385 917 in
1397 890 1442 917 ira
1458 898 1533 926 mea,
1549 888 1580 918 Si
1591 890 1635 916 in-

938 936 1067 964 troibunt
1079 937 1110 962 in
1121 937 1250 974 requiem
1265 945 1368 963 meam.

67 475 129 511 Διὸ,
147 475 233 507 καθὼς
254 474 324 514 λέγει
336 475 366 504 τὸ
380 476 491 512 Πνεῦμα
505 475 535 504 τὸ
547 474 631 513 ἅγιον,

106 524 153 556 τῆς
176 524 263 561 φωνῆς
280 522 359 550 αὐτοῦ
382 521 526 556 ἀκούσητε,
551 520 588 559 μὴ
615 519 779 559 σκληρύνητε
795 519 841 551 τὰς

105 567 214 606 καρδίας
230 569 314 603 ὓμῶν,
329 569 364 600 ὡς
376 569 402 596 ἐν
415 569 452 605 τῷ
469 567 703 606 παραπικρασμῷ,
714 565 782 594 κατὰ
794 565 841 599 τὴν

107 613 210 652 ἡμέραν
222 616 267 642 τοῦ
284 616 432 654 πειρασμοῦ
447 614 473 642 ἓν
488 615 521 651 τῇ
537 613 641 652 ἐρήμῳ·
656 607 684 641 οὗ
699 611 842 650 ἐπείρασαν

110 671 142 697 με
165 662 188 688 οἱ
211 660 322 699 πατέρες
337 662 409 697 ὑμῶν
420 682 428 694 ,
450 659 610 697 ἐδοκίμασαν
636 671 684 696 με,
707 658 751 686 καὶ
777 653 842 686 εἶδον

109 706 143 735 τὰ
157 706 221 745 ἔργα
235 718 284 743 μου
300 706 497 745 τεσσαράκοντα
523 705 578 740 ἔτη.
604 705 652 733 Διὸ
671 703 842 743 προσώχθισα

108 753 141 790 τῇ
155 756 232 790 γενεᾷ
246 752 333 790 ἐκείνῃ
342 774 349 785 ,
361 751 405 780 καὶ
417 747 500 786 εἶπον,
513 751 554 780 ἀεὶ
566 752 718 779 πλανῶνται
734 752 766 788 τῇ
780 760 844 787 καρ-

109 798 150 836 δία
161 809 166 814 ·
180 797 253 826 αὐτοὶ
266 797 293 826 δὲ
307 798 354 826 οὐκ
368 797 485 835 ἔγνωσαν
496 797 543 829 τὰς
558 796 630 829 ὁδούς
645 809 703 835 μου.
716 796 763 829 (Ως
773 795 843 833 ὤμο-

109 855 142 872 σα
157 843 183 871 ἐν
195 845 228 882 τῇ
241 843 306 882 ὀργῇ
324 854 374 880 μου
385 865 392 879 ‚
407 844 429 872 εἰ
443 842 635 872 εἰσελεύσονται
650 843 687 875 εἷς
698 842 746 877 τὴν
760 841 842 870 κατοί-

109 889 206 918 παυσίν
224 899 283 926 μου.

108 1034 265 1073 Διαλεχθεὶς
295 1035 355 1073 περὶ
378 1034 483 1066 ἐλπίδος
499 1037 513 1063 ὁ
528 1035 647 1069 Παῦλος,
672 1034 717 1061 χαὶ
742 1033 822 1062 εἰπὼν
835 1055 842 1068 ‚
939 1029 965 1055 1.
986 1027 1054 1055 Cum
1069 1026 1103 1054 de
1117 1037 1163 1065 spe
1179 1026 1347 1055 disseruisset
1362 1026 1474 1063 Paulus,
1487 1033 1511 1055 et
1526 1026 1640 1055 dixisset

69 1081 108 1110 ὅτι
123 1076 205 1113 Οἶκος
221 1081 300 1108 αὐτοῦ
312 1081 402 1118 ἐσμεν,
415 1080 513 1118 ἐάνπερ
527 1079 574 1114 τὴν
589 1078 739 1118 παρρησίαν
754 1079 799 1107 καὶ
813 1079 843 1108 τὸ

69 1125 197 1165 καύχημα
222 1128 270 1160 τῆς
292 1125 396 1158 ἐλπίδος
422 1125 501 1164 μέχρι
519 1125 608 1158 τέλους
629 1124 738 1163 βεὸαίαν
755 1124 842 1154 κατά·

70 1183 191 1211 σχωμεν,
205 1170 320 1200 δείκνυσι
334 1171 426 1200 λοιπὸν
437 1171 477 1199 ὅτι
492 1170 604 1209 βεὸαίως
617 1170 669 1209 χρὴ
684 1171 842 1209 προσδοκᾷν,

70 1218 115 1246 καὶ
125 1221 202 1246 τοῦτο
216 1220 355 1246 πιστοῦται
370 1216 423 1246 ἀπὸ
436 1219 488 1245 τῶν
502 1217 624 1256 Γραφῶν·
639 1216 790 1255 Προσέχετε
800 1216 841 1244 δέ·

71 1263 265 1302 δυσκολώτερον
277 1263 327 1302 γάρ
342 1275 398 1295 πως
415 1263 479 1292 αὐτὸ
489 1262 600 1302 ἔφρασε,
614 1262 659 1291 καὶ
672 1263 842 1297 δυσκαταλη-

71 1309 206 1349 πτότερον.
224 1308 272 1338 Διὸ
284 1308 336 1347 χρὴ
350 1308 384 1337 τὰ
397 1308 462 1347 παρ’
472 1311 549 1347 ἡμῶν
563 1308 690 1348 πρότερον
705 1308 841 1344 εἰπόντας,

71 1355 115 1383 καὶ
131 1355 267 1393 συντόμως
281 1354 327 1390 τὴν
344 1359 431 1382 πᾶσαν
447 1356 515 1392 ὑμᾶς
531 1354 653 1384 ὑπόθεσιν
669 1353 823 1387 διδάξαντας
833 1376 841 1389 ,

70 1401 151 1434 οὕτως
174 1402 313 1440 ἐπαφεῖναι
327 1400 371 1429 τὸν
385 1399 462 1438 λόγον
473 1405 526 1433 τοῖς
538 1400 742 1440 γεγραμμένοις·
755 1401 841 1430 οὐκέτι

71 1447 121 1486 γὰρ
140 1448 216 1486 ἡμῶν
233 1447 389 1482 δεηθήσεσῦε
399 1469 407 1481 ‚
425 1447 468 1476 ἐὰν
488 1447 531 1475 τὸν
558 1447 656 1476 σκοπὸν
682 1447 783 1485 μάθητε
798 1447 841 1475 τὸν

71 1492 256 1522 ἅποστολικόν.
271 1493 337 1532 Περὶ
354 1493 460 1526 ἐλπίδος
474 1489 505 1528 ἦν
522 1495 592 1533 αὐτῷ
606 1496 619 1522 ὁ
639 1494 728 1533 λόγος,
745 1494 789 1523 καὶ
800 1494 841 1524 ὅτι

71 1539 123 1578 χρὴ
144 1539 258 1573 ἐλπίζειν
276 1538 309 1568 τὰ
331 1539 462 1577 μέλλοντα
476 1562 484 1575 ,
509 1539 554 1567 καὶ
579 1539 619 1568 ὅτι
641 1539 716 1569 ἔσται
737 1540 841 1574 πάντως

72 1590 125 1618 τοῖς
146 1587 257 1614 ἐνταῦθα
282 1585 412 1620 πονήσασι
433 1585 523 1623 μισθός
548 1597 587 1618 τις
607 1586 652 1614 καὶ
677 1586 776 1626 καρπὸς
797 1587 842 1616 καὶ

73 1631 236 1664 ἀνάπαυσις·
258 1634 334 1660 τοῦτο
359 1627 403 1660 οὖν
427 1631 539 1660 ἀπὸτοῦ
554 1632 688 1672 προφήτου
711 1634 839 1663 δείκνυσι·

73 1677 117 1705 καὶ
135 1677 161 1705 τί
176 1689 254 1716 eja-naq
270 1677 333 1713 Διὸ,
346 1677 432 1710 καθὼς
452 1677 523 1716 λέγει
540 1678 570 1707 τὸ
590 1679 702 1717 Πνεῦμα
716 1679 746 1708 τὸ
758 1679 841 1718 ἅγιον,

897 1071 969 1110 quod
983 1073 1096 1100 Domus
1108 1073 1170 1110 ejus
1182 1081 1290 1106 sumus,
1304 1072 1481 1110 sifidueiam
1493 1078 1520 1100 et
1531 1072 1640 1111 gloria-

897 1122 1005 1147 tionem
1016 1120 1076 1157 spei
1085 1118 1225 1157 adfinem
1232 1118 1353 1156 sirmam
1367 1121 1546 1148 retineamus
1560 1131 1568 1146 :
1582 1119 1640 1158 jam

897 1163 1013 1193 ostendit
1029 1163 1101 1202 quod
1116 1170 1235 1202 oporteat
1250 1163 1364 1191 firmiter
1379 1171 1542 1202 exspectare,
1558 1164 1641 1203 idque

897 1211 993 1250 probat
1007 1221 1041 1239 ex
1055 1209 1211 1249 Scripturis.
1226 1208 1364 1238 Attendite
1378 1216 1466 1237 autem
1478 1222 1484 1237 ε
1500 1210 1641 1240 difficilius

896 1257 968 1286 enim
983 1255 1051 1285 illud
1066 1256 1195 1294 loquutus
1209 1262 1247 1284 est
1267 1262 1293 1284 et
1306 1254 1338 1283 ad
1356 1255 1641 1294 comprehendendum

897 1303 1048 1332 obscurius.
1068 1302 1251 1338 Quamobrem
1269 1308 1384 1341 oportet,
1403 1312 1464 1329 cum
1479 1312 1537 1340 quae
1552 1309 1642 1331 nostra

897 1356 959 1379 sunt
973 1349 1135 1384 dixerimus,
1158 1355 1184 1377 et
1199 1355 1286 1377 totum
1305 1355 1493 1386 argumentum
1515 1358 1562 1376 vos
1576 1347 1641 1376 bre-

898 1397 966 1426 viter
989 1396 1170 1432 docuerimus,
1192 1395 1229 1424 ita
1244 1394 1376 1423 deducere
1392 1395 1539 1424 orationem
1559 1394 1593 1423 a'd
1611 1406 1641 1424 ea

899 1454 957 1482 quae
972 1443 1072 1482 scripta
1086 1448 1149 1471 sunt
1167 1454 1173 1470 :
1191 1441 1270 1470 nobis
1283 1441 1354 1470 enim
1376 1451 1428 1469 non
1444 1441 1560 1481 amplius
1577 1452 1641 1480 cge-

897 1490 974 1525 bitis,
992 1490 1014 1518 si
1030 1499 1142 1528 scopum
1158 1495 1183 1517 et
1197 1488 1350 1517 institutum
1366 1487 1516 1517 didiceritis
1531 1496 1639 1528 aposto—

897 1536 991 1565 licum.
1008 1535 1048 1564 Ab
1061 1546 1091 1564 eo
1105 1535 1139 1564 de
1150 1545 1197 1574 spe
1209 1535 1348 1573 agebatur,
1361 1541 1386 1563 et
1398 1533 1471 1573 quod
1484 1535 1572 1563 futura
1584 1545 1642 1574 spe-

898 1595 957 1613 rare
971 1590 1105 1623 oporteat,
1129 1590 1154 1612 et
1170 1582 1243 1621 quod
1268 1582 1299 1610 iis
1323 1581 1370 1620 qui
1392 1582 1436 1611 hic
1455 1582 1641 1612 laboraverint

897 1632 947 1660 erit
973 1641 1072 1660 merces
1098 1630 1189 1668 aliqua
1220 1636 1244 1658 et
1268 1629 1372 1657 fructus
1393 1636 1418 1657 et
1444 1629 1556 1668 requies.
1582 1630 1640 1658 Hoc

897 1688 961 1717 ergo
998 1676 1115 1706 ostendit
1148 1687 1181 1705 ex
1206 1675 1336 1716 propheta
1368 1688 1374 1703 ε
1403 1683 1428 1705 et
1457 1675 1522 1714 quid
1546 1676 1613 1706 dicit
1627 1677 1640 1705 ἶ)

73 1722 256 1762 why-spone&
267 1725 314 1757 τῆς
332 1725 418 1762 φωνῆς
434 1724 511 1752 αὐτοῦ
529 1724 675 1761 ἀκούσητε,
697 1725 734 1763 μὴ
759 1727 841 1761 σκλη-
901 1727 1104 1764 Quapropter,
1140 1725 1214 1752 sicut
1246 1723 1318 1751 dicit
1346 1722 1469 1761 Spiritus
1500 1730 1636 1759 sanctus,
1654 1736 1717 1757 μω]-
1736 1735 1775 1764 αι’,

899 1772 1007 1808 Hodie,
1029 1774 1056 1800 si
1068 1780 1170 1799 vocem
1188 1771 1250 1808 ejus
1264 1769 1426 1805 audieritIs,
1442 1769 1532 1798 nolite
1545 1771 1639 1798 obdu-
1649 1766 1672 1789 8·
1684 1780 1714 1784 —
1725 1774 1729 1789 ¹
1740 1773 1759 1788 ¹-

899 1829 965 1847 rare
979 1817 1068 1846 corda
1084 1823 1195 1851 vestra,
1213 1817 1287 1844 sicut
1306 1817 1336 1843 in
1351 1817 1584 1854 exacerbatione,
1598 1826 1639 1846 se-

75 1769 166 1807 ρύνητε
180 1769 226 1802 τὰς
241 1769 350 1807 καρδίας
362 1771 446 1807 ὑμῶν,
462 1771 497 1802 ὡς
519 1771 545 1799 ἐν
555 1772 593 1810 τῷ
606 1775 824 1812 παραπικρασμῷ
834 1796 840 1807 ,

74 1814 141 1842 κατὰ
160 1814 207 1849 τὴν
226 1815 325 1853 ἡμέραν
344 1818 388 1843 :03
411 1818 558 1854 πειρασμοῦ
580 1818 605 1845 ἐν
625 1819 658 1855 τῇ
679 1818 788 1857 ἐρήμῳ·
812 1816 841 1848 οἷ

477 1935 652 1965 MUTIANO
674 1936 930 1967 SCHOLASTICO
951 1937 1203 1967 INTERPRETE.

115 2028 314 2067 Quapropter,
338 2030 412 2057 sicut
435 2028 506 2056 dicit
529 2028 651 2067 Spiritus
676 2036 796 2059 sanctus
826 2041 834 2056 .·
859 2030 965 2065 Hodie,
987 2030 1013 2057 si
1033 2038 1135 2056 vocem
1158 2029 1221 2067 ejus
1247 2028 1410 2065 audieritis,
1433 2039 1469 2058 ne
1494 2030 1640 2058 obduretis

73 2075 164 2104 corda
187 2082 298 2110 vestra,
324 2077 398 2104 sieut
419 2078 450 2103 in
475 2078 674 2105 amaritudine
692 2079 781 2117 juxta
803 2078 879 2106 diem
906 2078 1076 2106 tentationis
1099 2078 1131 2104 in
1154 2076 1281 2111 deserto,
1305 2077 1354 2104 ubi
1381 2082 1570 2105 tentaverunt
1593 2087 1638 2105 me

71 2129 171 2161 patres
195 2125 304 2159 vestri,
336 2124 535 2162 probaverunt
558 2131 585 2153 et
609 2125 748 2153 viderunt
784 2136 871 2164 opera
901 2135 967 2153 mea
1000 2124 1199 2164 quadraginta
1225 2125 1324 2151 annis.
1357 2124 1427 2151 Ideo
1450 2126 1543 2152 iratus
1575 2135 1639 2152 sum

73 2172 256 2208 generationi
279 2171 358 2205 huie,
385 2177 413 2199 et
428 2171 501 2208 dixi,
516 2171 634 2209 Semper
652 2179 753 2201 errant
774 2173 868 2201 eorde.
884 2173 947 2211 Ipsi
971 2178 1068 2200 autem
1093 2181 1152 2199 non
1166 2177 1362 2209 cognoverunt
1386 2172 1453 2199 vias
1468 2181 1569 2205 meas;
1584 2173 1640 2199 sic-

75 2218 119 2244 uti
131 2218 232 2256 juravi
249 2219 280 2246 in
291 2220 337 2246 ira
353 2229 430 2254 mea,
442 2219 473 2247 Si
483 2221 645 2248 introibunt
657 2222 687 2248 in
699 2223 827 2259 requiem
841 2220 1089 2258 meamLoquutus
1103 2218 1137 2247 de
1148 2228 1195 2257 spe
1207 2218 1316 2254 Paulus,
1327 2217 1428 2254 dicens,
1444 2219 1521 2256 Quia
1533 2219 1638 2247 domus

72 2265 135 2303 ejus
148 2274 257 2299 sumus,
279 2267 304 2293 si
319 2266 571 2306 tamenfiduciam
583 2274 611 2296 et
625 2268 752 2307 gloriam
768 2269 828 2307 spei
842 2278 933 2307 usque
952 2269 984 2295 in
995 2267 1087 2306 finem
1100 2266 1220 2305 firmam
1236 2272 1386 2295 teneamus
1401 2278 1409 2293 :
1426 2265 1546 2294 ostendit
1561 2265 1640 2294 deiu-

72 2309 117 2347 de,
133 2309 195 2347 quia
218 2309 295 2338 firme
307 2321 354 2339 nos
374 2319 477 2351 oportet
495 2320 662 2353 exspectare,
681 2321 706 2342 et
721 2314 785 2342 huic
796 2313 833 2342 rei
846 2314 928 2342 fidem
941 2323 975 2341 ex
987 2312 1136 2352 Scripturis
1149 2311 1220 2340 facit.
1234 2310 1286 2339 Sed
1300 2310 1527 2347 animadvertite;
1541 2312 1639 2340 obscu-

73 2356 129 2385 rius
141 2356 213 2385 enim
227 2357 428 2395 quodammodo
443 2359 515 2388 hunc
530 2360 618 2389 locum
633 2361 760 2400 loquutus
772 2368 819 2396 cst,
833 2368 857 2389 et
881 2367 919 2389 est
932 2359 1054 2389 difficilis
1067 2359 1101 2388 ad
1126 2358 1340 2397 intelligendum.
1358 2358 1456 2387 Merito
1471 2365 1576 2398 oportet
1588 2370 1635 2388 nos

73 2403 190 2433 breviter
203 2415 282 2433 omne
299 2413 487 2444 argumentum
503 2418 550 2436 vos
565 2408 671 2446 docere,
685 2416 710 2438 et
724 2416 787 2437 tunc
798 2408 833 2438 ad
850 2416 952 2438 textum
967 2418 1121 2444 recurrere3
1139 2414 1200 2435 tunc
1214 2407 1303 2445 etjam
1317 2416 1359 2434 me
1373 2416 1440 2446 opus
1456 2416 1507 2434 non
1524 2406 1637 2435 babebi-

74 2451 117 2488 tis,
130 2451 152 2480 si
165 2452 339 2491 apostolicam
354 2453 527 2483 intentionem
538 2455 701 2485 didiceritis.
716 2457 758 2485 De
769 2467 815 2496 spe
827 2456 867 2485 illi
880 2463 935 2485 erat
948 2466 1046 2490 sermo,
1061 2455 1123 2494 quia
1137 2460 1239 2494 oportet
1255 2463 1369 2493 sperare,
1382 2464 1441 2492 quae
1452 2453 1543 2482 sutura
1555 2461 1636 2490 sunt;

75 2505 100 2527 et
113 2499 176 2538 quia
193 2499 318 2529 omnibus
333 2501 419 2530 modis
434 2502 483 2531 crit
495 2502 541 2539 eis,
557 2503 603 2542 qui
618 2503 662 2533 hic
678 2504 879 2541 laboraverunt,
895 2503 984 2543 aliqua
1000 2514 1100 2532 merces
1112 2509 1137 2531 et
1150 2502 1253 2530 fructus
1265 2508 1290 2530 ct
1304 2501 1418 2540 requies.
1434 2501 1492 2529 Hoc
1505 2501 1589 2539 igitur
1602 2512 1636 2530 ex

77 2544 208 2584 propheta
222 2546 379 2586 comprobat
395 2559 400 2574 τ
418 2554 443 2575 ct
457 2547 524 2586 quid
539 2548 611 2578 dixit
622 2550 634 2577 {¹
650 2550 841 2589 Quapropter,
855 2551 929 2578 sicut
942 2550 1013 2578 dicit
1024 2549 1147 2588 SpIritus
1159 2554 1278 2577 sanetus
1292 2559 1299 2574 .·
1315 2547 1412 2575 Hodie
1422 2548 1448 2575 si
1462 2557 1562 2575 vocem
1576 2549 1637 2586 ejus

79 2592 240 2631 audieritis,
253 2604 287 2623 ne
304 2595 452 2624 obduretis
465 2597 554 2625 comta
572 2604 680 2633 vestra,
699 2600 771 2627 sicut
785 2599 814 2626 in
827 2598 1024 2627 aniaritndine
1035 2599 1121 2636 jusi-ta
1137 2596 1211 2625 diem
1227 2596 1397 2624 tentationis
1407 2596 1437 2623 in
1454 2595 1576 2632 deserto,
1589 2596 1639 2622 utri
