1886 2846
235 200 294 236 ω’,
580 204 607 225 s.

229 266 321 293 <olum
345 267 452 303 crigite.
479 265 516 292 ζ’(
532 275 567 292 m*
581 266 611 291 ιἰι
627 265 748 301 idipsum
765 285 770 292 ,
790 263 886 300 iuquit,
901 263 963 299 quis

226 311 336 338 incidat
352 310 566 338 ιἰιιὛιηΙηΙίΙαΙί)Α
577 310 736 346 &remphan
752 322 759 335 .·
775 309 823 336 hoc
839 308 908 334 cuitu
925 313 961 333 est

226 366 315 384 revera
328 356 428 384 cadere.
444 355 554 389 Deinde,
571 365 602 382 nc
614 365 672 382 cuin
684 354 803 381 audisses
817 351 886 389 quod
903 351 961 387 quis

227 403 253 430 in
281 402 396 440 idipsum
422 401 575 440 exemplum
600 401 686 431 cadat,
706 399 822 427 cuunlcm
849 402 961 424 moriem

224 448 361 475 existimes
375 459 454 486 quam
478 448 516 475 illi
543 447 675 475 obierunt.
692 456 701 472 ι
712 445 753 471 ido
777 441 842 480 quid
866 441 938 469 (licat
952 453 957 469 :

227 495 314 521 l'ivus
329 500 370 521 est
382 496 458 521 cm'm
479 503 571 521 screno
592 492 647 519 Dm*
657 497 682 517 cl
696 489 815 526 emicas,
828 492 855 514 ec
873 496 960 524 pene-

225 540 360 567 stabilior
381 542 458 567 ‹unni
480 539 578 577 gladio
606 536 734 572 ancipili.
760 531 863 567 Quovis
887 531 958 560 enim

223 585 313 622 gladio
336 585 446 622 gravius
466 585 490 611 in
515 592 605 611 corum
631 580 732 607 animas
756 577 835 606 irruit
859 588 956 616 sermo,

223 641 317 668 graves
343 631 434 668 pla-gas
450 629 572 659 infereus,
589 625 730 662 letalesque
753 623 798 651 dat
817 623 955 652 sectiones.

223 678 313 714 Neque
331 686 392 703 vcro
407 685 472 712 upus
488 679 524 700 cst
543 678 569 699 ut
591 680 683 698 eorum
704 668 820 697 adducat
843 668 955 698 demon-

222 722 385 750 strationem.
404 730 485 756 neque
500 725 526 745 ut
541 727 569 744 ea
583 715 716 755 prohetae
730 714 878 750 confirmet,
895 725 956 743 cum

221 768 286 795 adeo
302 767 464 795 minifestum
480 764 574 791 habeat
586 762 774 790 narrationem.
789 763 858 790 Nam
870 762 956 800 quod-

222 824 293 844 uam,
305 812 397 849 iuquit.
413 811 511 838 bellum
527 809 587 837 illos
603 807 742 848 perdidit?
755 808 815 846 quis
829 808 957 847 gladius?

220 868 305 885 aunon
331 857 407 895 plane
431 866 476 883 sua
501 861 594 894 sponte
620 853 797 882 ceciderunt?
813 855 852 883 Ne
878 864 955 893 ergo,

218 903 343 940 quoniam
360 912 411 929 uon
435 900 528 929 cadem
551 910 645 929 snmus
668 899 801 939 perpessi,
813 900 897 929 simus
911 911 956 929 se—

218 949 273 977 curi
285 962 291 977 :
304 948 433 986 quamdiu
449 947 550 976 dieitur
564 946 657 983 bodie,
675 946 737 974 licet
753 946 829 975 nobis
843 947 955 975 recreari

218 1001 240 1022 et
253 994 335 1022 refici.
351 993 402 1022 scd
418 1003 478 1021 cum
492 993 548 1021 liaec
568 991 678 1029 dixerit,
695 1001 728 1019 ne
744 991 882 1020 audientes
896 1003 955 1031 quat

217 1047 278 1068 sunt
293 1040 400 1077 animan,
414 1039 503 1078 ignavi
525 1038 578 1066 sint
591 1045 615 1066 et
630 1037 751 1066 socordes
763 1060 770 1074 ,
786 1037 860 1066 addit
876 1038 955 1067 etiam

216 1097 274 1124 qure
291 1093 351 1114 sunt
366 1085 496 1125 corporis,
520 1084 577 1113 haec
600 1084 756 1112 declarans:
773 1090 801 1112 ut
823 1094 884 1112 eum
908 1095 954 1113 rex

215 1132 312 1171 aliquis
326 1132 460 1171 principes
470 1141 541 1165 suos,
550 1130 594 1168 qui
607 1140 700 1168 magna
714 1129 837 1168 quadam
850 1137 955 1169 peccata

215 1179 393 1214 admiserunt,
419 1177 538 1216 primum
567 1176 656 1215 privat
678 1176 785 1212 militia,
813 1176 955 1215 ablatoque

215 1224 323 1263 cingulo
339 1230 364 1252 et
385 1223 542 1251 auctoritate
557 1229 581 1250 et
603 1232 724 1261 praecone
750 1221 876 1259 adducto,
894 1229 955 1251 tunc

215 1271 293 1310 punit
313 1282 319 1298 :
333 1270 368 1298 ita
395 1269 438 1297 hic
473 1278 578 1306 quoquc
604 1268 667 1295 facit
693 1267 799 1306 gladius
824 1268 952 1307 Spiritus.

217 1315 319 1345 Deinde
341 1314 487 1344 terribilius
502 1314 621 1352 loquitur
643 1313 676 1341 de
696 1313 785 1342 Filio:
803 1314 857 1342 Ad
870 1325 953 1353 quem

216 1364 298 1390 nohis
322 1368 363 1390 est
386 1371 490 1397 sermo,
514 1360 609 1398 inquit.
628 1359 659 1388 Id
684 1359 802 1399 cst,Ipsi
825 1360 953 1389 debemus

215 1408 324 1437 reddere
338 1408 465 1436 rationem
480 1417 570 1435 eorum
587 1416 645 1444 qua:
658 1405 798 1444 gessimus.
815 1407 910 1444 Itaque
921 1418 953 1436 ne

214 1454 351 1487 cadamus,
369 1463 452 1491 neque
477 1452 598 1481 animum
623 1451 844 1490 despondeamus.
869 1453 952 1481 suffi-

214 1500 287 1528 ciunt
298 1499 407 1538 quidem
416 1499 494 1527 etiam
509 1498 555 1526 illa
566 1508 625 1536 quae
638 1496 708 1526 dicta
720 1497 827 1526 suntad
838 1508 885 1527 nos
894 1509 953 1527 eru-

213 1545 323 1573 diendos
335 1557 340 1573 :
353 1545 391 1572 illi
405 1555 468 1574 vero
484 1555 535 1572 non
552 1543 615 1572 satis
631 1543 676 1572 illa
691 1550 763 1581 sunt,
778 1543 824 1572 sed
835 1543 891 1572 haec
903 1543 951 1573 ad-

209 1591 269 1629 jicit
279 1591 336 1618 114.
352 1591 499 1618 Habemus
509 1596 606 1618 autem
617 1591 703 1618 etiarn
715 1589 882 1628 pontificem
892 1600 951 1618 ma-

212 1647 301 1675 gnum
313 1638 364 1674 qui
372 1637 536 1674 penetrarit
550 1635 646 1669 coelos,
655 1636 755 1663 Jesmn
767 1635 878 1664 Filium
886 1636 950 1664 Dei.

638 204 673 225 10
683 203 775 225 xNNts
803 203 881 224 (ἸΙΙΙΚῚ
892 202 981 223 ΕΟΞὙ.

1018 202 1028 222 ἱ
1037 201 1152 222 uenit-:P
1159 215 1165 222 .
1195 200 1320 222 consu
1327 201 1448 224 N't'tNOt'
1455 216 1461 223 ·

1019 262 1126 289 θάνατον
1143 261 1287 299 ὓπολάὸῃς,
1304 261 1382 301 ὅνπερ
1398 264 1512 291 κάκεῖνοι
1527 261 1681 300 ὑπέμειναν,
1696 264 1742 303 ὅρα
1758 259 1783 292 τί

1018 318 1096 344 φησι·
1121 307 1179 335 Ζῶν
1201 306 1251 346 γὰρ
1274 307 1375 347 ὁλόγος
1389 311 1433 337 τοῦ
1452 309 1521 337 Θεοῦ
1537 308 1582 336 καὶ
1597 308 1716 347 ἐνεργὴς,
1737 310 1782 338 καὶ

1017 352 1162 391 τομώτερος
1184 352 1248 391 ὑπὲρ
1271 358 1358 381 πᾶσαν
1378 353 1510 393 μάχαιραν
1534 353 1663 392 δίστομον.
1688 355 1782 391 Πᾶσης

1015 397 1065 436 γὰρ
1092 398 1225 437 μαχαίρας
1245 398 1428 438 χαλεπώτερον
1450 401 1486 432 εἷς
1508 399 1554 432 τὰς
1579 400 1676 429 τούτων
1698 401 1780 438 ἐμπί-

1015 454 1086 471 πτων
1112 444 1197 482 ψυχὰς
1219 446 1232 472 ὁ
1254 443 1345 482 λόγος,
1367 444 1470 483 πληγὰς
1493 445 1629 484 ἐργάζεται
1653 445 1781 484 χαλεπὰς,

1015 488 1060 517 καὶ
1084 490 1187 528 καιρίας
1210 489 1299 518 δίδωσι
1325 490 1416 528 τομάς.
1447 490 1498 519 Καὶ
1522 491 1618 520 τούτων
1640 491 1687 527 τὴν
1710 491 1780 521 ἀπό-

1015 535 1090 568 δειξιν
1119 537 1147 564 οὐ
1175 537 1257 565 δεῖται
1275 536 1434 575 Ῐπαρασχεῖν
1443 559 1453 572 ,
1486 537 1543 566 οὐδὲ
1572 538 1779 574 κατασκευάσαι,

1013 581 1081 620 ἔχων
1095 581 1163 610 οὕτω
1175 581 1222 616 τὴν
1238 585 1248 597 “
1259 582 1378 620 διήγησιν
1398 582 1518 622 φανεράν.
1545 583 1623 615 Ποῖος
1636 583 1688 622 γὰρ
1698 583 1779 612 πόλε-

1015 638 1061 664 μος
1083 627 1193 660 ἐκείνους
1219 628 1355 664 ἀπώλεσε,
1379 628 1458 667 φησι-ἴς
1484 627 1547 657 ποία
1576 628 1708 667 μάχαιρα;
1731 629 1779 668 οὐχ

1014 672 1102 706 ἁπλῶς
1122 674 1263 712 αὐτόματοι
1286 674 1461 709 κατέπιπτον;
1486 673 1533 709 Μὴ
1549 668 1606 710 οὖν,
1628 674 1717 710 ἐπειδὴ
1740 675 1776 712 μὴ

1012 717 1142 756 ἐπάθομεν
1158 718 1191 747 τὰ
1205 719 1280 755 αὐτὰ,
1293 720 1516 759 ἀμεριμνῆσωμεν
1525 731 1532 738 ·
1548 719 1640 759 μέχρις
1650 715 1678 749 οῧ
1689 719 1719 749 τὸ
1732 720 1778 756 σή-

1013 775 1090 802 μερον
1113 764 1233 804 λέγεται,
1257 765 1355 798 ἔξεστιν
1378 768 1441 804 ἡμῖν
1469 765 1676 800 ἀνακτήσασθαι.
1706 766 1776 795 Ἀλλ’

1012 808 1067 838 ἐπεὶ
1084 809 1164 842 οὕτως
1184 805 1254 839 εἶπεν
1266 833 1273 847 ,
1290 810 1332 840 ἵνα
1355 812 1390 849 μὴ
1412 810 1443 839 τὰ
1461 813 1507 846 τῆς
1519 812 1606 850 ψυχῆς
1620 810 1778 844 ἀκούσαντες

1012 856 1183 895 ῥαθυμήσωσι
1193 880 1200 893 ,
1213 857 1368 896 προστίθησι
1379 857 1467 885 καὶτὰ
1478 860 1522 885 τοῦ
1535 857 1666 895 σώματος,
1680 857 1776 893 δηλῶν,

1011 901 1051 931 ὅτι
1066 902 1184 942 καθάπερ
1194 915 1233 935 τις
1248 902 1369 941 βασιλεὺς
1382 903 1509 942 ἄρχοντας
1519 903 1683 941 ἁμαρτόντας
1695 904 1776 942 μεγά-

1010 949 1044 977 λα
1055 971 1061 983 ,
1078 948 1203 987 πρότερον
1219 950 1364 988 ἀπογυμνοῖ
1376 944 1426 977 οἷον
1440 951 1486 983 τῆς
1501 947 1647 988 στρατείας,
1660 944 1716 977 εἶτα
1728 948 1776 984 τὴν

1011 993 1093 1029 ζώνην
1112 994 1285 1033 ἀφελόμενος,
1310 994 1355 1023 καὶ
1376 993 1405 1022 τὸ
1421 993 1540 1032 ἀξίωμα,
1557 993 1660 1023 καὶτὸν
1675 994 1777 1034 κήρυκα

1009 1040 1262 1078 παραστησάμενος,
1277 1040 1335 1069 τότε
1350 1040 1471 1073 κολάζει·
1487 1039 1554 1068 οὕτω
1568 1039 1612 1069 καὶ
1629 1042 1674 1069 τοῦ
1687 1039 1776 1068 Πνεύ-

1011 1097 1092 1122 ματος
1103 1088 1119 1120 ἠ
1137 1085 1256 1125 μάχαιρα
1269 1086 1328 1114 τότε
1347 1086 1492 1125 ἐργάζεται.
1513 1080 1579 1114 Εἶτα
1593 1088 1670 1114 τοῦτο
1686 1083 1776 1119 εἰπὼν,

1010 1132 1188 1171 φοῧερώτερον
1203 1131 1241 1160 ἔτι
1258 1132 1301 1160 τὸν
1316 1131 1391 1170 λόγον
1405 1133 1496 1167 ποιῶν,
1513 1131 1630 1170 περὶτοῦ
1641 1131 1706 1160 Υἱοῦ
1718 1130 1777 1159 δια-

1010 1177 1133 1216 λέγεται,
1149 1177 1195 1206 καί
1206 1189 1285 1216 φησι·
1301 1177 1372 1217 Πρὸς
1384 1177 1410 1206 ὃν
1425 1179 1488 1215 ἡμῖν
1503 1179 1516 1205 ὁ
1531 1177 1614 1216 λόγος.
1637 1175 1705 1206 Ἀντὶ
1718 1179 1775 1213 τοῦ,

1010 1225 1080 1263 αὐτῷ
1107 1224 1235 1261 μέλλομεν
1261 1224 1347 1252 δοῦναι
1373 1223 1478 1255 εὐθύνας
1498 1224 1548 1251 τῶν
1573 1222 1776 1262 πεπραγμένων.

1009 1271 1111 1298 Οὐκοῦν
1145 1269 1181 1307 μὴ
1214 1268 1387 1307 ἀναπέσωμεν
1401 1290 1408 1303 ,
1437 1269 1503 1307 μηδὲ
1530 1267 1775 1307 ὀλιγοψυχήσωμεν.

1008 1313 1099 1343 Ἱκανὰ
1114 1314 1161 1352 μὲν
1179 1310 1221 1343 οἶν
1236 1314 1280 1343 καὶ
1294 1314 1327 1343 τὰ
1343 1313 1468 1353 εἰρημένα
1485 1314 1640 1342 παιδεῦσαι·
1656 1315 1670 1342 ὁ
1685 1312 1713 1342 δὲ
1729 1314 1775 1342 οὔκ

1009 1362 1137 1400 ἀρκεῖται,
1153 1359 1211 1389 ἀλλ’
1226 1360 1264 1388 ἔτι
1278 1359 1433 1399 προστίθησι
1447 1359 1531 1398 λέγων
1541 1370 1546 1376 ·
1558 1358 1676 1398 ’Έχομεν
1689 1357 1716 1386 δὲ
1727 1357 1772 1386 καὶ

1008 1406 1132 1445 ἀρχιερέα
1144 1406 1225 1444 μέγαν
1234 1428 1241 1441 ,
1257 1405 1427 1441 διεληλυθότα
1438 1404 1497 1438 τοὺς
1515 1403 1649 1445 οὐρανοὺς,
1669 1403 1771 1439 Ἰησοῦν

1007 1451 1051 1480 τὸν
1069 1452 1131 1480 Υἱὸν
1148 1454 1193 1479 τοῦ
1207 1452 1286 1480 Θεοῦ.

1015 1735 1071 1752 nem
1094 1727 1228 1752 confirmat
1250 1727 1381 1751 Mutianus.
1400 1727 1466 1751 Hine
1484 1726 1508 1750 in
1521 1724 1614 1752 Codice
1624 1724 1771 1750 Colbertino

246 1738 255 1749 ²
275 1728 434 1753 Colbcrtinus
447 1730 543 1759 ‹3:⁷1me
556 1731 660 1762 ροζεράυ,
674 1733 748 1759 atque
762 1726 796 1750 ita
810 1726 869 1759 legit
883 1728 965 1751 Inter-

1016 1775 1122 1799 magnus
1132 1772 1169 1791 est
1181 1765 1272 1792 hiatus,

213 1776 294 1801 pretes
305 1769 417 1793 Latinus.
429 1768 459 1792 In
468 1767 548 1791 Editis
561 1770 658 1799 διήγησιν
670 1771 774 1801 φανεράν,
788 1774 863 1799 quam
876 1765 965 1791 lectio-

630 1865 801 1893 MUTtANO
823 1864 1073 1893 SCHOLASTICO
1094 1863 1345 1893 INTERPRETE.

213 1948 355 1978 dissoluta
368 1957 463 1986 genua
479 1947 587 1985 erigite.
603 1946 647 1973 Ne
667 1947 697 1973 in
721 1945 847 1983 idipsum
869 1944 1033 1982 exemplum
1057 1945 1122 1982 quis
1145 1943 1256 1971 incidat
1266 1954 1277 1976 ,⁴
1293 1941 1342 1971 hoc
1356 1941 1426 1970 enim
1442 1947 1480 1970 est
1494 1951 1585 1972 revera
1600 1941 1703 1971 cadere.
1728 1941 1768 1970 Ne

212 1995 308 2024 deinde
321 1993 432 2022 audiens
440 1992 581 2031 quisquam
597 1991 623 2019 in
638 1990 753 2030 idipsum
765 1990 918 2030 exemplum
929 1989 1057 2025 incidere,
1068 1988 1189 2018 eamdem
1201 1995 1314 2018 mortem
1325 1988 1505 2027 suspicaretur
1513 1998 1595 2026 quam
1606 1994 1631 2016 et
1644 1987 1685 2016 illi
1696 1987 1767 2026 passi

213 2049 289 2078 sunt,
301 2040 408 2070 attende
421 2039 489 2078 quid
499 2039 571 2068 dixit
583 2052 587 2066 :
603 2040 690 2067 Vivus
700 2040 776 2066 enim
791 2045 833 2067 cst
847 2048 940 2067 sermo
955 2038 1013 2066 Dei
1028 2043 1054 2066 et
1070 2037 1191 2075 efficax,
1207 2042 1233 2064 et
1254 2035 1464 2074 penetrabilior
1477 2044 1562 2073 super
1576 2044 1691 2063 omnem
1702 2035 1767 2074 gla-

213 2090 293 2118 clinm
305 2089 469 2126 ancipitem.
485 2085 566 2115 Omni
581 2084 680 2124 quippe
694 2084 782 2122 gladio
800 2084 895 2114 saevior
910 2090 948 2113 est
958 2083 998 2112 :in
1012 2093 1104 2112 eorum
1120 2092 1234 2120 namque
1249 2081 1351 2110 animas
1365 2079 1465 2108 incidet
1479 2089 1574 2114 sermo,
1586 2080 1677 2118 plagas
1688 2089 1767 2118 quas-

213 2136 275 2165 dam
289 2144 401 2175 operans
416 2144 509 2171 saeva5‚
525 2140 550 2162 et
564 2132 724 2172 perniciosas
739 2131 877 2160 incisiones
891 2132 1027 2170 importat.
1042 2129 1077 2158 Et
1090 2129 1187 2158 harum
1204 2139 1293 2157 rerum
1312 2126 1564 2156 demonstrationem
1576 2126 1704 2155 adhibere
1715 2136 1767 2155 non

215 2194 281 2219 opus
293 2182 383 2217 habet,
395 2191 480 2219 neque
491 2180 620 2210 conficere
636 2179 810 2208 necessarium
826 2186 912 2218 putat,
921 2179 1023 2208 habens
1037 2185 1091 2206 tam
1107 2177 1273 2206 manifestam
1285 2174 1472 2204 narrationem.
1485 2173 1571 2210 Quale
1585 2183 1700 2212 namque
1711 2173 1768 2203 bel-

216 2232 283 2268 lum,
298 2229 397 2268 inquit,
413 2228 474 2257 illos
488 2226 629 2267 perdidit?
641 2226 728 2265 qualis
745 2226 872 2264 gladius?
884 2237 970 2255 nonne
984 2226 1055 2254 ultro
1072 2223 1255 2254 corruebant?
1270 2223 1329 2252 Non
1344 2223 1415 2251 enim
1438 2221 1502 2260 quia
1522 2221 1587 2250 talia
1608 2231 1661 2250 non
1675 2231 1767 2250 sumus

216 2276 296 2316 passi,
315 2275 399 2304 securi
412 2284 467 2302 esse
480 2273 608 2302 debemus
620 2284 626 2300 :
637 2283 772 2310 usquequo
787 2272 857 2300 enim
873 2272 952 2301 hodie
966 2272 1078 2310 dicitur,
1093 2271 1156 2300 licet
1168 2270 1244 2299 nobis
1257 2268 1381 2298 recreari.
1399 2268 1434 2297 Et
1450 2278 1492 2303 ne,
1511 2267 1647 2296 audientes
1662 2277 1719 2306 quae
1733 2267 1770 2296 ad

215 2323 333 2351 animam
347 2320 526 2361 pertinebant,
544 2318 707 2357 negligentes
723 2318 902 2353 efficerentur,
920 2318 1026 2347 addidit
1041 2328 1071 2346 ea
1085 2328 1144 2356 quae
1166 2315 1200 2345 ad
1215 2325 1311 2355 corpus
1329 2314 1557 2344 attinc1·ent:tunc
1576 2312 1646 2342 enim
1667 2312 1706 2342 sic
1718 2313 1768 2344 fit:

216 2371 284 2399 sicut
299 2380 346 2398 rex
362 2368 461 2407 aliquis
471 2366 577 2407 judices
591 2376 652 2395 suos
666 2366 768 2406 majora
783 2373 931 2405 peceanteS,
949 2366 1069 2405 primum
1083 2364 1193 2403 quidem
1207 2363 1305 2403 spoliat
1319 2362 1428 2400 militia,
1441 2368 1467 2390 et
1486 2360 1624 2400 cingulum
1635 2359 1721 2389 aufert
1737 2371 1768 2389 ac

216 2416 385 2454 dignitatem,
395 2421 421 2442 et
433 2420 496 2442 tunc
513 2411 652 2441 ulciscitur
665 2424 672 2440 ε
685 2411 724 2440 sic
736 2411 815 2440 etiam
832 2411 877 2439 liic
891 2411 996 2450 gladius
1010 2411 1128 2451 Spiritus
1141 2417 1275 2450 operatur.
1288 2410 1351 2438 Post
1364 2408 1415 2436 boc
1425 2408 1483 2447 jam
1496 2406 1530 2435 de
1544 2405 1615 2435 Filio
1633 2405 1767 2446 disputat:

218 2463 271 2491 Ad
283 2472 365 2501 quem
379 2462 472 2495 nolus,
489 2459 587 2498 inquit,
601 2468 694 2488 sermo
704 2464 755 2487 est.
765 2457 840 2493 Quid
854 2465 892 2486 est
902 2480 909 2493 ,
921 2458 973 2486 Aa
989 2468 1074 2497 quem
1089 2459 1171 2486 nobis
1185 2466 1278 2485 sermo
1293 2457 1357 2484 est?
1371 2454 1428 2483 Hoc
1442 2459 1491 2489 est,
1508 2451 1574 2492 Ipsi,
1586 2451 1687 2491 inquit,
1699 2451 1767 2481 red-

216 2509 301 2538 dituri
318 2518 409 2537 sumus
424 2507 551 2536 rationem
567 2513 675 2535 actuum
689 2512 850 2535 nostrorum.
867 2505 902 2534 Et
926 2506 1060 2544 quomodo
1071 2507 1121 2535 hoc
1137 2505 1188 2534 fit?
1204 2505 1241 2534 Ut
1256 2513 1308 2533 non
1323 2501 1460 2536 cadamus,
1477 2499 1575 2538 inquit,
1584 2509 1668 2538 neque
1682 2498 1768 2539 pusil-

218 2556 328 2585 lanimes
344 2554 493 2583 efficiamur
505 2565 510 2580 z
521 2553 686 2582 sufficienter
697 2552 806 2591 quidem
821 2552 902 2581 eniam
917 2552 963 2581 illa
977 2563 1035 2592 nos,
1049 2553 1146 2591 inquit,
1162 2551 1265 2581 docent.
1279 2551 1428 2579 Habemus
1438 2552 1536 2577 autem
1546 2552 1574 2576 et
1588 2546 1768 2576 sacerdotem

220 2613 355 2641 magnum
371 2604 527 2630 intrantem
540 2601 635 2635 coelos,
646 2601 745 2630 Jesum
759 2600 869 2629 Filium
886 2600 951 2629 Dei.
