1886 2846
219 184 261 225 '74
555 194 583 215 S.
613 193 750 216 JOtNNJs
777 193 957 216 Cttttx'sos'r.

219 254 346 293 oportuit,
365 261 389 282 ct
412 254 515 282 tandein
542 261 580 282 est
601 261 739 282 mortuus:
756 254 805 282 hoc
828 260 875 289 est,
896 255 955 282 Per

219 302 318 328 omnia
338 300 497 328 similatum
510 309 569 327 esse
581 300 732 337 fratribus.
746 299 813 327 Nam
829 299 953 336 quoniam

220 346 301 374 inulta
316 345 386 374 dixit
407 345 440 373 de
458 346 513 384 ejus
532 346 667 383 majestate
681 352 706 373 et
722 355 833 383 superna
851 344 933 383 gloria
947 367 953 379 ,

218 391 251 420 de
271 399 364 420 caetero
379 391 460 420 verba
480 392 541 420 facit
559 391 592 420 de
605 391 808 430 dispensatione.
822 391 893 419 Vide
907 401 953 417 au-

219 444 270 465 tent
287 448 346 465 cum
361 444 458 475 quanta
477 437 616 477 prudentia
629 443 653 464 et
665 436 705 472 vi,
718 434 851 473 quomodo
865 435 954 474 ipsum

218 485 337 513 ostendat
350 495 477 524 magnum
488 485 614 513 adhibere
628 483 746 512 studium
761 489 788 510 ut
803 482 878 510 nobis
889 482 953 510 assi-

219 531 327 559 miletur
340 531 429 569 :qnod
452 531 560 569 quidem
575 536 629 558 erat
646 539 746 567 magnae
767 538 836 556 curre
851 534 875 555 et
890 538 951 566 pro-

218 577 353 605 videmiae.
370 579 438 606 Nam
451 588 511 605 cnm
526 577 637 605 dixisset
648 574 778 613 superius,
797 574 873 612 Quia
886 584 954 612 pue-

217 625 243 651 ri
257 625 540 652 connnunicasrernnz
555 623 638 650 carni
657 628 684 650 et
698 622 843 659 sanguini,
857 626 884 648 et
895 622 954 659 ipse

217 670 351 697 similiter
358 670 544 707 participavit
559 668 664 695 eisdem
674 679 684 699 ;
700 665 744 693 hic
758 675 864 703 quoque
875 665 952 704 dicit,

219 716 275 743 Per
285 717 384 743 omnia
398 715 557 742 similatum
569 723 629 741 esse
641 713 796 751 fratribus,
811 721 954 751 propemo-

216 758 281 786 dum
296 758 467 792 dicens:Qui
480 764 517 785 est
533 757 598 785 adeo
619 767 740 796 magnus,
752 757 799 794 qui
816 763 854 785 est
864 757 953 796 splen—

216 805 265 832 dor
277 805 378 842 gloriae,
391 804 436 841 qui
452 810 488 832 est
502 803 637 832 character
651 802 817 839 substantiae,
832 803 877 842 qui
892 804 954 832 fecit

214 851 324 885 scocula,
337 850 381 888 qui
397 849 467 878 sedet
484 849 517 878 ad
532 849 669 878 dexteram
684 850 781 887 Patris,
791 850 813 878 is
827 850 914 879 voluit
928 857 953 879 et

214 895 333 924 studium
341 895 429 934 posuit
439 902 467 923 ut
478 895 557 924 frater
565 903 653 925 noster
662 896 734 925 fieret
743 897 768 925 in
778 896 902 926 omnibus
910 909 917 934 ς
926 905 952 926 et

214 941 272 969 ideo
286 941 388 969 dimisit
401 941 508 980 angelos
522 948 546 970 et
561 952 688 981 supernas
702 949 842 982 potestates
851 965 859 978 ‚
877 950 902 972 et
916 943 950 972 ad

213 998 258 1015 nos
267 986 443 1023 descendit,et
451 997 498 1016 nos
506 987 691 1027 apprehendit.
700 988 838 1027 Perpende
846 995 948 1017 autem:

211 1033 279 1061 bona
290 1033 351 1062 fecit
363 1033 576 1069 innumerabilia,
589 1041 700 1063 mortem
711 1035 805 1073 fregit,
818 1045 833 1063 a
847 1034 948 1064 diaboli

212 1079 353 1118 tyrannide
363 1089 409 1108 nos
417 1079 544 1119 eripuit,a
552 1080 680 1108 servitute
691 1090 738 1108 nos
749 1080 886 1108 liberavit:
896 1091 947 1109 non

211 1125 296 1153 solum
317 1125 480 1153 fraternitate
500 1125 652 1159 honoravit,
669 1124 713 1153 sed
730 1125 809 1154 etiam
826 1125 886 1154 aliis
902 1126 947 1154 in-

211 1171 432 1200 numerabilibus.
450 1170 545 1199 Voluit
560 1181 614 1200 esse
634 1178 721 1200 noster
736 1172 857 1211 pontifex
875 1172 947 1211 apud

210 1217 333 1251 Patrem3
353 1216 491 1255 subjungit
511 1216 581 1245 enim
597 1229 602 1244 :
619 1218 657 1245 Ut
681 1219 841 1246 misericors
857 1218 948 1257 fieret

208 1263 346 1302 etfidelis
356 1263 497 1300 Pontifex
511 1263 552 1291 ad
564 1264 667 1291 Deum.
678 1263 819 1302 Propterea
829 1286 836 1300 ,
848 1264 944 1302 inquit,

209 1319 313 1337 carnem
335 1315 450 1337 nostram
469 1309 598 1348 suscepit,
624 1316 731 1348 propter
754 1309 946 1348 benignitatem

209 1356 295 1384 solum
309 1363 335 1384 et
353 1355 533 1391 clementiam,
549 1363 577 1384 ut
593 1356 676 1384 nostri
694 1356 870 1386 misereretur.
886 1357 944 1385 Non

209 1407 247 1429 est
261 1401 331 1429 enim
345 1401 396 1429 alia
411 1401 615 1440 dispensationis
625 1412 703 1430 causa
716 1412 795 1440 quam
804 1402 861 1431 haec
871 1403 925 1432 sola
938 1414 942 1429 :
963 1405 980 1427 D

208 1446 277 1475 vidit
298 1447 399 1486 quippe
420 1458 467 1475 nos
487 1447 563 1476 humi
581 1448 706 1486 abjectos,
724 1455 873 1486 pereuntes,
890 1455 915 1476 et
931 1459 944 1476 a

209 1493 300 1521 mortis
325 1502 464 1531 oppressos
488 1493 645 1531 tyrannide,
659 1499 683 1521 et
702 1493 825 1521 misertus
844 1500 890 1522 est.
909 1495 945 1522 Ut

208 1540 421 1576 repropitiaret,
433 1538 530 1576 iuquit,
547 1539 654 1567 delicta
666 1539 774 1577 populi.
788 1540 826 1567 Ut
838 1541 945 1568 miseri—

243 1643 254 1653 *
273 1642 346 1673 [sav.
362 1645 453 1668 δείκνυσι
467 1646 510 1677 γὰρ
524 1646 590 1668 αὐτὸν
603 1655 638 1672 m,
651 1649 673 1666 et
687 1651 744 1667 mox
758 1646 823 1669 εἰπὼν
836 1642 885 1676 ὖὲ.]

243 1690 252 1699 ²¹
273 1680 391 1713 [Addunt
413 1683 440 1706 Λ.
459 1682 486 1705 Β.
508 1687 532 1705 et
553 1680 674 1705 Commel.
700 1685 736 1706 mci
756 1686 828 1715 μυρία
847 1685 966 1715 εἰργάαατο

209 1725 275 1745 νικά.
290 1720 322 1744 Et
335 1729 392 1743 mox
406 1719 539 1747 Mutianus,
563 1720 691 1744 diabolum
712 1729 743 1744 ex
767 1721 905 1752 tyrannide
921 1730 966 1744 ex-

991 194 1006 214 Λ
1015 192 1129 215 RCHIEP
1137 207 1143 214 .
1173 192 1234 214 CON
1241 192 1426 218 STANTINOP
1433 211 1440 218 .

1011 255 1100 292 ἐχρῆν,
1117 253 1189 285 τέλος
1204 253 1332 282 ἀπέθανε’
1347 256 1423 284 τοῦτό
1437 258 1507 292 ἐστι,
1528 258 1603 286 Κατὰ
1618 258 1704 286 πάντα
1721 261 1776 289 τοῖς

1010 299 1130 336 ἀδελφοῖς
1158 300 1327 336 ὁμοιωθῆναι.
1344 299 1456 337 Ἐπειδὴ
1478 302 1528 341 γὰρ
1547 303 1632 332 πολλὰ
1654 302 1775 342 διελέχθη

1009 343 1068 381 περὶ
1079 345 1125 377 τἿς
1137 343 1339 381 μεγαλειότητος
1349 346 1427 374 αὐτοῦ
1441 347 1485 375 καὶ
1496 351 1542 383 τῆς
1553 348 1607 377 ἅνω
1620 348 1695 383 δόξης
1705 371 1712 384 ,
1723 350 1777 377 λοι-

1008 389 1056 417 πὸν
1071 389 1114 417 τὸν
1128 389 1189 428 περὶ
1200 391 1247 424 τῆς
1261 391 1409 428 οἰκονομίας
1419 392 1496 430 λόγον
1508 398 1573 422 κινεῖ
1582 406 1587 411 ·
1600 394 1646 422 καὶ
1657 394 1703 423 Θέα
1718 395 1775 431 μεθ’

1008 434 1071 469 ὅσης
1088 434 1214 468 συνέσεως
1238 435 1283 463 καὶ
1301 436 1448 474 δυνάμεως,
1468 439 1482 452 *
1493 441 1548 471 πῶς
1569 440 1643 468 αὐτὸν
1660 439 1776 468 δείκνυσι

1009 480 1108 515 πολλὴν
1116 481 1248 519 τιθέμενον
1259 481 1306 516 τὴν
1319 482 1434 518 σπουδὴν
1445 483 1512 513 ὥστε
1523 488 1584 522 ἡμῖν
1598 487 1774 523 ὁμοιωθῆναι·

1009 526 1072 566 ὅπερ
1091 526 1248 565 κηδεμονίας
1267 523 1298 562 ἦν
1322 529 1430 563 πολλῆς.
1454 529 1545 558 Εἰπὼν
1566 530 1617 569 γὰρ
1636 530 1774 570 ἀνωτέρω,

1008 572 1086 601 Ἐπεὶ
1102 568 1145 601 οὖν
1159 573 1191 601 τὰ
1206 572 1300 602 παιδία
1314 574 1504 609 κεκοινώνηκεν
1520 575 1630 614 αἵματος
1646 576 1690 604 καὶ
1705 587 1774 615 σαρ-

1008 618 1065 654 κὸς,
1078 618 1122 647 καὶ
1136 618 1211 650 αὐτὸς
1224 619 1417 657 παραπλησίως
1429 620 1540 660 μετέσχε
1555 623 1606 649 τῶν
1622 622 1718 657 αὐτῶν,
1729 621 1774 650 καὶ

1007 664 1118 693 ἐνταῦθα
1130 676 1204 703 φησι,
1217 664 1294 692 Κατὰ
1305 665 1391 693 πάντα
1402 669 1455 698 τοῖς
1467 666 1587 705 ἀδελφοῖς
1599 668 1772 704 ὁμοιωθῆναι·

1009 710 1146 748 μονονουχὶ
1167 709 1290 748 λέγων,ὁ
1304 710 1372 739 οὕτω
1393 711 1488 749 μέγας,
1509 713 1523 740 ὁ
1546 712 1582 740 ὢν
1608 711 1773 750 ἀπαύγασμα

1007 757 1054 790 τῆς
1076 754 1163 790 δόξης,
1175 757 1188 783 ὁ
1206 754 1241 783 ὧν
1261 755 1401 794 χαρακτὴρ
1415 759 1462 791 τῆς
1474 757 1656 792 ὑποστάσεως,
1679 759 1692 785 ὁ
1712 757 1772 789 τοὺς

1009 802 1104 833 αἷῶνας
1120 800 1286 836 πεποιηκὼς,
1305 803 1318 830 ὁ
1333 802 1359 829 ἐν
1381 801 1452 841 δεξιᾷ
1463 805 1508 831 τοῦ
1530 802 1635 841 Πατρὸς
1649 802 1772 841 καθήμε-

1006 859 1062 881 νος,
1076 841 1149 879 οἶτος
1163 847 1275 880 ἠθέλησε
1296 847 1341 875 καὶ
1356 848 1516 876 ἐσπούδασεν
1533 849 1641 888 ἀδελφὸς
1657 851 1732 886 ἡμῶν
1744 850 1770 877 ἐν

1005 892 1089 921 ἅπασι
1110 892 1243 930 γενέσθαι,
1259 891 1303 920 καὶ
1326 892 1369 920 διὰ
1392 895 1468 921 τοῦτο
1484 893 1608 932 ἀγγέλους
1623 895 1709 932 ἀφῆκε
1726 893 1771 922 καὶ

1003 938 1049 971 τὰς
1061 939 1116 967 ἄνω
1129 938 1266 976 δυνάμεις,
1276 938 1322 966 καὶ
1336 938 1400 977 πρὸς
1411 941 1483 976 ἡμᾶς
1493 939 1607 974 κατῆλθε
1616 961 1623 975 ,
1638 938 1683 968 καὶ
1694 941 1771 977 ἡμῶν

1003 983 1146 1013 ἐπελάὸετο
1155 987 1175 1012 ³.
1198 983 1298 1013 Σκόπει
1321 983 1348 1012 δὲ
1371 984 1416 1012 καὶ
1433 984 1481 1013 ὅσα
1503 984 1643 1023 εἰργάσατο
1664 984 1751 1023 ἀγαθά
1764 997 1770 1002 ·

1003 1030 1112 1059 θάνατον
1128 1029 1217 1064 ἔλυσε,
1229 1031 1273 1058 τοῦ
1290 1029 1412 1058 διαὸόλου
1427 1032 1473 1064 τῆς
1485 1030 1636 1070 τυραννίδος
1649 1029 1770 1063 ἐξέὸαλεν

1001 1078 1083 1113 ἡμᾶς,
1103 1074 1218 1107 δουλείας
1232 1074 1391 1111 ἀπήλλαξεν,
1406 1075 1514 1114 ἀδελφὸς
1526 1076 1662 1114 γενόμενος
1674 1076 1770 1114 ε’τίμη-

1002 1133 1043 1151 σεν
1055 1133 1060 1139 ·
1076 1123 1104 1150 οὐ
1119 1123 1150 1159 τῇ
1172 1121 1328 1159 ἀδελφότητι
1344 1120 1371 1149 δὲ
1391 1120 1467 1158 μόνον
1481 1121 1633 1159 τετίμηκεν,
1645 1121 1713 1150 ἀλλὰ
1725 1121 1770 1150 καὶ

1001 1167 1098 1207 ἑτέροις
1119 1166 1234 1205 μυρίοις·
1258 1165 1302 1194 καὶ
1326 1165 1376 1205 γὰρ
1398 1166 1533 1206 ἀρχιερεὺς
1548 1168 1624 1204 ἡμῶν
1649 1166 1770 1205 γενέσθαι

999 1214 1111 1248 ἠθέλησε
1125 1213 1190 1252 πρὸς
1202 1213 1244 1241 τὸν
1257 1212 1366 1252 Πατέρα
1375 1225 1380 1230 ·
1397 1213 1489 1251 ἐπάγει
1499 1213 1564 1252 γὰρ,
1578 1212 1638 1242 Ἵνα
1648 1213 1768 1251 ἐλεήμων

999 1260 1107 1298 γένηται
1123 1259 1168 1288 καὶ
1184 1258 1275 1291 πιστὸς
1289 1258 1425 1297 ἀρχιερεὺς
1443 1258 1477 1287 τὰ
1492 1259 1556 1297 πρὸς
1568 1259 1611 1287 τὸν
1626 1258 1704 1287 Θεόν.
1717 1258 1769 1287 Διὰ

998 1307 1086 1340 τοῦτο,
1106 1304 1185 1343 φησὶ,
1208 1303 1255 1338 τὴν
1277 1303 1361 1342 σάρκα
1379 1304 1491 1332 ἀνέλαὸε
1507 1304 1555 1339 τὴν
1569 1303 1711 1342 ἡμετέραν,
1728 1304 1770 1332 διὰ

999 1350 1196 1389 φιλανθρωπίαν
1222 1349 1309 1387 μόνον,
1331 1349 1374 1377 ἵνα
1401 1349 1497 1388 ἐλεήσῃ
1523 1352 1603 1387 ἡμᾶς.
1626 1349 1696 1378 Οὐδὲ
1717 1349 1769 1389 γάρ

999 1398 1068 1424 ἐστιν
1084 1396 1151 1430 ἄλλη
1165 1407 1204 1427 τις
1228 1394 1299 1422 αἰτία
1314 1396 1361 1428 τῆς
1381 1394 1546 1432 οἰκονομίας,
1564 1394 1581 1430 ἢ
1597 1394 1664 1433 μόνη
1685 1395 1768 1430 αὕτη·

998 1437 1048 1470 εἶδε
1063 1440 1115 1481 γὰρ
1129 1440 1215 1479 χαμαὶ
1227 1439 1414 1479 ἐρριμμένους,
1431 1440 1627 1479 ἀπολλυμένους
1639 1463 1646 1475 ,
1662 1440 1713 1469 ὑπὸ
1723 1444 1768 1469 τοῦ

999 1489 1109 1518 Θανάτου
1120 1489 1339 1527 τυραννουμένους
1348 1511 1355 1522 ,
1366 1489 1410 1517 καὶ
1425 1488 1545 1524 ἠλέησεν.
1559 1490 1606 1522 Εἷς
1620 1490 1650 1518 τὸ
1664 1489 1768 1518 ἱλάσκε-

999 1542 1073 1574 σθαι,
1095 1538 1175 1576 φησι,
1196 1537 1242 1569 τὰς
1268 1537 1398 1577 ἁμαρτίας
1414 1539 1458 1565 τοῦ
1478 1538 1559 1573 λαοῦ,
1579 1536 1621 1564 ἵνα
1647 1536 1766 1575 ἐλεήμων

1015 1643 1104 1672 clusit,
1120 1650 1166 1665 nos
1177 1641 1208 1665 de
1220 1647 1280 1672 οἱα,
1293 1640 1431 1666 secundnm
1450 1641 1583 1666 lectionem
1595 1650 1666 1675 marg
1689 1641 1765 1666 Savil.

1017 1687 1054 1708 τὸν
1064 1684 1124 1707 ὃιαΰ.
1138 1687 1178 1710 τῆς
1188 1693 1237 1716 τυρ-
1250 1684 1359 1712 &iesus-2,
1374 1685 1434 1713 ἡμᾶς
1447 1682 1520 1713 flavin]

630 1823 804 1852 MUTIANO
826 1823 1078 1854 SCHOLASTICO
1099 1823 1348 1854 INTERPRETE.

208 1923 367 1950 Secundum
383 1923 634 1961 onzrziafratribus
647 1923 780 1950 similari.
793 1923 928 1958 Quoniam
939 1923 1041 1962 quippe
1054 1924 1137 1952 multa
1149 1924 1220 1952 dixit
1233 1923 1266 1952 de
1278 1925 1414 1963 majestate
1428 1923 1513 1963 ipsius
1524 1931 1549 1952 et
1560 1924 1696 1963 superiore
1710 1924 1765 1962 glo-

208 1968 326 2008 ria‚jam
346 1969 379 1997 de
394 1968 590 2008 dispensatione
609 1976 697 1997 movet
715 1979 872 1998 sermonem.
894 1969 927 1998 Et
949 1971 1162 2009 contemplemur
1184 1981 1245 1999 eum
1268 1977 1366 2009 quanta
1383 1970 1526 2010 sapientia,
1539 1969 1674 2009 quomodo
1689 1970 1766 1998 illum

207 2016 321 2044 ostendit
337 2016 450 2044 multum
465 2016 585 2045 studium
598 2017 758 2052 habentem,
774 2024 803 2045 ut
823 2017 899 2045 nobis
914 2017 1088 2052 similaretur,
1105 2017 1179 2056 qnod
1198 2018 1249 2046 suit
1263 2028 1355 2046 euram
1369 2017 1403 2046 de
1419 2017 1496 2046 nobis
1510 2017 1655 2057 plurimam
1670 2028 1765 2056 geren-

207 2064 248 2092 tis.
267 2064 363 2092 Dicens
383 2064 454 2092 cuim
475 2064 608 2103 superius,
627 2065 771 2102 Quoniam
783 2067 866 2103 pueri
885 2067 1173 2093 communicaverunt
1190 2067 1274 2094 carni
1288 2072 1314 2093 et
1330 2067 1477 2103 sanguini,
1495 2071 1523 2092 et
1541 2067 1602 2103 ipse
1624 2065 1762 2093 similiter

206 2113 395 2150 participatus
410 2118 452 2140 est
463 2113 570 2140 eisdem
584 2123 590 2138 .·
603 2118 627 2140 et
645 2112 689 2140 hic
706 2112 795 2147 dixit,
813 2113 975 2141 Secundum
991 2113 1247 2151 omniafratribus
1261 2112 1408 2140 similari:
1423 2112 1499 2150 quasi
1514 2111 1623 2147 dicens,
1637 2111 1693 2146 Qui
1709 2118 1763 2140 tam

209 2169 319 2196 magnus
334 2166 386 2195 est,
400 2159 445 2197 qni
462 2165 500 2187 est
515 2158 639 2198 splendor
653 2159 753 2198 gloriae‚
771 2159 816 2197 qui
832 2166 871 2188 est
885 2159 1020 2188 character
1032 2160 1203 2196 substantiae‚
1221 2159 1267 2197 qui
1281 2159 1377 2187 saecula
1392 2159 1465 2196 fecit,
1480 2159 1527 2197 qui
1542 2157 1615 2187 sedet
1628 2158 1655 2187 in
1668 2158 1764 2187 dextra

209 2206 305 2241 Patris,
316 2206 364 2234 iste
378 2206 463 2235 voluit
477 2213 502 2234 et
515 2206 619 2235 studuit
632 2206 713 2234 frater
723 2213 810 2235 noster
821 2206 847 2234 in
860 2207 984 2235 omnibus
997 2206 1064 2242 fieri,
1075 2213 1099 2235 et
1114 2213 1222 2246 propter
1237 2206 1288 2234 hoc
1300 2207 1407 2245 angelos
1422 2206 1530 2244 reliquit
1549 2212 1575 2234 et
1589 2205 1656 2234 alias
1668 2205 1764 2235 Virtu-

209 2258 255 2287 tes,
269 2259 292 2280 et
305 2252 337 2280 ad
349 2263 394 2281 nos
405 2252 552 2287 deseendit,
566 2259 590 2281 et
601 2263 648 2280 nos
659 2251 846 2291 apprehendit,
858 2259 883 2280 et
897 2251 986 2280 decom
1002 2252 1087 2280 millia
1102 2259 1226 2291 operatus
1237 2259 1275 2280 est
1288 2252 1357 2280 bona
1370 2263 1376 2279 :
1390 2258 1501 2279 mortem
1518 2251 1608 2286 solvit,
1623 2250 1764 2279 diabolum

209 2308 241 2325 ex
259 2298 400 2337 tyrannide
419 2299 543 2335 exclusit,
557 2309 604 2327 nos
618 2298 651 2326 de
667 2298 794 2327 servitute
809 2297 917 2333 eduxit,
932 2305 956 2326 et
972 2298 1107 2333 liberavit,
1126 2309 1173 2326 nos
1188 2308 1233 2326 sua
1249 2298 1412 2326 fraternitate
1426 2296 1568 2325 honoravit
1578 2319 1586 2331 ,
1603 2295 1650 2325 sed
1664 2303 1689 2325 et
1704 2296 1766 2325 aliis

210 2344 300 2372 decem
314 2345 434 2374 millibus
448 2357 452 2372 :
467 2346 602 2384 siquidem
616 2352 640 2374 et
655 2345 777 2374 sacerdos
791 2352 880 2374 noster
896 2345 952 2373 fleri
968 2345 1053 2373 voluit
1068 2345 1140 2384 apud
1151 2346 1255 2374 Patrem
1269 2357 1274 2372 :
1286 2345 1364 2373 infert
1378 2344 1459 2379 enim,
1472 2345 1509 2372 Ut
1524 2343 1764 2382 misericorsfiat,

210 2398 235 2418 et
245 2392 346 2429 fidelis
361 2393 495 2421 sacerdos
508 2395 539 2420 in
553 2394 598 2421 his
611 2403 676 2432 1711ae
689 2399 755 2421 sunt
768 2393 808 2420 ad
820 2393 923 2420 Deum.
937 2393 1047 2431 Propter
1062 2392 1112 2420 hoe
1122 2415 1129 2428 ‚
1142 2392 1239 2430 inquit,
1255 2402 1361 2420 earnem
1375 2391 1500 2419 assumsit
1515 2396 1643 2425 nostram,
1655 2396 1765 2428 propter

211 2437 418 2466 misericordiam
434 2440 526 2475 solam,
540 2446 567 2468 ut
584 2440 738 2468 misercatur
755 2439 847 2468 nostri.
868 2440 926 2467 Non
941 2439 1058 2467 estenim
1069 2439 1121 2467 alia
1138 2439 1269 2478 quaepiam
1288 2449 1365 2467 causa
1381 2437 1598 2477 dispensationis,
1612 2446 1693 2474 quam
1708 2436 1763 2464 haec

211 2484 263 2512 sola
277 2496 282 2510 :
296 2484 364 2512 vidit
374 2486 471 2524 qnippe
483 2487 559 2515 humi
570 2487 696 2526 jacent05‚
707 2493 845 2526 pereuntes
859 2497 872 2514 a
888 2493 980 2520 morte,
992 2486 1161 2526 tyrannidem
1176 2487 1312 2526 patientes,
1325 2493 1350 2514 et
1365 2485 1490 2514 misertus
1506 2491 1554 2512 est.
1574 2485 1613 2512 Ut
1624 2485 1763 2522 propilia—

210 2535 299 2561 retur,
315 2529 415 2566 inquit,
429 2535 553 2567 peccatis
569 2533 675 2571 populi,
697 2539 727 2561 ut
745 2534 905 2560 misericors
919 2532 1014 2569 fieret,
1030 2533 1167 2571 etfidelis
1184 2533 1332 2561 sacerdos.
1347 2531 1423 2568 Quid
1443 2538 1494 2566 est,
1507 2530 1641 2558 Fidelis?
1655 2530 1760 2567 Verus,
