1906 2846
451 182 483 205 IN
511 182 618 205 EPIST-

102 249 152 276 τῶν
166 247 248 286 ἔργων
260 243 506 282 ἐπιδειξαμένη.’“Ἱῖν
522 243 572 283 γὰρ
586 243 662 282 μόνον
679 245 795 279 ζητεῖται
807 242 870 280 παρ’

101 295 187 331 ἡμῶν,
202 293 231 321 το
246 292 289 321 ἐπὶ
305 297 385 320 πᾶσιν
400 293 565 330 εὐχαριστεῖν
580 292 618 330 τῷ
632 292 709 329 Θεῷ,
725 289 769 318 καὶ
783 288 870 318 πάντα

101 340 198 378 ἔχομεν
220 337 288 376 μετὰ
310 336 456 376 δαψιλείας.
484 332 547 365 Οἶόν
573 349 598 364 τι
625 336 694 374 λέγω
707 358 714 371 ,
732 335 872 364 ἀπώλεσας

101 386 199 424 χρυσοῦ
215 384 304 422 λίτρας
315 382 424 421 μυρίοις;
440 382 631 421 εὐχαρίστησον
644 381 738 413 εὐθέως
749 383 786 419 τῷ
798 382 871 419 Θεῷ,

101 431 146 460 καὶ
159 430 222 459 δέκα
239 429 368 469 μυριάδας
380 428 483 463 ἐκτήσω
497 429 538 457 διὰ
551 431 597 463 τῖς
612 430 698 467 φωνῆς
711 427 812 463 ἐκείνης
827 427 872 455 καὶ

102 479 148 511 τ’ἧς
161 474 338 515 εὐχαριστίας.
354 474 423 503 Εἰπὲ
437 475 488 513 γάρ
504 487 565 512 μοι,
580 474 643 503 πότε
661 474 814 513 μακαρίζεις
828 473 872 502 τὸν

102 522 183 557 'lt-363
204 521 245 550 ὅτε
269 516 324 559 εἶχε
348 520 477 552 τοσαύτας
497 521 633 558 καμήλους
647 520 691 548 καὶ
715 519 748 548 τὰ
762 519 872 556 ποίμνια

103 569 148 597 καὶ
163 567 196 596 τὰ
214 567 352 606 βουκόλια,
369 566 386 601 ἢ
405 566 446 595 ὅτε
472 567 573 601 ἐκείνην
589 566 636 601 τὴν
659 565 747 606 φωνὴν
763 567 873 605 ἀφῆκεν,

102 614 137 643 ‘O
152 613 247 653 Κύριος
260 613 366 647 ἔδωκεν,
381 615 394 642 ὁ
407 613 500 652 Κύριος
517 612 652 651 ἀφείλετο,
665 612 717 640 Καὶ
728 612 778 651 γὰρ
792 614 804 640 ὃ
816 612 873 640 διοί-
892 619 910 641 B

104 659 179 692 ὅολος
202 658 245 687 διὰ
271 662 348 687 τοῦτο
367 661 438 695 ἡμᾶς
459 660 564 695 ζημιοῖ,
580 660 628 696 οὐχ
641 657 684 686 ἵνα
701 657 734 686 τὰ
748 657 876 696 χρήματα

106 705 183 743 μόνον
196 704 340 744 ἀφέληται·
365 699 417 732 οἶδε
439 704 490 742 γὰρ
508 704 548 732 ὅτι
563 704 636 732 οὐδέν
657 706 728 733 ἐστιν
739 716 745 721 ·
762 705 820 732 ἀλλ’
834 703 875 732 ἵνα

105 751 148 780 διὰ
163 751 259 780 τούτων
273 750 410 789 ἀναγκάσῃ
426 751 508 778 εἰπεῖν
520 763 545 778 τι
562 750 728 789 βλάσφημον.
740 750 819 779 Οὕτω
832 750 876 778 καὶ

105 797 150 827 ἐπὶ
174 800 219 826 τοῦ
236 796 366 836 μακαρίου
379 796 440 825 ’1ὼὸ
456 798 532 824 τοῦτο
547 796 715 832 ἐσπούδαζεν,
731 798 758 824 οὐ
775 797 876 832 πένητα

107 842 184 872 αὗτὸν
201 844 311 877 ποιῆσαι
346 841 433 879 μόνον,
460 841 527 870 ἀλλὰ
552 842 708 881 βλάσφημον
734 844 876 880 ἀποφῆναι.

104 889 171 919 “Ore
183 893 243 928 γοῦν
254 889 359 917 πάντων
373 888 448 917 αὐτὸν
461 887 620 926 ἐγύμνωσεν,
637 888 685 926 ὅρα
696 887 721 916 τί
737 900 800 926 φησι
812 889 875 928 πρὸς

107 936 184 964 αὐτὸν
195 935 238 963 διὰ
254 937 301 969 τ’ἧς
315 934 436 973 γυναικός
447 946 452 951 ·
469 934 551 962 Εἰπόν
567 946 590 962 τι
608 935 679 972 ῥῆμα
691 933 755 971 πρὸς
769 934 876 972 Κύριον,

107 981 151 1010 καὶ
166 979 282 1008 τελεύτα.
303 979 413 1015 Καίτοι,
429 974 450 1007 ὦ
466 979 563 1018 μιαρὲ,
584 979 690 1008 πάντων
713 979 789 1007 αὐτὸν
813 979 875 1017 ἐγὼ

108 1038 223 1064 μνωσας.
239 1025 307 1054 Ἀλλ’
328 1027 355 1054 οὐ
371 1028 447 1052 τοῦτο
461 1025 630 1059 ἐσπούδαζον,
645 1024 722 1062 φησί·
745 1025 778 1052 δι’
796 1024 809 1052 ὃ
824 1025 875 1063 γὰρ

108 1072 195 1101 πάντα
205 1070 317 1104 ἐποίησα
329 1091 336 1104 ⁷
347 1070 448 1098 οὐδέπω
460 1070 544 1104 ἤνυσα
554 1082 559 1087 ·
573 1069 722 1098 ἐσπούδασα
734 1069 785 1108 γὰρ
798 1070 875 1098 αὐτὸν

107 1118 244 1156 γυμνῶσαι
262 1117 308 1150 τ’ἧς
324 1118 368 1144 τοῦ
385 1117 453 1143 Θεοῦ
468 1115 586 1152 βοηθείας
599 1127 604 1132 ·
619 1115 662 1143 διὰ
677 1118 752 1144 τοῦτο
764 1115 809 1144 καὶ
823 1117 875 1143 τῶν
893 1119 911 1142 C

107 1162 252 1202 ιχρημάτων
266 1161 415 1199 ἐγύμνωσα.
430 1161 515 1190 Τοῦτό
526 1162 596 1189 ἐστιν
609 1161 622 1189 ὃ
635 1161 763 1199 βούλομαι
775 1171 779 1176 ”
794 1163 876 1190 ἐκεῖνο

108 1209 181 1237 οὐδέν
193 1210 279 1237 ἐστιν·
294 1206 324 1235 ἂν
340 1207 415 1236 τοῦτο’
437 1218 481 1244 μοι
498 1207 534 1245 μὴ
550 1210 636 1246 προσῇ
646 1230 653 1243 ‚
670 1208 698 1236 οὗ
712 1207 790 1245 μόνον
805 1207 877 1237 οὐδὲν

109 1253 223 1289 ἠδικήθη
233 1276 240 1289 ,
257 1253 325 1282 ἀλλὰ
338 1253 382 1281 καὶ
396 1253 528 1292 ὠφελήθη.

150 1300 233 1338 ζΟρᾷς
249 1299 288 1328 ὅτι
306 1295 357 1327 οἶδε
372 1299 417 1327 καὶ
432 1301 445 1327 ὁ
461 1299 572 1339 πονηρὸς
588 1300 687 1337 δαίμων
702 1302 797 1333 ἐκεῖνος
808 1324 815 1337 ,
829 1302 877 1336 ὅση

111 1348 156 1374 τοῦ
171 1345 326 1384 πράγματός
336 1346 406 1373 ἐστιν
418 1347 434 1379 ἦ
447 1345 529 1382 ζημία
541 1358 548 1380 ;
559 1345 610 1374 Διὰ
624 1349 699 1376 τοῦτο
714 1347 759 1375 καὶ
775 1348 879 1385 βλέπεις

113 1392 189 1420 αὐτὸν
216 1390 258 1419 διὰ
285 1393 332 1425 TE<
356 1390 477 1429 γυναικὸς
499 1390 546 1425 τὴν
572 1392 711 1427 ἐπιδουλὴν
737 1393 879 1432 ῥάπτοντα.

113 1437 232 1466 Ἀκούετε
244 1436 299 1465 ὅσοι
314 1441 438 1474 γυναῖκας
455 1437 544 1474 ἄνδρες
563 1438 635 1475 ἔχετε
650 1438 796 1477 χρημάτων
817 1438 882 1477 {pt-3-

114 1496 161 1515 σας
174 1506 180 1519 ,
202 1483 248 1511 καὶ
263 1482 458 1521 ἀναγκαζούσας
472 1485 540 1519 ὑμᾶς
556 1485 719 1522 βλασφημεῖν
735 1485 778 1513 τὸν
793 1485 861 1514 Θεόν
875 1497 880 1503 ·

115 1529 298 1567 ἀναμνήσθητε
317 1531 361 1556 τοῦ
376 1528 447 1557 'li-'25
465 1529 534 1557 Ἀλλ’
550 1529 646 1567 ἴδωμεν
665 1532 742 1559 αὐτοῦ
756 1530 802 1566 τὴν
818 1533 883 1560 πολ-

113 1575 170 1610 λὴν,
186 1576 208 1602 εἷ
225 1575 308 1609 δοκεῖ,
327 1574 478 1610 ἐπιείκειαν,
496 1575 540 1603 καὶ
555 1574 624 1607 ὅπως
639 1575 719 1611 αὐτὴν
741 1577 881 1615 ἐπεστόμι-

648 181 693 203 AD
721 178 889 203 HEBRAEOS.
918 178 996 201 CAP.
1026 179 1061 201 X.
1092 177 1209 201 HOMlL.
1238 177 1295 200 XX.

1598 180 1616 200 2
1623 180 1639 213 7
1647 168 1665 200 3

926 246 954 268 ιιι
969 240 996 269 in
1012 240 1137 269 omnibus
1150 240 1206 268 Deo
1221 248 1333 277 agamus
1347 236 1462 276 gratiam,
1475 243 1501 266 et
1514 238 1602 266 omnia
1618 238 1668 267 lia-

925 286 1049 314 bebimus
1061 285 1173 313 asfatim.
1184 283 1312 323 Exempli
1325 294 1415 320 causa,
1427 283 1569 312 Perdidisti
1582 284 1669 313 decies

925 332 1001 360 mille
1015 332 1098 360 libras
1120 331 1179 359 auri
1194 331 1207 358 Ξ)
1222 330 1360 358 confestim
1375 330 1432 358 Deo
1447 339 1496 368 age
1510 330 1608 368 gratias
1619 353 1627 368 ,
1646 337 1671 359 et

926 378 1093 416 acquisivisti
1108 377 1205 406 centies
1218 376 1292 404 mille
1302 376 1387 404 libras
1398 387 1445 415 per
1456 386 1547 405 vocem
1561 377 1633 405 illam
1646 383 1672 405 et

926 424 1073 462 gratiarum
1089 423 1231 452 actionem.
1252 423 1319 450 Nam
1336 421 1380 450 dic
1393 422 1478 459 mihi,
1497 422 1605 460 quando
1619 422 1672 452 Job

926 470 1034 498 beatum
1048 469 1210 509 pronuncias
1221 468 1234 496 i’
1247 468 1354 506 quando
1371 468 1467 496 habuit
1484 475 1520 497 tot
1536 469 1651 497 camelos
1663 491 1671 505 ,

928 522 965 544 tot
980 526 1072 554 greges
1086 522 1111 543 et
1126 521 1163 544 tot
1174 521 1291 543 armenta
1305 525 1311 548 ;
1328 524 1359 541 an
1373 513 1480 551 quando
1496 514 1570 542 illam
1585 514 1673 542 emisit

929 573 1037 599 vocem,
1062 563 1208 590 Dominus
1232 561 1332 596 dedit,
1358 561 1504 589 Dominus
1528 562 1673 589 abstulit?
1684 568 1735 588 ΙοΙι.
1754 573 1771 587 ι.
1788 573 1825 587 21.

929 608 1035 637 Etenim
1057 607 1182 636 diabolus
1217 613 1356 646 propterea
1382 615 1429 634 nos
1451 605 1551 634 damno
1570 607 1673 642 afficit,

928 664 980 682 non
993 660 1022 682 nt
1033 653 1136 681 auferat
1148 652 1274 692 pecunias
1290 663 1298 689 ;
1314 651 1362 680 scit
1373 652 1443 680 enim
1456 662 1498 680 eas
1511 652 1579 680 nihil
1592 663 1648 681 esse
1664 665 1672 691 ;

928 699 974 728 sed
993 706 1021 728 nt
1040 710 1087 738 per
1102 709 1132 727 ea
1151 709 1199 727 nos
1220 704 1297 736 cogat
1311 697 1400 726 dicere
1420 697 1525 735 aliquid
1546 698 1674 738 blasphe-

930 755 1013 773 mum.
1030 745 1068 772 lta
1084 744 1164 772 etiam
1180 744 1206 772 in
1222 744 1299 772 beato
1313 742 1366 772 Joh
1380 753 1431 772 non
1446 743 1497 771 hoc
1512 744 1599 772 solum
1614 751 1673 773 stu—

930 791 1009 819 debat
1032 797 1060 818 nt
1081 801 1141 818 cum
1166 791 1261 818 sacci-ct
1284 800 1447 828 pauperem,
1473 789 1519 818 sed
1540 790 1619 818 etiam
1646 798 1675 819 nt

931 836 1079 864 enuntiaret
1099 835 1305 874 blasphemiam.
1327 835 1441 869 Quando
1461 835 1531 863 cuim
1550 836 1676 864 omnibns

931 892 991 910 eum
1014 881 1145 918 nudavit,
1169 881 1232 910 vide
1251 881 1318 919 quid
1341 881 1364 910 ei
1384 881 1457 910 dicat
1478 892 1525 920 per
1545 892 1675 911 uxorem:

932 928 989 955 Dic
1004 928 1120 966 aliquid
1131 928 1271 955 adversus
1283 928 1392 963 Deum,
1406 935 1433 956 et
1449 939 1569 956 morere.
1585 928 1678 966 Atqui,

930 982 945 999 ο
956 972 1126 1007 exsecrande,
1139 983 1199 1000 eum
1211 972 1331 1011 spoliasti
1342 973 1476 1001 omnihus.
1487 973 1540 1003 Sed
1550 984 1602 1002 non
1616 974 1677 1009 boc,

931 1018 1030 1055 inquit,
1060 1017 1212 1055 quaerebam
1238 1029 1244 1045 :
1273 1029 1334 1046 nan]
1358 1027 1465 1058 propter
1491 1020 1563 1057 quod
1588 1020 1677 1049 omnia

929 1063 995 1099 feci,
1019 1062 1048 1091 id
1070 1063 1189 1091 nondum
1211 1063 1331 1100 confeci,
1349 1071 1376 1092 ut
1397 1075 1457 1093 eum
1479 1066 1526 1093 Dei
1549 1066 1678 1095 nudarem

929 1108 1033 1137 auxilio
1052 1121 1058 1136 :
1078 1115 1219 1147 propterea
1239 1119 1301 1136 eum
1323 1109 1402 1137 etiam
1424 1110 1523 1138 nudavi
1548 1112 1677 1150 pecuniis.

932 1156 987 1185 Hoc
1002 1163 1040 1184 est
1058 1155 1131 1194 quod
1146 1156 1224 1192 v0103
1241 1155 1311 1184 illud
1328 1163 1416 1184 antem
1432 1157 1501 1185 nihil
1517 1164 1554 1185 est
1568 1170 1573 1185 ε
1590 1159 1612 1187 si
1626 1159 1679 1187 hoc

931 1212 983 1230 non
999 1201 1088 1239 adsit,
1106 1212 1158 1230 non
1179 1201 1267 1230 solum
1288 1202 1361 1229 nulla
1383 1202 1494 1230 affectus
1509 1210 1547 1231 est
1563 1204 1679 1242 injuria,

932 1248 978 1277 sed
993 1248 1074 1276 etiam
1086 1248 1113 1276 id
1127 1248 1149 1276 ei
1166 1248 1276 1287 profuit.

974 1301 1001 1329 4.
1023 1300 1107 1330 Vides
1123 1300 1198 1338 quod
1220 1299 1286 1328 sciat
1300 1299 1388 1328 malus
1412 1299 1457 1328 ille
1474 1300 1580 1329 daemon
1593 1312 1679 1339 quan-

935 1354 991 1376 tum
1013 1347 1049 1375 sit
1071 1348 1129 1386 ejus
1152 1347 1190 1375 rei
1205 1346 1361 1374 damnum?
1384 1346 1446 1375 Ideo
1461 1346 1537 1375 vides
1559 1357 1619 1375 eum
1635 1358 1682 1387 per

935 1404 1049 1422 uxorem
1071 1400 1173 1422 struere
1188 1392 1311 1421 insidias.
1336 1391 1436 1421 Audite
1452 1400 1583 1431 quotquot
1598 1393 1682 1422 habe-

935 1439 969 1468 tis
992 1449 1090 1467 uxores
1104 1438 1224 1478 pecuniae
1239 1445 1366 1473 amante5‚
1390 1445 1414 1466 et
1438 1449 1486 1468 vos
1508 1446 1631 1478 cogentes
1655 1440 1682 1468 in

937 1486 1025 1514 Deum
1041 1484 1229 1524 blasphemare
1249 1496 1254 1511 :
1278 1483 1455 1512 recordemini
1472 1484 1545 1514 Jobi.
1564 1485 1617 1513 Sed
1637 1485 1683 1513 vi—

937 1531 1048 1559 deamus
1060 1531 1115 1570 ejus
1129 1530 1257 1566 multam,
1270 1530 1292 1558 si
1306 1529 1422 1567 videtur,
1433 1531 1666 1560 mansuetudinem
1675 1555 1683 1568 ,

937 1589 989 1616 qua
1002 1578 1059 1616 ejus
1071 1588 1100 1606 os
1113 1576 1258 1605 obstruxit.
1276 1577 1346 1613 Cur,
1360 1576 1460 1614 inquit,
1476 1577 1560 1605 velut
1574 1588 1634 1605 una
1647 1588 1683 1606 err

114 1633 165 1650 σεν.
178 1620 237 1650 Ἵνα
252 1620 293 1656 τί,
308 1621 396 1659 φησὶν,
412 1620 502 1659 ὥσπερ
518 1620 566 1659 μία
585 1623 637 1649 τῶν
654 1622 773 1661 ἀφρόνων
794 1634 882 1661 γυναι·
902 1632 920 1653 1)
937 1624 1139 1662 insipientibus
1155 1623 1324 1651 mulieribus
1339 1624 1381 1651 ita
1394 1633 1423 1652 es
1436 1623 1581 1662 loquuta?
1599 1623 1683 1653 Reve-

536 1753 712 1782 MUTIANO
736 1753 990 1783 SCHOLASTICO
1013 1753 1265 1783 INTERPRETE.

114 1860 255 1899 quaerstur,
269 1866 297 1888 ut
308 1859 335 1888 in
348 1859 474 1888 omnibus
488 1860 586 1899 gratias
598 1871 710 1899 agamus
722 1861 788 1897 Deo,
801 1867 826 1889 et
839 1860 928 1889 omnia
940 1859 1100 1888 habebimus
1111 1858 1288 1888 abundanter.
1300 1859 1414 1898 Utputa‚
1426 1860 1510 1889 veluti
1523 1861 1591 1899 quid
1603 1861 1663 1890 dico
1677 1874 1681 1889 :

115 1907 256 1947 perdidisti
270 1907 328 1936 auri
344 1908 426 1936 libras
442 1908 532 1937 decem
551 1908 660 1936 millia?
678 1919 727 1947 age
743 1908 843 1947 gratias
860 1908 997 1936 confestim
1014 1909 1069 1936 Deo
1081 1929 1089 1941 ,
1107 1913 1132 1935 et
1148 1913 1253 1935 centum
1268 1906 1354 1934 millia
1370 1907 1508 1945 acquisisti
1523 1918 1571 1947 per
1588 1919 1680 1937 vocem

115 1955 206 1991 illam,
219 1962 243 1984 et
260 1956 407 1995 gratiarum
420 1956 560 1985 actionem.
578 1957 629 1985 Dic
641 1956 712 1985 enim
725 1956 802 1991 mihi,
817 1956 924 1995 quando
935 1956 1045 1984 beatum
1055 1953 1183 1994 judicasti
1194 1954 1246 1984 Job
1257 1954 1270 1982 ‚⁹
1282 1953 1390 1992 quando
1402 1954 1499 1983 habuit
1510 1955 1570 1984 illos
1581 1957 1680 1985 multos

116 2002 230 2031 camelos
247 2010 271 2032 et
292 2003 427 2042 pecudum
450 2014 542 2043 greges
565 2011 591 2033 et
611 2011 730 2033 armenta
751 2004 835 2032 boum
859 2017 864 2032 ι
888 2014 920 2031 an
946 2002 1054 2041 qnando
1076 2002 1152 2030 illam
1172 2012 1265 2031 vocem
1286 2001 1394 2038 emisit,
1418 2003 1562 2031 Dominus
1583 2004 1681 2039 dedit,

116 2048 263 2077 Dominus
282 2050 429 2078 abstulit?
451 2050 558 2078 Etenim
582 2050 707 2079 diabolus
728 2057 868 2090 propterea
890 2050 968 2078 nobis
992 2049 1090 2077 damna
1111 2048 1191 2083 facit,
1216 2058 1268 2076 non
1294 2048 1381 2076 solum
1403 2054 1432 2076 ut
1453 2048 1579 2087 pecunias
1605 2050 1681 2079 nobis

113 2095 297 2133 auferat;scit
316 2097 388 2125 enim
408 2097 471 2136 quia
492 2097 562 2126 nihil
581 2104 639 2135 est;
663 2097 711 2127 sed
730 2105 759 2126 ut
780 2109 827 2137 per
849 2098 900 2126 hoc
919 2104 996 2136 cogat
1018 2107 1066 2125 nos
1085 2095 1173 2124 dicere
1192 2093 1295 2133 aliquid
1316 2095 1514 2134 blasphemum.
1536 2095 1581 2124 Sic
1602 2096 1681 2125 etiam

115 2140 143 2169 in
166 2151 246 2170 eausa
265 2142 336 2171 beati
358 2142 412 2172 Job
427 2165 435 2178 ‚
458 2153 509 2172 non
530 2143 582 2172 hoc
601 2143 743 2172 festinabat
766 2150 889 2179 tantum,
916 2149 944 2170 ut
968 2153 1029 2171 eum
1050 2152 1196 2181 pauperem
1219 2142 1336 2176 faceret,
1359 2141 1405 2170 sed
1431 2137 1681 2181 nt'blasphemiam

115 2197 161 2216 ore
181 2188 318 2226 proferret.
342 2189 410 2229 Cum
432 2199 495 2228 ergo
514 2189 639 2218 omnibus
660 2201 722 2218 eum
745 2189 876 2225 nudaret,
901 2187 1007 2217 attende
1030 2187 1095 2226 quid
1119 2187 1191 2216 dixit
1210 2187 1245 2215 ad
1269 2198 1331 2215 eum
1357 2198 1404 2226 per
1429 2187 1569 2216 mulierem
1595 2200 1601 2216 ε
1626 2190 1682 2217 Dic

115 2235 238 2262 verbum
258 2236 290 2262 in
306 2235 418 2273 Deum,
443 2242 470 2264 et
485 2238 626 2265 morieris.
648 2235 836 2274 Iniquissime,
861 2234 986 2263 omnibus
1012 2244 1073 2262 eum
1099 2233 1206 2262 nudasti
1229 2245 1234 2260 :
1257 2233 1323 2271 quid
1345 2233 1462 2272 amplius
1481 2234 1602 2271 quaerisi‘
1628 2235 1682 2264 sed

116 2290 168 2309 non
183 2280 234 2310 boc
248 2281 415 2317 festinabam,
433 2282 519 2321 inquit
536 2295 541 2310 ε
556 2282 631 2310 alind
647 2289 684 2311 est
699 2289 809 2322 propter
823 2281 894 2320 quod
911 2282 959 2310 ista
974 2281 1022 2310 soci
1036 2281 1136 2317 omnia,
1151 2280 1270 2309 nondum
1287 2280 1321 2308 ad
1337 2279 1409 2318 qnod
1424 2279 1546 2308 volebam
1560 2281 1660 2320 profeci
1675 2294 1680 2309 :

115 2328 273 2357 festinabam
294 2329 364 2358 enim
386 2329 488 2358 nudare
503 2341 564 2358 eum
583 2329 678 2359 divino
698 2330 801 2358 auxilio
819 2342 825 2357 :
841 2337 980 2369 propterca
1001 2339 1062 2357 enm
1083 2328 1204 2368 pecuniis
1223 2327 1333 2356 nudavi.
1359 2328 1415 2355 lloc
1437 2334 1476 2355 est
1501 2326 1573 2365 qnod
1588 2328 1651 2357 volo
1672 2341 1680 2365 ;

115 2376 185 2405 illud
205 2383 294 2406 autem
314 2377 383 2406 nihil
402 2385 458 2414 est,
484 2378 506 2406 si
529 2378 580 2406 boc
603 2389 654 2406 non
675 2378 765 2406 fecerit
783 2390 789 2405 :
805 2388 856 2406 non
879 2377 964 2406 solum
988 2376 1056 2405 nihil
1080 2376 1159 2404 latsus
1184 2383 1242 2411 est⁷
1265 2375 1310 2404 sed
1341 2375 1420 2403 etiam
1440 2374 1539 2413 justior
1563 2376 1681 2406 effoetus,

154 2433 271 2462 Intueris
285 2434 348 2472 quia
365 2434 414 2462 scit
428 2434 507 2463 etiam
524 2434 658 2473 malignus
674 2434 778 2463 daemon
798 2434 852 2471 ille,
867 2440 997 2472 quantum
1012 2432 1141 2461 damnum
1155 2438 1193 2459 cst
1207 2431 1289 2469 liujus
1305 2429 1352 2458 rei.
1372 2430 1405 2459 Et
1421 2429 1510 2458 adhuc
1528 2429 1589 2458 vide
1601 2429 1681 2458 illum

118 2490 163 2519 per
184 2480 324 2509 mulierem
339 2481 450 2510 insidias
464 2489 644 2510 consue-ntem.
663 2481 802 2511 Advortite
816 2491 908 2509 omncs
924 2480 985 2517 viri,
1000 2479 1045 2518 qui
1062 2489 1158 2507 uxores
1173 2477 1276 2506 habetis
1291 2476 1431 2505 amatrices
1447 2476 1631 2516 pecuniarum,
1657 2484 1682 2504 et

119 2534 240 2565 cogentes
260 2539 306 2557 vos
320 2528 505 2568 blasphemare
521 2530 621 2565 Deum,
640 2528 817 2557 recordamini
833 2529 894 2559 Job.
912 2528 965 2557 Sed
983 2527 1133 2564 videamus,
1154 2525 1175 2553 si
1192 2525 1287 2563 placety
1301 2524 1359 2563 ejus
1373 2523 1452 2552 ctiam
1468 2523 1580 2552 multam
1602 2534 1681 2552 man*

120 2572 295 2611 suetudinem,
313 2575 446 2613 quomodo
459 2586 517 2604 eam
533 2575 714 2604 obmutescere
729 2575 797 2604 fecit.
817 2577 856 2604 Ec
871 2575 950 2614 qnid,
966 2574 1061 2612 inquit,
1075 2573 1156 2601 velat
1173 2582 1232 2601 nna
1246 2582 1280 2599 ea*
1296 2571 1497 2608 insipientibus
1513 2571 1681 2599 mulieribus

1697 1591 1731 1612 lb.
1759 1598 1780 1612 2.
1800 1598 1834 1612 10.
