1906 2846
415 156 446 178 IN
477 156 582 178 lit‘tst'.
614 155 657 177 AD
686 155 767 177 {tl-381:
780 154 853 176 {ROS-

103 217 168 252 αὕτη
181 217 232 255 γὰρ
247 219 262 252 ἡ
279 218 323 246 τοῦ
338 216 459 255 σώματος
471 217 572 253 ἐκείνης
586 216 656 246 ἐστὶν
670 214 873 252 ἐπακολούθημα

92 263 146 304 ,καὶ
158 262 237 300 σκιὰ,
251 265 267 299 ἡ
283 262 310 292 δὲ
325 263 424 299 ἀληθὴς
435 263 564 302 παρΟενία
581 262 668 298 ἐκείνη
683 262 748 292 ἐστί.
764 261 873 296 Ταύτην

102 311 225 347 ἀσκῶμεν
237 332 244 346 ,
259 309 304 338 καὶ
315 309 383 338 οὕτω
398 309 564 347 δυνησόμεθα
580 309 648 347 μετὰ
665 309 774 348 φαιδροῦ
788 319 872 346 προσ-

102 355 174 384 ώπου
190 355 243 389 τὸν,
256 355 366 395 νυμφίον
379 357 440 384 ἰδεῖν
450 379 457 391 ,
469 355 536 393 μετὰ
554 357 670 395 φαιδρῶν
683 356 807 384 εἰσελθεῖν
822 356 873 382 τῶν

102 402 249 440 λαμπάδων
259 425 266 439 ,
279 402 323 431 ἐὰν
337 403 367 431 τὸ
380 402 467 431 ἔλαιον
484 404 554 440 ἡμᾶς
572 402 609 440 μὴ
625 402 734 440 ἐπιλίπῃ
747 424 755 437 ,
777 401 821 430 ἐὰν
841 399 874 428 τὰ

101 448 197 487 χρυσία
216 448 385 488 χωνεύσασαι
401 448 487 476 ἔλαιον
511 448 685 487 ἐργασώμεθα
710 450 843 481 τοιοῦτον,
861 446 874 474 ὃ

102 498 170 522 ποιεῖ
182 494 294 533 φαιδρὰς
307 494 353 527 τὰς
363 494 506 532 λαμπάδας
515 506 520 511 ·
532 494 562 522 τὸ
571 493 597 522 δὲ
609 494 697 522 ἔλαιον
707 493 791 521 ἐκεῖνό
803 493 873 520 ἐστιν

102 542 117 575 ἡ
134 539 326 579 φιλανθρωπία.
338 539 402 568 Ἐὰν
418 539 513 578 ἑτέροις
527 540 680 577 μεταδῶμεν
696 539 728 567 τὰ
739 539 815 574 ὄντα,
830 538 873 567 ἐὰν

101 586 187 615 ἔλαιον
203 585 268 614 αὐτὰ
292 585 482 624 ἐργασώμεῡα,
505 586 564 614 τότε
581 587 657 622 ἡμῶν
681 584 873 623 προστήσεται,

102 633 146 661 καὶ
169 634 216 661 οὐκ
238 634 347 671 ἐροῦμεν
372 635 397 662 ἐν
419 633 510 671 ἐκείνῳ
531 633 568 671 τῷ
590 633 675 671 καιρῷ
685 653 693 667 ,
718 631 785 660 Δότε
810 633 874 669 ἡμῖν

101 678 188 707 ἔλαιον
199 678 239 708 ὅτι
253 679 406 708 σ’ῗέννυνται
417 681 493 717 ἡμῶν
508 679 533 706 αἱ
546 678 698 716 λαμπάδες,
711 677 767 705 οὐδὲ
779 677 874 716 ἑτέρων

103 724 296 763 δεηθησόμεθα,
308 724 367 754 οὐδὲ
383 725 541 753 ἀπελθοῦσαι
555 724 620 763 πρὸς
634 723 693 756 τοὺς
708 724 872 756 πωλοῦντας,

103 770 382 809 ἀποκλεισθησόμεθα,
418 771 474 799 οὐδὲ
509 770 674 808 ἀκουσόμεθα
705 771 752 803 τῆς
788 771 875 808 φωνῆς

103 817 204 853 ἐκείνῃς
218 820 265 852 τῆς
280 818 391 856 φοῧερᾶς
405 817 450 845 καὶ
466 819 592 856 φρικτῆς,
614 816 753 855 κρούουσαι
768 815 815 847 τὰς
833 815 875 844 θύ-

105 875 162 901 ρας·
184 864 241 892 Οὐκ
264 858 321 891 οἶδα
345 866 411 901 ὑμᾶς
423 875 427 880 ·
451 863 508 891 ἀλλ’
523 862 697 901 ἐπιγνώσεται
723 865 807 899 ἡμᾶς,
831 861 875 889 καὶ

104 909 352 947 συνεισελευσόμεθα
367 911 404 948 τῷ
416 908 533 948 νυμφίῳ,
547 909 591 937 καὶ
607 909 763 941 εἰσελθόντες
781 909 815 940 εἰς
832 907 875 935 τὸν

104 957 229 994 νυμφῶνα
243 955 286 984 τὸν
299 955 476 993 πνευματικὸν
488 977 495 989 ,
512 954 612 993 μυρίων
625 953 808 990 ἀπολαύσομεν
824 955 875 981 τῶν

105 1002 220 1038 ἀγαθῶν.
247 1002 279 1029 Εἰ
300 1000 350 1040 γὰρ
371 1002 480 1029 ἐνταῦθα
501 999 570 1027 οὕτω
593 999 699 1038 φαιδρὸς
722 1001 736 1027 ὁ
750 998 876 1036 νυμφὼν,

104 1046 171 1074 οὕτω
188 1046 310 1085 λαμπραὶ
328 1048 354 1074 αἱ
369 1046 513 1080 παστάδες,
535 1047 570 1077 ὡς
589 1044 688 1082 μηδένα
710 1045 875 1083 κορέννυσῡαι

105 1092 281 1131 προσέχοντα’
306 1093 380 1131 πόσῳ
400 1093 501 1130 μᾶλλον
529 1093 598 1125 sitsi,
624 1091 753 1128 (θάλαμός
774 1092 844 1119 ἐστιν
864 1093 877 1118 ὁ

105 1138 225 1178 οὐρανὸς,
247 1137 292 1166 καὶ
304 1141 357 1166 -τοῧ
379 1138 488 1177 οὐρανοῦ
513 1139 526 1166 ὁ
540 1136 648 1176 νυμφὼν
673 1136 798 1175 βελτίων·
823 1138 877 1165 ἐκεῖ

107 1184 316 1223 εἷσελευσόμεθα.
335 1185 366 1213 Εἰ
378 1183 405 1212 δὲ
422 1186 435 1212 ὁ
449 1182 557 1222 νυμφὼν
572 1182 640 1212 οὕτω
656 1183 751 1218 καλὸς,
770 1182 809 1216 τίς
827 1182 877 1222 ἄρα

107 1229 181 1258 ἔσται
197 1231 210 1258 ὁ
224 1230 345 1269 νυμφίοςς
358 1230 411 1259 Καὶ
425 1229 451 1258 τί
464 1230 546 1268 λέγω,
561 1229 593 1258 τὰ
607 1228 704 1268 χρυσία
718 1228 878 1267 ἀποθέμεναι

109 1276 263 1314 μεταδῶμεν
278 1280 330 1308 τοῖς
348 1276 492 1314 δεομένοις;
514 1277 536 1304 εἷ
549 1275 600 1314 γὰρ
613 1275 658 1304 καὶ
672 1274 767 1308 ἑαυτὰς
779 1275 877 1303 πωλεῖν

109 1322 189 1360 ἐχρῆν
202 1344 209 1356 ,
222 1323 244 1351 εἶ
259 1322 310 1361 γὰρ
324 1324 378 1351 ἀντ’
394 1321 536 1362 ἐλευθέρων
550 1322 670 1361 γενέσθαι
683 1321 787 1358 δούλας,
809 1321 878 1350 ὥστε

109 1368 250 1403 δυνηθῆναι
263 1369 320 1406 μετ’
332 1368 430 1397 ἐκείνου
443 1363 509 1396 εἶναι
521 1371 565 1397 τοῦ
572 1367 698 1407 νυμφίου,
710 1370 755 1396 τοῦ
767 1368 879 1400 κάλλους

110 1414 251 1443 ἀπολαύειν
265 1414 362 1443 ἐκείνου
372 1437 380 1450 ,
396 1414 473 1452 μόνον
484 1416 547 1454 ὁρᾷν
562 1415 598 1448 εἷς
614 1415 643 1444 τὸ
655 1414 794 1454 πρόσωπον
809 1414 879 1443 ἐκεί·

110 1470 152 1487 νου
163 1471 168 1477 ·
197 1461 244 1489 οὐκ
268 1462 348 1500 ἐχρῆν
373 1460 440 1498 μετὰ
463 1459 608 1500 προθυμίας
636 1460 739 1489 ἅπαντα
764 1461 879 1490 καταδέ-

111 1505 217 1541 ξασθαι;
236 1507 289 1535 Καὶ
301 1507 411 1545 βασιλέα
426 1506 473 1544 μὲν
488 1507 531 1535 τὸν
546 1506 589 1535 ἐπὶ
603 1508 651 1545 γ’ἧς
664 1506 706 1535 ἵνα
723 1507 801 1546 μόνον
816 1507 878 1536 ἴδω-

110 1564 171 1589 μεν,
193 1553 319 1586 πολλάκις
332 1552 399 1592 ὑπὲρ
413 1556 458 1582 τοῦ
475 1553 536 1582 ἰδεῖν
553 1553 629 1582 αὐτὸν
647 1553 691 1582 καὶ
706 1554 739 1582 τὰ
763 1555 789 1582 ἐν
805 1553 881 1593 χερσὶ

112 1598 252 1637 ῥίπτομεν,
280 1600 324 1627 καὶ
340 1601 471 1638 ἀναγκαῖα
486 1599 548 1628 ὄντα
558 1611 563 1616 ·
582 1598 647 1639 ὑπὲρ
669 1599 696 1629 δὲ
711 1602 755 1628 τοῦ
771 1599 882 1638 βασιλέα

882 153 959 175 (TU'.

1601 138 1668 170 383

925 224 956 242 re
971 214 1097 242 Christo.
1117 212 1180 241 Haee
1192 221 1244 240 non
1260 211 1368 240 dicebat
1383 210 1543 249 virginibus,
1558 209 1603 238 sed
1617 220 1670 238 co:-

927 260 965 288 tui
980 260 1113 289 universae
1129 259 1256 289 ecclesiae.
1270 258 1341 287 Nam
1363 257 1441 296 cujus
1461 263 1500 285 est
1520 256 1610 284 anima
1623 256 1669 284 in-

926 313 1066 346 corrupta,
1079 317 1109 336 ea
1123 313 1161 335 est
1171 305 1259 344 virgo,
1268 304 1317 333 etsi
1329 303 1410 332 hahet
1422 302 1566 338 maritum3
1579 302 1666 341 virgo,

926 353 1045 392 inquam,
1057 363 1119 381 cum
1131 363 1194 381 vera
1204 349 1361 389 virginitate
1373 356 1399 377 et
1413 347 1575 377 admiranda
1588 360 1593 376 :
1608 358 1671 376 uam

926 399 1046 438 corporis
1059 398 1169 437 quidem
1183 396 1327 435 virginitas
1339 402 1377 423 cst
1390 395 1465 424 illius
1477 404 1565 423 comcs
1574 401 1599 422 et
1614 404 1671 422 um-

927 445 988 482 bra,
999 456 1062 473 vcra
1073 452 1162 473 autem
1174 442 1317 482 virginitas
1329 449 1368 470 est
1379 441 1437 470 illa.
1451 441 1526 469 Hanc
1538 440 1669 475 colamus,

926 498 951 520 ct
971 491 1007 521 ita
1023 491 1171 531 poterimus
1193 490 1255 518 laeto
1275 488 1354 517 vultu
1375 487 1467 516 videre
1482 497 1621 526 sponsum,
1647 493 1672 515 ct

928 548 991 566 cum
1005 536 1209 577 splendentibus
1224 534 1328 574 ingredi
1343 532 1527 573 lampadibus,
1545 532 1567 560 si
1582 532 1671 561 oleum

930 585 1006 613 uobis
1018 595 1070 613 nou
1082 584 1202 620 deficiat,
1217 583 1238 611 si
1248 581 1336 610 aureis
1348 580 1512 609 ornamentis
1522 579 1588 608 fusis
1601 580 1672 618 ejus-

929 631 1001 660 modi
1022 631 1111 660 vlcum
1125 628 1327 664 confecerimus,
1344 625 1415 665 quod
1429 626 1598 665 splendentes
1612 624 1673 653 red-

928 677 969 706 dit
986 676 1125 716 lampades
1146 687 1151 703 :
1168 674 1238 703 illud
1253 681 1343 702 autem
1359 672 1448 701 oleum
1468 679 1507 700 est
1527 671 1624 700 caritas
1645 671 1672 699 in

929 723 1060 752 homines.
1072 723 1101 751 Si
1112 721 1173 750 aliis
1184 727 1287 749 nostras
1301 717 1511 758 impertierimus
1523 716 1673 753 facultates,

929 770 951 798 si
971 769 1060 797 oleum
1075 779 1117 797 eas
1132 767 1283 803 fecerimus,
1300 773 1364 794 tunc
1376 775 1424 793 nos
1438 770 1558 804 proteget
1577 770 1602 792 et
1623 762 1673 791 de-

990 153 1048 175 xu-
1079 152 1197 174 nomi..
1228 150 1348 173 xxvut.

929 815 1029 850 sendet,
1044 821 1068 843 et
1082 825 1134 843 non
1147 813 1268 842 dicemus
1282 812 1308 840 in
1320 811 1367 840 illo
1380 817 1500 850 tempore
1512 822 1518 839 ε
1534 811 1614 838 Date
1626 819 1674 838 no-
1688 817 1773 840 anath.
1790 817 1827 840 25.

931 863 972 890 bis
994 861 1099 895 oleum,
1117 860 1256 899 qnoniam
1273 858 1423 896 lampades
1446 863 1552 886 nostrae
1565 857 1675 885 eoestin-
1687 850 1710 872 3·

928 913 1070 946 gtcutzlur,
1088 916 1173 944 neque
1187 906 1248 934 aliis
1263 904 1413 943 egebimus,
1431 913 1516 941 neque
1531 909 1622 932 euntes
1642 902 1676 930 ad

902 960 912 981 ἶ
931 963 974 981 eos
997 953 1043 990 qui
1065 952 1198 988 vendunt,
1223 950 1411 986 excludemur,
1436 960 1521 987 neque
1535 948 1677 978 audiemus

931 1010 1024 1028 vocem
1047 999 1121 1026 illam
1140 998 1288 1027 terribilem
1309 1004 1333 1026 et
1350 996 1523 1033 horrendam,
1540 996 1677 1036 pulsantes

931 1044 1040 1081 ostium,
1057 1046 1163 1073 Nescio
1185 1054 1260 1077 νος,-
1281 1043 1327 1072 sed
1348 1054 1395 1071 nos
1409 1049 1544 1081 agnoscet,
1566 1049 1591 1071 et
1616 1053 1677 1071 euin

931 1102 1031 1132 sponso
1053 1091 1225 1127 intrabimus,
1246 1097 1271 1119 et
1292 1090 1318 1118 in
1332 1090 1502 1129 spiritualem
1524 1090 1615 1129 sponsi
1631 1091 1676 1118 in-

933 1138 1017 1177 gressi
1031 1137 1192 1174 thalamum,
1203 1137 1324 1165 fruemur
1334 1136 1411 1164 bonis
1424 1136 1676 1165 innumerabilibus.

934 1184 964 1213 Si
987 1184 1059 1212 enim
1080 1183 1126 1212 hic
1145 1183 1212 1211 adeo
1233 1182 1340 1221 elegans
1361 1188 1398 1210 est
1422 1182 1511 1220 sponsi
1533 1182 1678 1219 thalamus,

933 1230 1000 1260 adeo
1015 1228 1157 1270 splendida
1172 1228 1317 1262 coenacula,
1341 1234 1370 1256 ut
1392 1238 1468 1256 nemo
1482 1227 1620 1256 attendens
1633 1239 1677 1256 sa-

934 1280 1023 1316 tietur,
1037 1285 1136 1317 quanto
1150 1277 1237 1316 magis
1251 1276 1330 1305 illic?
1347 1275 1497 1305 Thalamus
1518 1282 1557 1303 est
1573 1276 1680 1309 eaelum,

935 1334 960 1356 et
974 1327 1065 1367 sponsi
1084 1325 1219 1355 thalamus
1238 1324 1304 1353 caelo
1321 1324 1414 1353 melior
1434 1335 1440 1350 :
1462 1323 1528 1352 illuc
1542 1322 1679 1362 ingredie-

935 1384 1004 1402 mur.
1020 1373 1050 1402 Si
1064 1379 1154 1401 autem
1168 1371 1258 1411 sponsi
1272 1370 1408 1399 thalamus
1422 1376 1460 1398 est
1476 1368 1544 1398 adeo
1558 1368 1680 1408 pulcher,

935 1419 995 1458 quis
1008 1419 1059 1448 erit
1072 1429 1136 1458 ergo
1151 1418 1207 1458 ipse
1223 1427 1336 1457 sponsus
1346 1417 1360 1445 ‚0
1375 1416 1410 1445 Et
1431 1414 1496 1454 quid
1512 1415 1573 1444 dieo
1588 1422 1617 1444 ut
1630 1414 1681 1443 de-

936 1472 1064 1505 ponentes
1076 1475 1156 1494 aurea
1168 1470 1333 1499 ornamenta,
1342 1474 1371 1491 ea
1383 1462 1570 1502 impertiamus
1578 1461 1681 1500 egenti—

936 1511 1011 1541 bus?
1026 1522 1086 1540 nam
1099 1511 1122 1540 si
1138 1516 1271 1550 oporteret
1289 1509 1331 1538 vel
1352 1519 1398 1538 vos
1413 1508 1484 1548 ipsas
1507 1505 1680 1541 venumdare,

936 1555 958 1584 si
975 1566 1024 1595 pro
1043 1555 1137 1584 liberis
1155 1555 1213 1583 fieri
1228 1553 1350 1588 ancillas,
1373 1560 1403 1581 ut
1418 1552 1528 1592 possetis
1557 1562 1618 1579 eum
1633 1551 1681 1579 illo

937 1611 992 1629 esse
1006 1610 1114 1639 sponso,
1127 1598 1174 1627 illa
1189 1597 1242 1627 frui
1258 1596 1472 1637 pulchritudine,
1492 1602 1517 1624 et
1532 1595 1617 1624 solum
1642 1594 1678 1623 il-

1704 260 1825 288 Virginitas

1682 299 1731 312 vera
1743 299 1799 320 quar.

550 1705 726 1734 MUTIANO
748 1705 1004 1735 SCHOLASTICO
1027 1705 1279 1734 INTERPRETE.

107 1796 215 1832 animis,
232 1797 307 1835 digni
323 1797 470 1826 efficiemur
485 1797 549 1825 illuc
562 1797 610 1834 ire,
625 1805 650 1827 et
664 1797 765 1837 suscipi
781 1809 842 1826 cum
860 1798 969 1826 honore.
986 1798 1171 1836 Desponsavi
1185 1799 1263 1825 enim
1277 1807 1341 1832 vos,
1357 1796 1457 1834 inquit,
1473 1797 1524 1824 ιιιιὶ
1539 1796 1604 1824 viro
1618 1797 1677 1823 vir<

105 1848 200 1884 ginem
215 1852 328 1874 castam
352 1852 489 1884 coaptare
511 1846 638 1874 Clu-isto.
654 1845 719 1874 Haec
733 1845 804 1874 enim
819 1856 870 1874 non
883 1846 948 1874 solis
961 1844 1069 1873 dicebat
1084 1845 1248 1884 virginibus,
1267 1843 1314 1873 sed
1329 1843 1365 1872 ad
1381 1844 1534 1872 universam
1550 1843 1677 1871 Ecclesia:

107 1891 303 1931 plenitudinem
317 1892 488 1930 loquebatur.
509 1892 607 1919 Anima
623 1892 725 1931 quippe
746 1892 901 1931 incorrupta
915 1891 992 1930 virgo
1005 1899 1065 1928 est;
1082 1902 1112 1919 ac
1134 1891 1154 1919 si
1173 1891 1263 1919 virum
1279 1890 1385 1925 habeat,
1404 1890 1482 1928 virgo
1502 1896 1542 1917 est
1561 1889 1677 1927 virgini-

109 1946 160 1968 tate
180 1950 241 1968 vera
256 1946 335 1977 atque
348 1939 477 1967 mirabili.
495 1939 560 1967 Haec
574 1949 691 1977 namque
705 1938 848 1977 virginitas
864 1939 1012 1977 corporalis
1027 1939 1102 1967 illius
1116 1937 1275 1977 pedissequa
1289 1944 1327 1966 est
1341 1949 1346 1964 :
1362 1937 1431 1965 hanc
1446 1937 1537 1973 colite,
1560 1943 1585 1964 ct
1599 1943 1675 1975 pote*

109 1988 167 2017 ritis
181 1998 242 2016 curu
256 1986 398 2026 splendido
413 1986 490 2014 vultu
501 1992 526 2014 et
540 1985 636 2014 decoro
651 1986 739 2025 sponsi
755 1986 903 2014 thalamum
917 1987 1050 2022 contueri,
1065 1992 1091 2014 et
1104 1996 1166 2014 cum
1182 1985 1261 2013 claris
1277 1992 1357 2023 atque
1371 1984 1477 2013 festivis
1492 1984 1593 2012 intrare
1606 1984 1676 2012 lam—

109 2034 235 2074 padibus,
254 2034 276 2062 si
294 2033 373 2063 vobis
386 2033 475 2061 oleum
492 2043 543 2060 non
558 2032 667 2061 deficiat
685 2045 690 2060 :
712 2032 734 2060 si
749 2043 827 2061 aurea
843 2039 996 2061 ornamenta
1012 2032 1167 2069 conflantes,
1181 2032 1234 2060 tale
1249 2031 1433 2067 conficiamus,
1448 2031 1523 2069 quod
1537 2030 1675 2070 lampades

109 2089 210 2111 nostras
226 2081 304 2110 saciat
317 2080 450 2109 clariores.
467 2079 564 2108 Oleum
577 2086 668 2108 autem
680 2078 747 2107 illud
765 2078 948 2107 misericordia
963 2085 1001 2107 est
1023 2090 1028 2105 :
1046 2079 1068 2107 si
1083 2078 1117 2107 de
1133 2078 1282 2107 substantia
1298 2085 1388 2106 nostra
1401 2078 1462 2106 aliis
1477 2077 1634 2116 largiamur,
1652 2078 1674 2106 si

108 2129 283 2158 substantiam
299 2135 416 2157 nostram
431 2127 546 2156 aliorum
567 2127 705 2164 faciamus,
720 2134 784 2156 tunc
805 2137 885 2165 super
897 2126 969 2165 quod
984 2126 1114 2155 habemus
1129 2125 1272 2166 adjicietur
1288 2126 1376 2159 nobis,
1399 2133 1424 2154 et
1444 2125 1471 2154 in
1493 2125 1541 2154 illo
1556 2132 1676 2164 tempore

109 2186 161 2205 nou
183 2176 255 2205 dixit
276 2187 282 2203 ε
304 2176 383 2204 Date
406 2176 487 2203 nohis
503 2175 608 2209 oleum,
631 2176 702 2213 quia
721 2175 948 2212 e.1·sling111mtur
961 2173 1111 2212 lampades
1132 2179 1238 2201 nostra?
1256 2184 1264 2200 :
1279 2172 1339 2201 aliis
1359 2183 1411 2201 non
1426 2171 1575 2211 egebimus,
1592 2182 1676 2211 neque

109 2234 170 2251 eum
185 2223 255 2251 imus
271 2222 305 2251 ad
322 2221 476 2258 vendentes,
492 2221 677 2259 relinquemur
690 2220 817 2257 exclusae,
835 2230 920 2258 neque
935 2219 1076 2248 audiemus
1090 2219 1165 2247 illam
1180 2230 1273 2248 vocem
1290 2218 1455 2247 tremendam
1468 2229 1499 2247 ae
1514 2218 1673 2255 terribilem,

1543 2278 1549 2294 :
1568 2266 1674 2294 intran-

110 2325 146 2346 tes
160 2324 249 2346 autem
264 2316 412 2356 spiritalem
430 2315 590 2349 thalamum,
604 2314 682 2343 bonis
697 2313 822 2353 plurimis
840 2313 1015 2353 perfruemur.
1030 2313 1059 2342 Si
1074 2313 1144 2341 enim
1160 2313 1186 2341 in
1202 2312 1251 2341 hac
1266 2313 1322 2342 vita
1336 2312 1374 2341 sie
1389 2313 1477 2341 clarus
1489 2319 1528 2341 est
1540 2312 1675 2342 thalamus

108 2270 174 2299 ‹lum
191 2270 328 2309 pulsamus
349 2268 383 2297 ad
395 2269 516 2307 januam,
534 2268 638 2296 Nescio
654 2277 727 2300 vos;
742 2266 788 2295 sed
803 2273 942 2305 cognoscet
956 2276 1014 2304 nos,
1029 2273 1054 2294 ct
1073 2276 1133 2294 cum
1149 2276 1245 2305 sponso
1260 2266 1341 2294 simul
1360 2265 1523 2294 intrabimus

108 2365 208 2405 sponsi,
220 2365 257 2392 sic
273 2363 427 2392 habitacula
442 2363 512 2390 clara
528 2368 590 2390 sunt
604 2368 682 2400 atque
695 2361 800 2395 festiva,
815 2367 843 2388 ut
855 2360 946 2388 nullus
960 2359 1043 2400 possit
1054 2359 1159 2388 intuens
1174 2359 1289 2388 saturari
1305 2372 1310 2387 2
1328 2360 1412 2388 multo
1424 2359 1541 2399 amplius
1552 2359 1598 2388 ille
1613 2360 1673 2388 tha-

108 2414 207 2448 lamus,
221 2412 271 2441 hoc
283 2418 321 2440 est
335 2411 438 2447 caelum,
453 2417 477 2439 ct
495 2409 541 2438 illc
557 2409 603 2447 qui
616 2409 643 2437 in
659 2408 724 2437 caelo
735 2415 773 2437 est
789 2407 879 2447 sponsi
895 2407 1040 2444 thalamus,
1057 2407 1152 2436 melior
1167 2414 1253 2436 exstat
1267 2414 1292 2435 et
1307 2407 1423 2435 clarior:
1440 2407 1506 2436 illuc
1521 2406 1629 2436 ibimus.
1645 2408 1673 2438 S.

107 2467 196 2489 autem
212 2459 345 2488 thalamus
359 2458 415 2498 ipse
428 2464 482 2485 tam
497 2456 608 2496 pulcher
627 2463 674 2493 est,
688 2455 776 2495 qualis
794 2455 843 2484 erit
860 2465 974 2494 sponsus
985 2455 998 2481 Ξ)
1015 2454 1049 2483 Et
1063 2454 1131 2493 quid
1146 2454 1218 2490 dieo,
1236 2461 1263 2483 ut
1278 2461 1433 2483 ornamenta
1446 2465 1525 2483 aurea
1539 2453 1674 2494 deponen-

110 2516 146 2537 tes
161 2507 345 2546 indigentibus
360 2504 529 2545 largiamur?
544 2504 646 2533 sienim
662 2504 773 2544 possetis
788 2503 868 2532 ctiam
887 2502 1006 2542 vosipsas
1022 2503 1196 2537 venumdare,
1211 2502 1232 2530 si
1250 2502 1326 2531 vobis
1343 2509 1536 2541 proponeretur
1556 2508 1585 2530 ut
1596 2502 1630 2531 de
1642 2502 1674 2530 li-

110 2555 180 2585 beris
194 2555 282 2585 essetis
296 2554 408 2591 ancillae,
421 2552 606 2593 quosseuniJillo
623 2552 732 2591 possetis
747 2562 843 2591 sponso
859 2551 990 2589 habitare,
1007 2557 1031 2579 et
1044 2550 1088 2579 illa
1107 2557 1177 2579 tanta
1193 2550 1292 2590 perfrui
1309 2550 1520 2589 pulchritudine,
1533 2556 1558 2579 ct
1572 2556 1672 2580 tantam
