1906 2846
101 502 219 532 Ll'wtiss.

100 541 136 555 ΙΙ,

96 688 236 710 2.(*m·.12.

97 727 121 741 2.

99 833 154 853 Gal.
171 832 235 853 Ι.13.

98 886 118 901 1.
142 880 193 899 Cur.
212 887 225 907 9

98 910 226 939 ¹5·=¹4›¹3

255 199 270 208 ,-

254 210 321 244 372
595 208 625 230 S.
653 207 796 231 JOANNIS
821 207 1000 230 CHRYSOST.

250 270 418 298 admirantem
444 270 492 297 boe
517 279 626 307 corpore
640 268 734 297 leviter
751 274 776 296 et
796 274 892 296 temere
912 267 991 296 indu-

250 324 316 344 tum.
336 316 372 343 Es
387 316 412 343 111
428 320 583 353 paupertate
595 313 607 341 Ρ
621 313 667 341 sed
688 324 739 341 non
761 313 787 341 1’11
804 320 876 341 tanta
892 321 992 351 quanta

251 362 352 390 Paulus
363 383 370 397 ,
385 361 429 397 qui
446 370 506 387 cum
521 360 606 395 fame,
622 359 666 387 siu
681 366 706 387 et
721 358 841 387 nuditate
855 359 992 388 conflicta-

249 407 328 434 batur
344 418 349 432 :
366 416 416 433 non
433 405 504 433 enim
520 415 603 433 unum
614 404 685 433 diem
705 405 755 433 hoc
769 412 806 433 est
822 416 932 444 passus,
946 406 992 435 sed

249 458 377 490 perpetuo
392 450 442 478 hoc
460 450 621 489 patiebatur.
641 450 720 479 Unde
735 451 785 479 hoc
800 452 924 480 constat?
940 453 992 480 Au-

248 498 275 526 di
291 508 351 525 eum
367 497 500 526 dicentem
517 509 522 524 :
543 499 641 536 Z'sque
655 499 686 525 in.
709 498 787 526 lianc
807 499 910 526 horam
924 509 991 527 esu-

249 547 350 578 rimus,
365 551 392 572 et
407 546 530 577 sitimus,
548 551 574 571 et
589 544 659 571 nudi
673 554 780 573 sumus.
795 545 874 583 Papae
886 544 892 574 ἶ
905 555 991 582 quan-

249 598 303 619 tam
328 590 441 628 gloriam
463 590 519 628 jam
545 597 702 627 assequutus
728 590 754 618 in
781 589 989 628 praedicatione,

249 644 302 665 tam
327 636 411 664 multa
434 636 550 672 screbat,
568 636 666 674 etjam
689 635 784 673 viginti
809 647 891 665 annos
912 636 938 664 in
963 647 992 665 ea

249 683 413 715 confecerat,
429 682 536 720 quando
558 682 616 710 brec
637 682 771 710 scribebat
783 682 796 710 ἶ)
810 682 874 711 Scio
897 685 990 718 euim,

250 729 353 766 iuquit,
380 730 525 756 homiuem
550 733 619 755 aute
642 738 737 756 annos
763 729 993 767 (straticordecim,

250 776 310 802 sive
325 776 355 801 iu
375 783 507 811 corpore,
523 775 581 801 sive
604 779 688 801 6.τίιά
714 784 815 812 corpus
839 776 953 808 nescio;
970 781 994 803 et
1012 777 1029 800 C

250 830 357 853 rursus,
373 820 444 846 Post
460 825 516 846 tres
537 829 643 855 annos,
657 819 761 856 inquit,
777 821 897 848 ascendi
911 822 994 849 ‚Iero-

249 865 405 900 ςιιῌηιαηι.
423 864 457 891 Et
480 875 572 892 rursus
595 864 659 892 audi
684 875 745 893 eum
764 865 895 894 dicentem
911 878 916 893 :
934 868 994 894 Bo-

251 921 319 938 num
343 917 384 938 esc
404 911 476 937 milii
491 913 584 948 magis
608 912 692 946 mori,
708 921 796 950 quam
815 918 845 940 ut
867 912 994 951 gloriam

250 967 342 984 meam
363 958 428 994 quis
448 962 578 984 evacuet.
596 957 651 984 Nec
666 956 717 984 hoe
734 957 819 985 solum
831 980 837 990 ‚
852 957 897 985 sed
913 958 993 986 etiam

248 1012 341 1030 rursus
367 1002 487 1030 scribens
524 1001 631 1030 dicebat
660 1014 666 1030 :
697 1003 775 1031 Sicut
800 1011 993 1041 purgamenta

247 1050 349 1077 muudi
365 1051 443 1088 sacti
466 1060 573 1078 sumus.
589 1050 662 1084 Quid
686 1050 756 1078 fame
778 1050 911 1088 gravius?
926 1051 992 1088 quid

247 1096 345 1134 frigore
355 1118 362 1132 ,
376 1095 443 1133 quid
460 1095 564 1123 insidiis
577 1106 591 1123 a
606 1096 736 1123 fratribus
747 1119 753 1131 ‚
771 1107 838 1133 quos
852 1097 933 1124 etiam
945 1108 992 1136 ap-

248 1144 328 1183 pellat
343 1143 422 1171 falsos
435 1144 530 1171 fratres
542 1143 555 1171 ἒ)
571 1154 656 1171 nonne
669 1144 814 1172 vocabatur
828 1144 900 1172 orbis
915 1151 991 1173 terrae

248 1189 395 1229 pernicies,
426 1199 478 1217 non
506 1189 649 1227 impostor,
672 1199 723 1217 non
748 1190 879 1217 eversor?
904 1200 991 1218 annon

247 1235 471 1263 conscindebatur
486 1235 578 1272 flagris
595 1235 699 1263 caesus?
715 1235 778 1263 Haec
792 1235 869 1263 nobis
885 1236 991 1264 veniant

247 1282 274 1310 in
300 1288 426 1316 mentem,
443 1291 459 1309 ο
478 1280 585 1318 dilecti,
602 1281 659 1309 liaec
683 1281 845 1319 cogitemus,
864 1282 920 1310 lime
936 1293 991 1310 me-

247 1327 404 1355 minerimus
417 1334 441 1355 et
455 1337 603 1364 numquam
618 1326 796 1355 dissolvemur
810 1334 834 1355 ct
849 1327 988 1356 enervabi-

246 1383 317 1406 mur,
344 1371 448 1399 etiamsi
479 1372 577 1409 injuria
603 1372 766 1407 afficiamur,
791 1372 893 1401 etiamsi
918 1373 987 1401 hona

246 1424 334 1446 nostra
355 1417 530 1456 diripiantur,
550 1417 652 1445 etiamsi
669 1417 737 1445 mala
756 1418 889 1456 patiamur
904 1417 986 1445 innu—

246 1474 329 1492 mera.
348 1464 433 1491 Detur
448 1462 525 1490 nobis
541 1470 569 1490 ut
586 1463 611 1490 in
627 1462 697 1490 caelis
712 1463 738 1490 iu
754 1463 820 1490 bona
835 1463 918 1491 simus
930 1463 987 1491 exi-

245 1511 412 1547 stimatione,
431 1517 455 1538 et
476 1517 536 1537 sunt
556 1511 643 1538 omnia
670 1510 818 1538 tolerabilia
836 1509 936 1538 :detur
959 1517 987 1538 ut

245 1557 300 1584 illic
315 1567 354 1584 res
370 1563 472 1584 nostras
487 1555 552 1584 bene
567 1566 688 1593 geramus
698 1578 706 1590 ,
721 1563 747 1584 et
761 1566 851 1584 eorum
866 1567 925 1594 quae
943 1556 986 1584 liic

1030 208 1171 231 Ancum?
1178 224 1185 232 .
1214 209 1339 232 CONSTA
1347 211 1483 234 NTlNOl‘.

1050 281 1135 306 μενον.
1160 269 1206 297 Ἐν
1231 269 1308 308 πενίᾳ
1324 265 1363 306 el,
1380 272 1436 300 ἀλλ’
1461 273 1505 300 οὐκ
1529 273 1554 300 ἐν
1580 272 1710 311 τοσαύτῃ,
1731 274 1778 311 ὅσῃ
1800 273 1813 300 ὁ

1050 316 1170 350 Παῦλος,
1186 317 1199 343 ὃ
1213 316 1257 344 καὶ
1273 318 1299 344 ἐν
1322 317 1392 356 λιμῷ
1418 317 1597 355 ἐξεταζόμενος
1613 319 1658 346 καὶ
1681 319 1748 357 δίψει
1769 318 1813 347 καὶ

1048 361 1210 399 γυμνότητι·
1228 363 1256 390 οὐ
1273 361 1323 400 γὰρ
1339 362 1400 400 μίαν
1414 363 1515 401 ἡμέραν
1528 366 1605 392 τοῦτο
1623 363 1731 399 ἔπαθεν,
1746 363 1814 392 ἀλλὰ

1050 408 1175 442 διηνεκῶς
1185 409 1262 436 τοῦτο
1275 408 1408 445 ὑπέμεινε.
1422 408 1507 437 Πόθεν
1522 412 1597 437 τοῦτο
1613 409 1709 445 δῆλοη
1723 409 1815 438 Ἄκουε

1049 455 1127 482 αὐτοῦ
1143 453 1264 491 λε’γοντος
1277 466 1283 471 ·
1296 454 1373 493 Ἄχρι
1388 457 1434 489 τῆς
1451 455 1509 493 ἄρτι
1526 455 1596 495 ὥρας
1610 456 1655 484 καὶ
1667 457 1814 493 πεινῶμεν,

1048 500 1092 528 καὶ
1106 501 1238 539 διψῶμεν,
1254 500 1297 528 καὶ
1312 501 1517 540 γυμνητεύομεν.
1529 501 1633 537 Bagou,
1646 501 1730 536 πόσην
1746 500 1813 539 ἔχων

1047 546 1098 580 ἤδη
1115 546 1189 579 δόξαν
1202 548 1227 575 ἐν
1243 548 1280 585 τῷ
1295 546 1445 585 κηρύγματι
1456 569 1463 583 ,
1479 550 1592 576 τοσαῦτα
1610 547 1751 585 ὑπέμενεν,
1773 547 1813 574 εἰ-

1047 591 1139 620 κοστὸν
1162 592 1252 620 λοιπὸν
1268 592 1323 624 ἔτος
1339 592 1420 631 ἔχων,
1438 592 1479 621 ὅτε
1504 595 1586 621 ταῦτα
1603 592 1724 631 ἔγραφεν.
1742 587 1811 620 Οἶδα

1046 637 1111 677 γὰρ,
1129 637 1217 676 φησὶν,
1233 638 1366 676 ἄνθρωπον
1384 639 1434 677 πρὸ
1450 640 1514 667 ἐτῶν
1531 639 1739 678 δεκατεσσάρων,
1759 637 1811 666 εἴτε

1047 685 1073 712 ἐν
1092 683 1211 721 σώματι,
1233 684 1284 712 εἴτε
1308 684 1380 716 ἐκτὸς
1394 687 1439 712 τοῦ
1455 683 1591 722 σώματος,
1610 685 1657 713 οὐκ
1678 680 1735 712 οἶδα
1747 695 1752 701 ·
1768 683 1813 712 καὶ

1047 730 1142 765 πάλιν,
1158 730 1234 758 Μετὰ
1254 730 1315 769 τρία
1331 730 1390 766 ἔτη,
1412 731 1489 769 φησὶν
1500 753 1507 765 ,
1523 732 1632 766 ἀνῆλθον
1648 732 1683 762 εἷς
1698 729 1812 768 Ἱεροσό-

1048 777 1127 813 λυμα.
1144 776 1203 805 Καὶ,
1213 777 1292 804 πάλιν
1315 777 1392 805 ἄκουε
1414 777 1492 805 αὐτοῦ
1513 776 1633 814 λέγοντος
1645 788 1650 793 ·
1668 776 1754 804 Καλόν
1769 787 1813 813 μοι

1048 824 1202 858 ἀποθανεῖν,
1217 822 1233 857 ἢ
1250 822 1279 850 τὸ
1299 822 1427 861 καύχημά
1449 834 1497 860 μου
1519 822 1561 851 ἵνα
1585 835 1624 855 τις
1646 821 1757 861 κενώσῃ.
1772 823 1813 850 Οὐ

1049 870 1125 906 μόνον
1145 869 1171 898 δὲ
1190 872 1279 904 τοῦτο,
1294 868 1361 896 ἀλλὰ
1375 868 1420 897 καὶ
1434 869 1514 896 πάλιν
1528 868 1635 907 γράφων
1649 868 1735 905 ἔλεγεν
1746 880 1752 885 ·
1767 867 1815 900 (Ως

1048 914 1267 953 περικαθάρματα
1290 917 1334 943 τοῦ
1359 914 1458 952 κόσμου
1482 914 1651 952 ἐγενήθημεν.
1676 914 1711 942 Τί
1735 914 1814 951 λιμοῦ

1047 960 1249 999 *stockem-‘respon
1276 960 1301 988 τί
1326 962 1444 998 κρυμοῦ,
1469 960 1494 988 τί
1517 962 1568 988 τῶν
1594 960 1738 988 ἐπιδουλῶν
1762 961 1814 987 τῶν

1046 1006 1119 1045 παρὰ
1134 1007 1266 1045 &Salei-”im
1281 1005 1322 1038 οὒς
1334 1005 1527 1044 ψευδαδέλφους
1539 1005 1629 1034 λοιπὸν
1646 1006 1729 1034 καλεῖ.
1744 1004 1815 1043 Οὐχὶ

1045 1051 1152 1089 λυμεὼν
1179 1053 1298 1080 ἐκαλεῖτο
1320 1054 1366 1086 τῆς
1393 1052 1565 1089 οἷκουμένης;
1589 1051 1647 1090 οὐχὶ
1673 1049 1813 1085 ἀπατεών;

1046 1098 1103 1136 οὐχὶ
1127 1098 1305 1136 ἀνατροπεύς;
1327 1097 1386 1136 οὐχὶ
1407 1097 1582 1126 κατεκόπτετο
1607 1096 1814 1134 μαστιζόμενος,

1045 1145 1138 1172 Ταῦτα
1161 1144 1186 1171 ἐν
1210 1145 1245 1182 νῷ
1261 1143 1397 1180 tolonum,
1417 1143 1565 1179 ἀγαπητοὶ,
1581 1144 1664 1170 ταῦτα
1688 1143 1813 1180 ἀναλογι-

1045 1189 1165 1227 ζώμεΟα,
1180 1192 1264 1217 ταῦτα
1287 1188 1507 1227 μνημονεύωμεν,
1523 1188 1568 1217 καὶ
1590 1187 1713 1217 οὐδέποτε
1735 1189 1810 1216 ἐκλυ-

1046 1235 1194 1273 θησόμεΟα,
1219 1235 1266 1263 κᾶν
1289 1234 1456 1272 ἀδικώμεθα,
1473 1234 1519 1262 κᾶν
1543 1233 1738 1272 ἁρπαζώμεθα,
1764 1233 1812 1261 κᾶν

1046 1282 1126 1320 μυρία
1142 1282 1288 1320 πάσχωμεν
1306 1281 1385 1309 κακά.
1404 1280 1511 1309 Γένοιτο
1525 1279 1558 1307 τὰ
1579 1281 1604 1308 ἐν
1623 1284 1676 1311 τοῖς
1697 1281 1814 1318 οὐρανοῖς

1043 1330 1113 1365 ἡμᾶς
1139 1327 1298 1363 εὐδοκιμεῖν,
1322 1326 1366 1354 καὶ
1391 1326 1478 1353 πάντα
1506 1325 1608 1364 φορητά
1625 1336 1630 1342 ·
1656 1325 1757 1363 γένοιτο
1785 1320 1813 1353 εἶ

1042 1372 1166 1411 πράττειν
1183 1373 1250 1407 ἐκεῖ,
1266 1372 1311 1399 καὶ
1332 1373 1384 1399 τῶν
1407 1373 1519 1399 ἐνταῦθα
1541 1370 1616 1409 λόγος
1631 1370 1722 1403 οὐδείς.
1743 1369 1812 1399 Σκιὰ

1042 1419 1125 1447 ταῦτα’
1138 1420 1195 1446 ἐστι
1217 1418 1261 1446 καὶ
1276 1418 1338 1456 ὄναρ
1350 1429 1355 1434 ·
1370 1413 1411 1445 οἷα
1427 1417 1456 1445 ἂν
1476 1417 1532 1453 εἴη,
1547 1417 1723 1454 ἐλπιζομένων
1745 1416 1812 1445 ἐκεί-

1042 1476 1092 1492 νων
1106 1464 1151 1492 καὶ
1169 1463 1394 1502 προσδοκωμένων
1406 1485 1412 1497 ,
1428 1463 1500 1491 οὐδέν
1516 1464 1572 1491 ἔστι
1585 1464 1638 1490 τῶν
1653 1463 1742 1491 δεινῶν
1755 1462 1812 1491 οὔτε

1042 1513 1074 1548 τῇ
1098 1510 1188 1548 φύσει,
1211 1509 1269 1538 οὔτε
1293 1511 1330 1548 τῷ
1354 1509 1450 1548 χρόνῳ.
1466 1509 1502 1537 Τι’
1521 1508 1571 1547 γὰρ
1592 1508 1679 1547 βούλει
1693 1508 1757 1548 πρὸς
1778 1508 1812 1537 τὰ

1044 1556 1115 1585 δεινὰ
1131 1557 1219 1584 ἐκεῖνα
1234 1555 1449 1595 παραὸάλωμεη
1465 1555 1491 1583 τί
1505 1555 1570 1594 πρὸς
1581 1555 1611 1583 τὸ
1625 1558 1676 1594 πῦρ
1690 1554 1719 1583 τὸ
1733 1554 1812 1583 &¹665-

244 1609 307 1631 sunt
332 1603 406 1630 nulla
428 1602 478 1630 erit
503 1603 579 1630 ratio.
607 1602 671 1631 Haec
693 1609 754 1630 sunt
779 1602 875 1630 umbra
898 1609 923 1631 ct
939 1613 985 1631 so—
996 1620 1031 1639 202
1042 1615 1116 1636 στον,
1128 1602 1192 1641 πρὸς
1206 1602 1249 1630 τὸν
1270 1601 1396 1636 σκώληκα
1410 1601 1453 1629 τὸν
1469 1600 1638 1636 ἀτελεύτητον
1650 1611 1658 1637 ;
1672 1600 1697 1628 τί
1712 1600 1810 1636 δυνήσῃ

246 1650 349 1677 11111111111
363 1661 368 1676 :
385 1648 652 1687 cujusmodicumque
675 1648 740 1686 sint,
769 1648 793 1676 in
808 1649 918 1677 illorum
947 1660 992 1687 spe
1012 1650 1030 1671 Α
1047 1649 1102 1677 ἴσον
1118 1650 1198 1677 εἰπεῖν
1213 1650 1265 1676 τῶν
1280 1650 1393 1676 ἐνταῦθα
1408 1647 1472 1685 πρὸς
1486 1647 1528 1675 τὸν
1546 1646 1660 1685 βρυγμὸν
1677 1646 1811 1675 τῶν-ὀδόν-

247 1702 271 1723 et
286 1695 496 1734 exspectatione,
513 1695 581 1722 nihil
597 1702 634 1723 est
657 1705 738 1733 grave
753 1706 799 1723 nec
816 1702 928 1733 natura,
944 1706 993 1724 nee
1045 1707 1107 1729 των,
1129 1694 1193 1733 πρὸς
1217 1693 1249 1722 τὰ
1272 1693 1369 1730 δεσμὰ,
1391 1693 1455 1732 πρὸς
1469 1693 1499 1722 τὸ
1513 1694 1604 1725 σκότος
1626 1693 1656 1721 τὸ
1676 1691 1808 1731 ἐξώτερον,

661 1802 837 1830 MUTIANO
859 1801 1114 1831 SCHOLASTICO
1136 1799 1353 1829 INTERPRET
1360 1799 1390 1827 E.

245 1893 424 1927 adamantem,
443 1892 490 1931 qui
512 1892 596 1922 veluti
613 1893 635 1921 si
653 1893 709 1932 jam
728 1903 893 1932 supervacue
912 1892 1067 1921 indueretur
1088 1903 1215 1932 corpore,
1238 1892 1275 1921 ita
1293 1892 1400 1931 gerebat
1421 1891 1490 1920 hanc
1503 1892 1596 1922 vitam.
1611 1893 1642 1921 In
1658 1899 1813 1932 paupertate

245 1941 291 1969 es?
307 1940 353 1969 sed
367 1951 418 1968 non
433 1951 460 1968 es
483 1940 510 1968 in
526 1947 623 1978 quanta
640 1940 690 1968 fuit
705 1940 819 1977 Paulus,
837 1940 883 1978 qui
905 1940 983 1968 etiam
999 1941 1026 1968 in
1042 1941 1112 1968 fame
1133 1941 1302 1968 examinatus
1316 1946 1353 1968 est
1369 1946 1393 1968 et
1409 1939 1451 1967 siti
1469 1950 1500 1968 ac
1514 1939 1643 1968 nuditate.
1661 1939 1714 1968 Sed
1727 1950 1812 1978 neque

246 1998 299 2015 uno
313 1987 357 2015 die
369 1986 427 2014 liaec
441 1997 535 2025 passus
550 1993 605 2022 est,
621 1986 666 2015 sed
680 1993 809 2026 perpetuo
824 1987 887 2015 talia
903 1987 1059 2015 sustinebat.
1075 1987 1157 2016 Unde
1168 1987 1221 2016 hoc
1238 1993 1342 2015 certum
1358 1986 1417 2014 est?
1433 1986 1551 2015 Adverte
1565 1986 1642 2014 illum
1656 1986 1788 2015 dicentem
1802 1998 1809 2015 ε

250 2036 346 2074 Usque
360 2037 391 2062 in
405 2035 482 2062 hanc
499 2035 602 2063 horam
619 2041 646 2063 et
659 2037 819 2072 esurimus,
839 2041 866 2063 et
886 2037 999 2063 sitimus
1010 2058 1019 2073 ,
1035 2042 1062 2063 et
1083 2036 1155 2064 nudi
1169 2046 1279 2064 sumus.
1297 2035 1321 2063 O
1337 2045 1393 2062 rem
1414 2033 1620 2072 admirabilem,
1636 2045 1697 2063 cum
1710 2041 1811 2063 tantam

246 2080 274 2109 in
296 2080 485 2120 praedicatione
513 2080 625 2118 gloriam
652 2080 814 2120 possideret,
836 2092 897 2109 eum
925 2088 996 2110 lanta
1016 2081 1183 2121 patiebatur,
1208 2089 1233 2110 et
1250 2080 1369 2109 fortassis
1390 2079 1524 2117 reliquum
1544 2091 1642 2109 annum
1663 2080 1726 2108 vitae
1745 2090 1811 2118 age-

246 2127 309 2163 bat,
332 2125 443 2164 quando
462 2126 511 2154 ista
531 2127 673 2154 scribebat.
701 2128 765 2156 Scio
789 2129 867 2155 enim
899 2129 1046 2156 hominem
1067 2134 1136 2156 ante
1159 2137 1255 2156 annos
1282 2126 1499 2165 quatuordecim
1513 2147 1520 2160 ,
1544 2127 1605 2153 sive
1630 2129 1660 2154 in
1680 2135 1809 2164 corpore,

246 2175 308 2202 sive
328 2179 413 2201 extra
431 2182 551 2211 corpus,
571 2175 686 2207 nescio,-
707 2180 732 2202 et
752 2174 863 2209 iterum,
889 2175 960 2203 Post
981 2181 1037 2202 tres
1059 2184 1170 2210 annos,
1191 2173 1296 2211 inquit,
1321 2171 1438 2201 ascendi
1458 2172 1686 2208 Jerosolymam.
1705 2171 1740 2200 Et
1762 2171 1811 2200 ite-

248 2230 308 2247 rum
323 2218 387 2247 audi
402 2229 463 2246 eum
478 2218 611 2247 dicentem
627 2231 633 2247 ε
650 2221 765 2248 Bonum
790 2221 862 2248 mihi
883 2227 924 2249 est
941 2222 1027 2257 mori,
1043 2231 1130 2259 qtcam
1153 2226 1184 2248 ut
1207 2219 1334 2258 gloriam
1360 2228 1454 2246 meam
1478 2219 1632 2246 exinaniat
1647 2219 1810 2257 quisquam.

248 2266 308 2294 Non
323 2265 410 2294 solum
424 2271 512 2293 autem
524 2265 588 2301 hoc,
603 2265 649 2293 sed
662 2266 742 2294 etiam
757 2266 852 2295 iterum
867 2266 974 2295 dicebat
989 2290 995 2301 ,
1010 2267 1128 2295 scribens
1146 2278 1152 2294 :
1168 2266 1247 2295 Sicut
1268 2271 1466 2304 purgamenta
1481 2265 1584 2292 mundi
1598 2265 1682 2304 sacti
1701 2275 1808 2294 santus.

248 2312 322 2348 Quid
338 2320 393 2349 est,
409 2313 530 2350 inquam,
543 2313 612 2341 fame
625 2320 649 2341 et
664 2314 708 2341 siti
723 2313 840 2342 deterius
853 2314 866 2342 Ξ)
880 2315 946 2353 quid
960 2315 1058 2353 frigore
1072 2314 1167 2344 saevius
1180 2313 1269 2352 ?quid
1284 2314 1398 2341 fratrum
1413 2311 1518 2340 insidiis
1534 2312 1731 2351 periculosius?
1745 2324 1810 2351 quos

247 2360 325 2388 etiam
351 2360 431 2388 falsos
453 2360 547 2388 fratres
567 2359 694 2398 appellat.
712 2361 805 2389 Nonne
821 2362 930 2390 morbus
950 2361 1044 2390 mundi
1068 2361 1245 2397 vocitabatur,
1267 2367 1346 2399 atque
1369 2358 1517 2398 deceptor?
1533 2369 1621 2388 nonne
1645 2359 1811 2388 subversor?

248 2417 334 2435 nonne
354 2406 512 2435 verberibus
527 2405 740 2435 concidebatur?
755 2407 817 2435 Haee
838 2408 864 2436 in
879 2416 996 2437 mentem
1017 2419 1172 2444 sumamus,
1188 2408 1282 2436 fratres
1308 2406 1493 2444 dilectissimi,
1511 2405 1570 2434 haec
1592 2404 1808 2441 consideremus,

248 2454 303 2482 haec
316 2454 342 2481 in
357 2453 484 2482 memoria
500 2460 645 2489 teneamus,
662 2460 686 2482 et
702 2465 847 2492 numquam
863 2456 1060 2491 dissolvemur,
1074 2467 1104 2484 ac
1115 2456 1135 2485 si
1148 2455 1260 2495 injurias
1275 2454 1418 2494 patiamur,
1434 2464 1464 2482 ac
1478 2453 1500 2482 si
1515 2453 1633 2492 rapinas,
1644 2463 1675 2481 ac
1685 2453 1707 2481 si
1719 2452 1809 2482 decem

248 2501 334 2529 millia
356 2501 468 2540 pessima
484 2502 628 2541 patiamur.
650 2502 792 2541 Contingat
813 2513 860 2532 nos
881 2504 908 2532 in
932 2505 1002 2533 caelis
1022 2504 1174 2544 probabiles
1196 2513 1335 2542 apparere,
1352 2509 1376 2531 et
1391 2502 1479 2530 omnia
1496 2501 1552 2530 haee
1567 2501 1709 2540 portabilia
1725 2508 1806 2530 sunt:

248 2548 382 2586 contingat
404 2559 451 2577 nos
477 2549 534 2577 illic
560 2549 627 2578 bene
647 2560 740 2588 agere,
763 2556 788 2579 et
809 2561 850 2578 res
873 2551 954 2590 liujus
976 2552 1037 2581 vitae
1060 2551 1163 2580 nullius
1184 2550 1311 2579 momenti
1339 2557 1410 2578 sunt.
1433 2549 1545 2578 Umbrae
1565 2554 1626 2576 sunt
1646 2548 1698 2577 ista
1719 2555 1744 2577 et
1763 2559 1807 2578 so-

249 2594 350 2622 mnium
372 2607 377 2622 :
399 2595 604 2634 qualiacumque
624 2596 693 2634 sint,
713 2597 757 2626 illa
778 2608 913 2637 speremus
933 2604 957 2627 et
977 2605 1126 2637 spectemus
1151 2610 1156 2626 :
1180 2597 1228 2626 ista
1248 2596 1324 2626 nobis
1344 2596 1413 2625 mala
1435 2595 1508 2624 nulla
1527 2594 1693 2634 apparebunt
1712 2594 1754 2624 vel
1773 2605 1806 2623 cx
