1906 2846
650 183 786 204 sommis
814 181 993 203 cunrsoffr.
1025 181 1179 204 Ancum-31³.
1209 182 1476 206 (ΟΝὸΤᾸΝΤΙΝΟΡ.

259 176 325 216 ’,ιῇ
592 185 619 205 5.

257 246 440 274 numerabilia.
452 244 563 273 §escitis
577 244 762 282 ipsosqnoque
774 242 857 269 malos
875 241 991 270 irridere
1001 270 1037 287 ²70
1046 243 1161 281 γέλωτα,
1175 245 1209 276 εἰς
1223 244 1373 281 σκώμματα
1387 244 1476 282 μυρία.
1495 246 1552 272 Οὐκ
1566 245 1647 273 οἴεσθε
1663 245 1707 273 καὶ
1723 243 1813 275 αὐτοὺς

255 303 297 320 eos
311 302 425 329 quorum
446 297 507 318 sunt
532 290 612 317 iidem
631 299 727 322 mores,
740 295 764 316 ct
779 299 822 316 cos
841 287 991 316 damnare?
1010 297 1028 318 Α
1046 288 1104 321 τοὺς
1120 289 1248 328 πονηροὺς
1265 290 1412 328 καταγελᾷν
1425 291 1475 317 τῶν
1491 290 1658 329 ὁμοτρόπων,
1673 292 1717 319 καὶ
1732 302 1812 319 κατα-

256 338 322 365 Nam
333 336 458 373 qnoniam
474 335 544 361 Dens
558 332 655 361 indidit
665 333 741 361 nobis
760 333 904 371 judicium,
919 332 991 370 quod

254 382 404 410 labosar-tari
425 387 449 408 et
465 391 610 418 numquam
631 380 765 418 corrumpi
779 379 991 418 potcst,ctiamsi

254 427 361 465 ingressi
377 426 504 454 fuerimus
519 426 545 453 in
559 426 647 465 ipsum
660 425 718 453 vitii
735 424 900 464 profundum
912 436 918 452 z
932 424 991 454 ideo

251 480 274 501 et
292 473 342 512 ipsi
360 472 423 500 mali
438 472 537 511 seipsos
556 471 733 500 condemnant
749 482 756 506 3
771 477 794 498 et
815 470 835 498 si
857 470 991 510 quispiam

251 529 294 546 eos
316 518 343 546 id
365 517 436 555 quod
459 525 518 546 sunt
535 517 685 553 vocaverit,
706 527 749 544 eos
770 515 865 555 pudet,
883 515 992 554 indigne

252 564 338 591 serunt
348 586 355 597 ‚
369 571 393 591 et
409 574 464 592 rem
479 575 536 591 eam
549 563 643 591 dicunt
657 572 712 590 esse
727 561 925 590 contumeliam.
938 562 990 599 lta,

252 611 272 637 si
289 620 340 638 non
355 610 440 645 sactis,
453 609 538 637 verbis
551 615 619 637 certe
631 607 807 637 condemnant
820 618 878 645 quse
893 607 992 636 faciunt

252 666 298 694 per
321 656 524 689 conscientiam,
547 655 599 683 imo
625 664 687 683 vero
713 654 792 682 etiam
814 653 900 681 factis.
923 654 991 682 Cum

251 701 320 729 enim
341 701 491 729 clanculum
510 707 534 728 et
555 701 579 728 in
600 700 703 728 occulto
722 700 840 735 faciunt,
857 700 991 728 sententiae

251 758 330 784 qnam
341 746 374 774 de
388 757 414 774 re
427 746 523 774 habent
537 746 684 774 maximnm
699 746 837 785 proferunt
850 745 989 774 indicium.

253 792 357 820 Vitium
374 792 442 819 enim
459 798 497 819 est
511 791 576 819 adeo
591 791 770 828 manifestum,
782 798 811 820 ut
828 801 918 819 omnes
933 791 990 830 ejus

248 838 300 865 sint
318 844 499 875 accusatoi·e5‚
516 837 594 866 etiam
615 837 633 865 ii
658 838 703 876 qui
722 838 811 877 ipsum
832 844 961 877 usurpant
980 850 986 865 ε

249 890 318 911 tanta
334 890 422 911 autem
439 894 479 912 res
496 890 533 911 est
551 883 648 920 virtus,
664 890 693 912 ut
709 883 735 911 in
751 883 928 912 admiratione
941 883 988 912 lia-

248 930 341 958 beatur
359 930 438 958 etiam
457 929 491 958 ab
513 929 583 961 illis,
602 930 647 967 qui
668 940 726 958 eam
746 940 798 958 non
817 930 986 959 {emulantinn

248 976 314 1004 Nam
333 982 356 1004 et
373 982 502 1004 scortator
518 975 641 1003 laudabit
663 976 865 1015 temperantiam
885 982 909 1004 ct
926 986 986 1004 con-

247 1023 402 1059 tinentiam,
420 1030 445 1051 et
467 1034 565 1052 avarus
588 1022 777 1051 condemnabit
802 1023 960 1062 injustitiam
978 1034 985 1059 ;

247 1075 271 1096 rt
290 1069 434 1097 iracundus
454 1068 634 1097 admirabitur
652 1068 806 1108 patientiam
817 1091 824 1105 ‚
840 1076 865 1097 et
881 1068 986 1108 vitupe-

248 1115 316 1143 rabit
341 1114 485 1143 simultatis
507 1114 621 1152 vitium,
644 1122 668 1143 et
695 1114 812 1143 lascivus
835 1113 983 1144 lasciviam.

248 1160 388 1195 Quomodo
406 1171 484 1199 ergo,
502 1160 604 1198 inquit,
617 1160 673 1188 haec
686 1167 797 1199 usurpat
809 1161 822 1188 ,³
840 1160 882 1188 Ex
900 1160 985 1188 multa

248 1206 385 1242 socordia,
400 1216 460 1234 cum
475 1212 562 1234 tamen
579 1215 630 1234 non
651 1216 705 1234 esse
719 1205 819 1234 bonum
844 1205 986 1244 judicave-

248 1253 283 1280 rit
302 1264 307 1279 :
325 1251 426 1289 alioqui
444 1261 506 1279 eum
530 1251 567 1279 rei
586 1261 637 1279 non
659 1251 816 1289 puduisset,
839 1261 923 1289 neque
943 1261 986 1279 ne⁴

247 1306 333 1338 gasset
349 1299 402 1327 alio
422 1305 573 1326 accusante.
596 1298 675 1326 Multi
699 1298 779 1326 etiam
799 1297 987 1337 praeoccupati,

247 1356 308 1374 cum
322 1345 436 1373 dedecus
448 1354 500 1372 non
511 1344 618 1381 ferrent,
637 1354 664 1372 sc
681 1344 845 1372 suffocarunt
864 1355 870 1370 ε
884 1350 987 1371 tantum

247 1392 323 1420 nobis
339 1391 405 1419 inest
418 1390 521 1419 honesti
539 1396 564 1418 et
575 1390 663 1418 decori
677 1389 866 1417 testimonium.
876 1389 916 1416 Ita
929 1399 987 1426 qnae

245 1438 314 1466 bona
328 1444 398 1473 sunt,
409 1437 467 1476 ipso
482 1436 535 1465 sole
552 1435 743 1475 splendidiora,
759 1442 782 1463 et
799 1445 857 1473 quae
873 1440 933 1462 sunt
949 1434 987 1462 cis

246 1483 388 1520 contraria,
400 1489 461 1511 sunt
475 1482 594 1511 omnium
608 1481 762 1510 foedissima.

285 1532 311 1557 2
327 1529 449 1568 Hospites
464 1536 488 1557 et
503 1528 635 1568 peregrini
651 1534 724 1556 erant
738 1527 830 1556 sancti.
844 1526 986 1563 Quomodo

246 1583 270 1603 et
291 1586 343 1613 qna
364 1575 488 1603 ratione?
502 1574 548 1602 uhi
569 1574 708 1602 confitetur
724 1573 859 1600 Abraham
883 1583 911 1601 se
931 1583 987 1601 esse

247 1621 378 1660 hospitem
400 1627 424 1649 et
440 1619 632 1659 peregrinum?
651 1619 773 1647 Fortasse
796 1618 905 1656 quidem
930 1618 986 1658 ipse

248 1677 353 1705 quoqne
365 1673 401 1695 est
413 1667 561 1702 confess1153
575 1666 708 1694 consessus
719 1671 757 1693 est
766 1671 855 1693 autem
875 1665 965 1694 David
978 1687 984 1699 ,

1045 334 1182 371 γινώσκειν
1195 335 1291 368 αὐτῶν;
1304 334 1414 369 Ἐπειδὴ
1426 334 1477 374 γὰρ
1488 338 1551 371 ἡμῖν
1568 334 1706 363 ἐντέθεικεν
1722 338 1735 364 ὁ
1747 336 1813 367 Θεὸς

1046 380 1213 418 δικαστήριον
1229 380 1511 416 ἀδέκαστον,οὐδε’ποτε
1526 380 1750 419 διαφθειρόμενον,
1765 381 1812 409 κᾶν

1046 427 1082 457 εἰς
1104 426 1180 454 αὐτὸν
1195 428 1242 460 τῆς
1267 426 1359 458 κακίας
1380 426 1496 464 ἔλθωμεν
1513 426 1555 455 τὸν
1572 425 1703 463 πυθμένα·
1721 426 1813 455 τούτου

1045 471 1122 510 χάριν
1137 471 1181 499 καὶ
1202 472 1274 500 αὐτοὶ
1288 474 1311 500 οἱ
1325 472 1433 511 πονηροὶ
1452 471 1666 504 καταδικάζουσιν
1692 471 1812 507 ἑαυτοὺς,

1045 517 1093 544 κᾶν
1109 516 1200 549 αὐτοὺς
1210 518 1308 557 καλέσῃ
1316 530 1355 550 τις
1369 521 1444 546 τοῦτο
1454 541 1460 553 ,
1472 518 1535 557 ὅπερ
1549 517 1622 553 εἰσὶν,
1636 517 1813 556 αἰσχύνονται,

1045 562 1203 601 ὀργίζονται,
1219 563 1293 603 ὕὲριν
1307 564 1336 592 τὸ
1351 563 1463 603 πρᾶγμά
1478 575 1565 602 φασιν.
1580 563 1672 595 Οὕτως
1683 563 1760 592 εἶκαὶ
1774 563 1811 602 μὴ

1045 610 1078 637 δι’
1087 610 1177 649 ἔργων,
1191 610 1258 639 ἀλλὰ
1274 610 1315 639 διὰ
1327 610 1410 649 λόγων
1424 610 1640 643 καταδικάζουσιν
1649 610 1715 648 ἅπερ
1729 610 1813 649 πράτ-

1045 667 1133 691 τουσι,
1149 656 1191 685 διὰ
1208 659 1252 685 τοῦ
1277 657 1434 692 συνειδότος,
1449 657 1547 694 μᾶλλον
1574 655 1600 684 δὲ
1624 655 1668 684 καὶ
1693 655 1736 684 διὰ
1760 658 1811 684 τῶν

1044 701 1137 740 ἔργων.
1146 701 1231 730 ςΌταν
1246 702 1297 742 γὰρ
1308 702 1477 734 λανθάνοντες
1488 701 1532 730 καὶ
1546 700 1720 741 κρυπτόμενοι
1731 701 1812 740 πράτ-

1009 752 1026 774 Β
1045 759 1110 775 τωσι
1135 748 1256 786 μέγιστον
1279 748 1414 788 ἐκφέρουσι
1438 748 1532 786 δεῖγμα
1560 747 1682 786 γνώμης,
1703 747 1734 782 ἣν
1751 747 1811 787 περὶ

1044 797 1088 822 τοῦ
1099 794 1253 833 πράγματος
1264 793 1378 833 ἔχουσιν.
1395 793 1475 822 Οὕτω
1497 793 1548 834 γὰρ
1563 793 1629 829 δήλη
1644 793 1713 822 ἐστὶν
1727 795 1744 828 ἡ
1762 804 1810 821 κα-

1044 839 1103 875 κία,
1120 842 1155 872 ὡς
1176 840 1276 872 πάντας
1300 841 1379 873 αὐτῆς
1405 834 1470 868 εἶναι
1485 838 1660 877 κατηγόρους,
1682 838 1727 867 καὶ
1751 837 1810 871 τοὺς

1046 886 1182 923 μετιόντας
1201 886 1295 921 αὐτήν·
1308 888 1422 914 τοιοῦτον
1437 885 1465 913 δέ
1481 886 1550 914 ἐστιν
1566 887 1582 919 ἡ
1599 883 1696 923 ἀρετὴ,
1711 886 1746 917 ὡς
1766 885 1811 913 καὶ

1042 934 1105 972 παρ’
1119 932 1223 961 ἐκείνων
1236 932 1414 970 Θαυμάζεσθαι
1426 934 1477 960 τῶν
1495 931 1531 968 μὴ
1553 930 1696 965 ζηλούντων
1721 929 1810 965 αὐτήν.

1044 977 1096 1005 Καὶ
1111 977 1160 1016 γὰρ
1182 978 1226 1006 καὶ
1241 980 1254 1006 ὃ
1268 978 1361 1016 πόρνος
1375 976 1540 1006 ἐπαινέσεται
1560 975 1607 1010 τὴν
1629 975 1810 1015 σωφροσύνην,

1042 1024 1086 1051 καὶ
1111 1026 1125 1052 ὁ
1150 1023 1306 1059 πλεονέκτης
1331 1022 1529 1062 καταγνώσεται
1555 1024 1603 1057 τῆς
1622 1021 1741 1057 ἀδικίας,
1767 1021 1811 1050 καὶ

1041 1071 1054 1097 ὁ
1078 1070 1179 1108 ὀργίλος
1203 1069 1249 1105 τὴν
1279 1070 1442 1103 ἀνεξικακίαν
1472 1069 1656 1107 θαυμάσεται,
1687 1068 1731 1096 καὶ
1763 1067 1810 1103 τὴν

1043 1114 1218 1154 μικροψυχίαν
1242 1115 1388 1154 μέμψεται,
1410 1115 1454 1143 καὶ
1479 1115 1526 1149 τὴν
1552 1114 1688 1153 ἀσέλγειαν
1703 1115 1810 1143 botae).-

1041 1161 1097 1199 γης.
1124 1162 1187 1193 Πῶς
1218 1157 1260 1190 οὖν
1289 1161 1354 1189 αὐτὰ
1385 1161 1498 1199 μέτεισι,
1534 1160 1625 1199 φησίν,
1647 1160 1709 1189 Ἀπὸ
1734 1162 1810 1198 ῥᾳθυ-

1006 1211 1023 1233 C
1043 1206 1103 1244 μίας
1125 1208 1240 1242 πολλῆς,
1263 1209 1291 1235 οὗ
1307 1206 1396 1246 κρίνας
1422 1202 1487 1235 εἶναι
1512 1206 1607 1234 καλόν·
1627 1205 1685 1234 ἐπεὶ
1707 1205 1760 1233 οὐδ’
1778 1205 1809 1232 ἂν

1042 1252 1158 1291 ᾐσχύνθη
1178 1255 1214 1291 τῷ
1230 1253 1383 1291 πράγματι,
1406 1252 1458 1280 οὐδ’
1483 1251 1512 1278 ἂν
1536 1250 1670 1290 ἠρνήσατο
1692 1261 1809 1288 κατηγο-

1045 1301 1146 1338 ροῦντος
1169 1299 1265 1337 ἑτέρου.
1288 1297 1387 1326 Πολλοὶ
1412 1297 1438 1326 δὲ
1464 1297 1509 1325 καὶ
1534 1296 1738 1336 προληφθέντες,
1761 1296 1809 1331 τὴν

1042 1344 1167 1382 αἰσχύνην
1190 1345 1217 1371 οὐ
1243 1343 1378 1383 φέροντες,
1398 1342 1442 1371 καὶ
1457 1342 1621 1380 ἀπήγξαντο·
1638 1341 1752 1376 τοσαύτη
1764 1345 1810 1370 τοῦ

1042 1391 1122 1418 καλοῦ
1139 1389 1184 1417 καὶ
1198 1389 1342 1428 πρέποντος
1357 1389 1455 1417 ἔνεστιν
1469 1392 1533 1426 ἡμῖν
1544 1391 1561 1423 ἡ
1575 1387 1719 1427 μαρτυρία·
1731 1387 1810 1420 οὕτως

1040 1434 1115 1470 ἡλίου
1126 1434 1298 1473 λαμπρότερα
1310 1435 1342 1463 τὰ
1357 1434 1441 1470 καλὰ,
1454 1435 1498 1463 καὶ
1509 1434 1614 1463 πάντων
1630 1433 1809 1472 δυσειδέστερα

1040 1481 1073 1510 τὰ
1088 1480 1204 1510 ἐναντία.

1080 1527 1158 1556 Ξένοι
1167 1527 1211 1555 καὶ
1221 1527 1401 1566 παρεπίδημοι
1414 1522 1480 1561 ἦσαν
1494 1528 1517 1555 οἳ
1529 1526 1609 1564 ἅγιοι.
1625 1526 1687 1558 Πῶς
1702 1524 1746 1553 καὶ
1758 1525 1809 1553 τίνι

1040 1573 1128 1613 τρόπῳ
1136 1586 1143 1609 3
1152 1576 1201 1602 ποῦ
1215 1573 1239 1602 δὲ
1251 1574 1371 1611 ὁμολογεῖ
1381 1575 1394 1601 ὁ
1405 1572 1524 1612 Ἀδραὰμ
1534 1571 1601 1605 ξένος
1612 1566 1676 1600 εἶναι
1687 1571 1732 1600 καὶ
1739 1583 1810 1610 παρ-

1040 1618 1266 1657 επίδημος;Ἴσο)ς
1277 1619 1322 1656 μὲν
1335 1619 1379 1647 καὶ
1391 1618 1465 1650 αὐτὸς
1474 1618 1642 1656 ὡμολόγησεν
1653 1629 1658 1635 ·
1668 1620 1681 1646 ὁ
1691 1616 1718 1646 δὲ
1726 1617 1809 1646 Δαυὶὸ

1040 1664 1078 1693 ὅτι
1093 1664 1248 1703 ὡμολόγησε
1264 1687 1270 1701 ,
1283 1664 1362 1693 παντί
1379 1676 1427 1692 που
1453 1664 1528 1698 δῆλον
1539 1676 1544 1681 ·
1558 1663 1602 1692 καὶ
1627 1663 1703 1692 ἄκουε
1730 1664 1808 1692 αὐτοῦ

664 1768 840 1797 MUTIANO
863 1768 1117 1797 SCHOLASTICO
1139 1767 1391 1796 INTERPRETE.

251 1849 333 1877 iisnm
347 1855 370 1876 et
385 1848 492 1876 crimen.
509 1850 547 1875 An
558 1847 668 1886 putatis,
685 1847 749 1885 quia
763 1853 787 1875 ct
803 1847 853 1886 ipsi
869 1847 979 1885 maligni
995 1857 1046 1875 non
1061 1846 1173 1875 irrident
1186 1846 1286 1875 similes
1295 1857 1399 1875 morum
1411 1857 1519 1875 suorum
1527 1847 1567 1886 [f.
1578 1847 1687 1886 culpant
1710 1848 1765 1885 eos]
1784 1854 1807 1875 ct

250 1896 407 1934 culpantes?
419 1895 543 1923 Ostendit
555 1894 657 1932 quippe
668 1894 747 1922 nobis
759 1894 841 1929 Deus,
854 1901 879 1922 et
891 1893 980 1933 injecit
993 1893 1128 1933 judicium
1139 1893 1383 1931 inviolabile-,quod
1398 1904 1543 1931 numquam
1559 1894 1694 1933 corrumpi
1708 1894 1806 1930 valeat,

249 1944 270 1972 si
292 1943 326 1972 ad
341 1943 454 1971 fundum
475 1942 622 1980 iniquitatis
639 1942 785 1971 veniamus.
803 1941 906 1970 Idcirco
923 1948 948 1969 et
964 1942 984 1969 si
1003 1942 1114 1980 maligni
1134 1948 1210 1977 sunt,
1226 1941 1402 1970 condemnant
1421 1942 1520 1981 seipsos
1534 1953 1541 1978 ;
1556 1948 1581 1969 et
1603 1941 1626 1970 si
1646 1952 1689 1970 eos
1709 1942 1807 1980 aliquis

251 1997 324 2019 vocet
341 1990 391 2019 hoc
415 1990 501 2028 ipsum
520 1988 593 2027 quod
616 1995 694 2025 sunt,
709 1989 885 2025 erubescunt,
902 1988 1096 2027 indignantur,
1116 1989 1243 2027 injuriam
1268 1995 1363 2027 putant
1381 2000 1386 2015 :
1404 1988 1508 2017 tametsi
1528 1999 1580 2017 non
1604 1988 1745 2027 operibus,
1762 1989 1807 2018 sed

251 2038 340 2065 verbis
358 2036 545 2073 condemnant,
557 2047 617 2074 quae
635 2043 716 2074 agunt
737 2036 763 2064 in
785 2036 945 2064 conscientia
963 2046 1023 2071 sna,
1037 2036 1122 2074 magis
1137 2042 1226 2064 autem
1245 2042 1269 2064 et
1289 2035 1354 2074 ipsis
1375 2036 1508 2074 operibus.
1526 2036 1594 2064 Cum
1611 2035 1681 2064 enim
1696 2036 1806 2065 latenter

251 2092 276 2113 et
290 2085 415 2112 absconse
426 2083 534 2119 faciunt,
549 2093 677 2121 magnum
691 2082 826 2121 judicium
844 2083 981 2122 proferunt
996 2082 1130 2111 sententiae
1146 2092 1210 2118 sum,
1225 2081 1350 2120 quamde
1365 2082 1410 2109 illa
1427 2092 1454 2110 re
1468 2081 1591 2110 habeant.
1608 2082 1654 2110 Sic
1668 2082 1738 2110 enim
1750 2094 1807 2111 ma-

253 2132 345 2159 nifesta
363 2138 401 2160 est
416 2131 529 2164 malitia,
546 2137 570 2158 et
590 2140 681 2158 omnes
700 2137 865 2158 accusatores
880 2130 936 2168 ejus
953 2136 1067 2164 exstant,
1082 2129 1162 2157 etiam
1181 2129 1199 2157 ii
1216 2129 1263 2167 qui
1280 2139 1337 2157 eam
1352 2128 1555 2167 aggrediuntur,
1572 2135 1596 2157 et
1612 2129 1637 2157 in
1653 2139 1681 2157 ea
1697 2140 1806 2159 v‹rsan-

254 2186 307 2206 tur.
323 2178 399 2206 Talis
419 2185 506 2206 autem
525 2184 564 2205 est
583 2177 681 2213 virtus,
698 2184 727 2205 ut
744 2188 772 2206 ea
789 2177 861 2216 apud
882 2177 952 2211 illos,
968 2178 1015 2215 qui
1037 2187 1097 2205 eam
1114 2187 1165 2205 uon
1185 2177 1362 2212 sectantur‚in
1384 2175 1560 2205 admiratione
1579 2177 1622 2205 sit.
1634 2176 1742 2205 Etenim
1753 2177 1806 2206 sor-

254 2226 355 2254 nieator
371 2225 462 2253 laudat
480 2224 625 2264 pudicum,
641 2231 666 2252 et
680 2235 778 2253 avarus
799 2232 903 2253 accusat
927 2224 1107 2262 iniquitatem,
1124 2231 1148 2253 ct
1167 2224 1312 2252 iracundus
1332 2223 1481 2252 admiratur
1496 2223 1651 2263 patientiam
1672 2231 1697 2252 et
1716 2224 1806 2264 culpat

253 2272 511 2311 pusillanimitatem,
530 2278 554 2299 et
573 2271 728 2299 luxuriosus
744 2271 892 2299 luxuriam.
911 2271 1054 2306 Quomodo
1069 2282 1131 2310 ergo
1146 2271 1195 2300 ista
1210 2271 1278 2309 gerit
1292 2271 1388 2299 delicta
1408 2271 1506 2309 aliquis
1521 2271 1534 2299 Ξ)
1550 2271 1610 2300 Non
1627 2270 1688 2308 quia
1703 2271 1805 2300 bonum

250 2319 354 2356 judicat
368 2329 436 2355 esse,
452 2318 495 2347 sed
512 2329 544 2347 ex
557 2318 718 2357 negligentia
734 2318 818 2347 multa
835 2331 840 2346 :
855 2319 921 2347 alias
935 2330 986 2347 non
1003 2319 1184 2355 erubesceret,
1197 2329 1248 2347 non
1264 2329 1291 2347 se
1305 2318 1469 2347 commisisse
1483 2325 1603 2357 negaret,
1618 2328 1679 2346 cum
1695 2329 1806 2347 accusa-

255 2373 296 2393 tur
317 2366 350 2394 ab
373 2366 435 2394 alio.
452 2365 566 2394 Plurimi
592 2372 681 2394 autem
702 2366 878 2405 praeoccupati
897 2367 1078 2395 confusionem
1103 2377 1155 2395 non
1173 2367 1295 2401 serentes,
1310 2365 1404 2403 laqueo
1427 2376 1454 2393 se
1469 2364 1671 2404 suspenderunt.
1688 2365 1805 2394 Tantum

254 2413 330 2440 nobis
350 2413 416 2441 inest
434 2413 496 2441 boni
517 2412 673 2451 honestique
689 2412 869 2442 testimoninm
882 2435 890 2450 ‚
907 2414 975 2442 sient
994 2414 1104 2442 honesta
1128 2414 1239 2442 clariora
1258 2420 1319 2441 sunt
1337 2413 1416 2441 eiiam
1434 2413 1499 2449 sole,
1515 2419 1540 2441 et
1559 2411 1691 2441 contraria
1713 2422 1804 2441 eorum

253 2458 390 2487 deformia.

295 2506 438 2543 Peregrini,
456 2506 558 2544 inquit,
577 2513 602 2535 et
617 2506 734 2546 hospites
753 2514 827 2536 erant
841 2508 935 2536 sancti.
950 2508 1072 2543 Qualiter
1085 2515 1109 2536 et
1124 2507 1197 2546 quali
1212 2506 1314 2536 modo?
1330 2507 1374 2536 ubi
1392 2513 1480 2536 autem
1494 2506 1635 2535 confitetur
1649 2505 1784 2535 Abraham
1798 2529 1805 2542 ,

254 2551 325 2588 quod
338 2552 489 2590 peregrinus
504 2560 529 2582 et
541 2553 637 2592 hospes
651 2553 706 2582 sit?
717 2554 846 2583 Fortassis
861 2554 931 2584 enim
954 2555 1033 2583 etiam
1058 2554 1145 2594 ipsum
1166 2554 1217 2583 hoc
1241 2554 1388 2583 consessum
1409 2563 1464 2582 esse
1478 2551 1654 2591 repcriemus5
1671 2552 1804 2581 confessus
