1906 2846
76 438 141 458 Ram.
159 438 193 459 13.

80 475 113 490 Ιο-

79 765 98 801 i.
111 757 165 778 Cor.
182 755 216 777 13.

80 1126 215 1154 injuriarum

79 1158 124 1177 (il-li
141 1165 161 1177 ιυ

79 1189 221 1209 runnuruiia-

81 1225 125 1240 ΙῺΓ.

237 179 301 213 202
589 190 617 211 S.
647 189 785 211 summis
813 188 993 210 culus'OST.
1018 187 1173 210 ARCfflEP.
1203 187 1469 210 CORSTANHNOP.

273 254 299 280 2
316 252 445 289 Magnum
461 250 560 277 bonum
576 256 613 276 cst
627 247 796 286 congregatio
809 259 815 274 :
830 247 886 286 ipsa
899 247 968 275 euim
1064 247 1141 286 Μέγα
1156 247 1252 286 ἀγαθὸν
1267 250 1283 282 ἡ
1298 247 1416 279 σύνοδος·
1434 247 1501 281 αὕτη
1522 246 1573 286 γὰρ
1595 247 1675 282 αὐτὴν
1691 251 1788 285 Οερμω

232 298 368 326 caritatem
401 296 488 324 reddit
513 294 701 326 ardentiorem,
728 301 752 321 ct
776 304 810 321 ex
836 304 865 321 ea
881 293 970 322 omnia
1024 293 1100 332 τέραν
1126 294 1278 331 ἐργάζεται,
1294 293 1338 322 καὶ
1363 293 1389 326 ἐξ
1405 293 1486 326 αὐτῆς
1507 292 1593 320 πάντα
1616 293 1733 321 τίκτεται
1757 292 1791 320 τὰ

232 351 375 372 nascuntur
390 343 456 370 lwuzi
476 354 480 367 :
500 340 603 368 nullum
619 347 657 368 cst
677 340 748 368 enim
769 340 880 373 bonum,
897 340 969 377 quod
1024 339 1127 377 ἀγαθά·
1145 339 1218 368 οὐδὲν
1232 339 1282 377 γάρ
1298 341 1368 367 ἐστιν
1385 338 1491 376 ἀγαθὸν,
1503 337 1516 366 ὃ
1528 337 1564 375 μὴ
1581 338 1612 366 δι’
1627 338 1732 376 ἀγάπης
1745 338 1787 375 γί-

232 399 281 416 non
295 399 341 426 por
356 386 491 414 carium-m
507 384 562 412 fiat.
582 384 649 412 Eam
666 384 748 422 igitur
762 385 831 412 inter
846 394 893 411 nos
908 394 971 412 con-
1023 395 1104 413 νει-αι.
1117 383 1225 418 Ταύτην
1248 379 1291 412 οῧν
1314 383 1474 422 κυρώσωμεν
1498 384 1533 415 εἷς
1558 383 1701 417 ἀλλήλους·
1716 383 1791 418 Πλή-

232 433 368 460 sii-memus
387 445 391 458 :
416 431 573 458 Plenitudo
596 430 667 457 enim
685 430 754 468 legis
774 436 816 457 est
840 430 967 457 dilectio.
1026 440 1102 467 ρωμα
1116 429 1167 469 γὰρ
1181 430 1260 468 νόμου
1271 430 1340 459 ἐστὶν
1353 432 1369 464 ἡ
1385 430 1485 467 ἀγάπη.
1500 429 1541 457 Οὐ
1565 429 1603 457 δεῖ
1617 428 1703 457 πόνων
1718 430 1791 465 ἡμῖν,

230 480 287 506 Nou
305 484 341 505 cst
358 477 433 505 nobis
448 487 514 515 opus
530 475 667 504 laboribus
681 498 688 509 ‚
704 485 787 513 neque
808 475 969 511 sudoribus,
1024 475 1081 504 081³&
1102 476 1230 514 ἱδρώτων,
1243 475 1289 504 ἐὰν
1311 477 1456 513 ἀγαπῶμεν
1479 474 1623 508 ἀλλήλους·
1645 473 1792 511 αὐτόματός

229 523 250 551 si
267 534 312 551 nos
331 523 398 551 alter
418 522 532 550 aiterum
555 520 703 559 diligamus
717 533 723 548 ε
740 521 782 548 via
797 527 835 548 est
850 531 909 559 quae
924 531 971 549 sua
1024 521 1063 553 τίς
1073 523 1142 550 ἐστιν
1156 522 1213 554 ὁδὸς
1224 522 1338 560 φέρουσα
1350 521 1414 560 πρὸς
1425 521 1474 556 τὴν
1485 519 1590 559 ἀρετήν.
1603 520 1730 559 Καθάπερ
1740 519 1792 558 γὰρ

229 576 321 608 sponte
340 568 414 596 ducit
428 567 462 595 ad
483 567 619 595 virtutem.
636 567 711 595 Sicut
726 566 796 595 enim
817 567 844 595 in
859 567 902 595 via
919 577 968 606 pu·
989 572 1006 594 (ἑ
1024 567 1067 595 ἐπὶ
1084 569 1131 602 τῆς
1142 567 1285 606 λεωφόρου,
1302 568 1346 596 ἐοίν
1361 579 1400 599 τις
1417 566 1479 605 εὗρ’(ι
1492 566 1538 601 τὴν
1551 565 1645 604 ἀρχὴν,
1657 566 1790 602 ὁδηγεῖ-παι

228 615 310 647 blica,
327 614 348 642 si
365 614 424 651 quis
440 612 570 640 invenerit
585 612 692 640 initium
704 635 712 647 ,
726 612 760 640 ab
774 613 832 651 ipso
847 612 968 647 ducitur,
1023 613 1070 641 ὑπ’
1084 615 1171 648 αὐτῆς,
1184 614 1229 642 καὶ
1247 615 1276 642 οὗ
1288 614 1372 642 δεῖται
1394 615 1558 652 χειραγιι)γοῧ
1568 625 1574 630 ·
1589 611 1657 640 οὕτω
1678 610 1723 640 καὶ
1747 610 1791 639 ἐπὶ

230 671 276 689 nec
297 660 365 688 duce
382 670 448 698 opus
468 666 506 687 est
522 671 527 686 :
544 659 578 687 ita
595 658 675 687 etiam
692 659 718 686 in
735 659 860 694 caritate,
884 659 970 688 solum
1023 661 1071 693 τῆς
1091 659 1206 697 ἀγάπης,
1231 660 1308 697 μόνον
1319 659 1447 687 ἐπιλαέοῧ
1464 661 1511 693 τῆς
1529 659 1623 697 ἀρχῆς,
1637 657 1682 686 καὶ
1697 656 1792 688 εὐθέως

229 705 398 745 apprehende
413 705 536 740 initium,
549 711 574 732 ct
587 704 726 732 confestim
743 704 779 732 ab
793 704 850 743 ipso
864 703 971 733 duceris
1023 707 1174 744 χειραγωγῇ
1189 706 1233 734 ὑπ’
1250 706 1329 739 αὐτῆς
1349 704 1394 733 καὶ
1411 703 1514 742 εὖΟύνῃ.
1530 703 1563 732 Ἡ
1578 703 1688 742 ἀγάπη,
1706 702 1787 742 φησὶ,

230 759 254 780 et
268 751 402 790 dirigeris.
421 752 549 785 Caritas,
567 750 665 788 inquit,
679 753 795 789 patiens
813 757 872 786 est,
889 753 969 779 beni·
1024 753 1203 790 μακροθυμεῖ,
1229 750 1418 790 χρηστεύεται,
1447 751 1476 778 οὐ
1498 749 1629 788 λογίζεται
1649 749 1679 778 τὸ
1699 748 1790 777 κακόν.

227 807 287 834 gna
310 802 362 832 est,
389 806 447 823 non
463 797 571 834 cogitat
591 795 712 823 malum.
738 795 768 824 Si
784 795 881 834 cogitet
895 795 971 833 quis-
1024 796 1089 825 Ἐὰν
1103 797 1212 835 ἐννοήσῃ
1234 808 1273 830 τις
1296 796 1372 828 αὐτὸς
1395 796 1495 831 ἑαυτὸν,
1506 798 1562 828 πῶς
1581 795 1711 824 διάκειται
1726 793 1791 834 πρὸς

229 842 299 880 piam
322 842 378 880 ipse
392 840 464 880 apud
483 851 519 877 se,
534 840 668 879 quomodo
683 851 744 880 erga
765 851 800 877 se,
817 841 856 869 sie
870 847 895 869 et
909 851 971 879 erga
1024 842 1125 877 ἑαυτὸν,
1139 842 1184 871 καὶ
1199 842 1265 870 οὕτω
1278 843 1341 881 πρὸς
1349 842 1392 870 τὸν
1408 841 1520 876 πλησίον
1534 841 1682 870 ὀιακείσθω.
1695 839 1791 872 Οὐδεὶς

229 888 383 926 proximum
411 888 444 916 sit
464 888 584 916 affectus.
603 888 688 916 Nemo
706 887 757 915 sibi
781 887 830 926 ipsi
851 886 971 924 invidet,
1024 891 1111 928 φθονεῖ
1126 890 1224 927 ἑαυτῷ,
1240 889 1327 917 πάντα
1339 890 1422 926 ἑαυτῷ
1437 887 1544 926 εὔχεται
1557 887 1591 915 τὰ
1607 886 1710 925 ἀγαθὰ,
1724 885 1792 914 πάν-

229 933 317 962 omuia
330 934 398 962 bona
419 933 470 962 sibi
494 940 625 973 precatur,
645 933 770 962 omnibus
785 943 812 961 se
831 933 971 972 praeponit,
1024 947 1075 963 των
1099 934 1189 963 ἑαυτὸν
1211 939 1342 973 προτιμᾷ,
1356 934 1443 962 πάντα
1468 933 1532 971 ὑπὲρ
1556 935 1648 961 ἑαυτοῦ
1670 931 1793 970 βούλεται

229 981 318 1009 onmia
335 992 382 1020 pro
397 992 424 1009 se
439 981 496 1009 vult
511 981 605 1009 facere.
621 980 650 1009 Si
665 991 727 1019 ergo
743 982 769 1009 in
784 980 850 1009 alios
865 991 972 1019 quoque
1024 985 1115 1009 ποιεῖν.
1128 979 1193 1009 Ἐὰν
1216 980 1299 1009 τοίνυν
1323 980 1367 1008 καὶ
1382 979 1447 1019 πρὸς
1467 979 1527 1012 τοὺς
1543 979 1638 1011 ἄλλους
1651 977 1720 1006 οὕτω
1734 977 1792 1005 διοι-

230 1026 267 1054 sic.
282 1027 442 1061 afficiamur,
456 1026 544 1055 omnia
562 1026 649 1054 soluta
665 1033 725 1054 sunt
739 1026 809 1054 mala
822 1038 827 1053 :
842 1036 894 1054 non
909 1033 971 1055 sunt
1024 1026 1159 1063 κεώμεθα,
1173 1025 1259 1054 πάντα
1274 1026 1380 1054 λέλυται
1393 1025 1426 1053 τὰ
1437 1025 1524 1059 δεινὰ,
1539 1026 1587 1053 οὐκ
1603 1024 1668 1053 εἰσὶν
1683 1023 1791 1063 ἔχθραι,

230 1072 388 1109 ἰηῐμιῐοῖιὶεε,
411 1083 463 1101 non
487 1079 525 1100 est
542 1072 655 1100 avaritia
673 1084 679 1099 τ
697 1071 758 1110 quis
772 1071 842 1100 enim
857 1071 972 1110 cupidus
989 1084 1007 1106 D
1024 1073 1072 1100 οὐκ
1086 1071 1142 1100 ἔστι
1157 1071 1307 1104 πλεονεξία·
1322 1071 1360 1103 τίς
1374 1072 1426 1110 γὰρ
1448 1070 1478 1098 ἂν
1501 1070 1588 1099 ἕλοιτο
1601 1071 1792 1104 πλεονεκτῆσαι

232 1129 287 1146 esse
301 1118 440 1147 voluerit?
453 1128 541 1154 nemo,
557 1117 602 1145 sed
618 1117 706 1156 potius
723 1124 823 1145 contra.
839 1117 970 1145 Commu-
1025 1116 1115 1145 ἑαυτόν
1127 1128 1132 1147 ;
1147 1116 1229 1148 οὐδείς
1239 1128 1245 1133 ·
1261 1116 1329 1144 ἀλλὰ
1343 1117 1442 1153 μᾶλλον
1452 1120 1503 1144 πᾶν
1517 1115 1674 1144 τούναντίον.
1688 1115 1792 1143 Οὐκοῦν

233 1164 275 1192 nia
290 1164 373 1202 igitur
387 1164 474 1192 omnia
490 1163 684 1202 possideamus,
700 1173 748 1191 nec
766 1173 897 1191 cessemus
910 1173 973 1191 nos·
1025 1162 1099 1191 κοινὰ
1107 1163 1193 1191 πάντα
1206 1161 1380 1200 κτησώμεθα,
1391 1162 1435 1190 καὶ
1448 1161 1484 1199 μὴ
1495 1161 1657 1199 παυσώμεθα
1668 1161 1792 1198 συνάγον-

233 1209 304 1248 ipsos
319 1219 478 1247 congregare
494 1221 500 1236 :
513 1216 539 1237 et
559 1209 580 1237 si
596 1209 646 1237 hoc
660 1209 798 1244 faciamus,
817 1208 907 1236 locum
920 1219 972 1237 non
1025 1220 1067 1240 τες
1087 1208 1205 1241 ἑαυτούς·
1224 1208 1272 1236 κᾶν
1287 1211 1363 1236 τοῦτο
1380 1209 1508 1244 ποιῶμεν,
1525 1206 1688 1244 μνησικακία
1702 1205 1792 1245 χώραν

233 1254 342 1282 habebit
357 1254 460 1292 iujuriae
474 1261 587 1293 acceptae
604 1254 752 1282 recordatio
766 1265 772 1281 z
785 1253 845 1292 quis
859 1253 930 1282 enim
945 1255 972 1282 in
1025 1256 1071 1283 οὐκ
1090 1254 1120 1282 ἂν
1144 1254 1214 1293 ἔχοι·
1230 1254 1268 1286 τίς
1283 1253 1333 1292 γὰρ
1347 1252 1433 1281 ἕλοιτο
1448 1253 1478 1280 ἂν
1503 1254 1589 1289 ἑαυτῷ
1607 1255 1793 1289 μνησικακεῖν;

232 1299 352 1327 animum
368 1298 504 1327 induxerit
519 1309 533 1327 a
549 1309 575 1327 se
592 1298 645 1327 sibi
661 1299 740 1327 iliata:
755 1298 861 1338 injuriae
878 1300 972 1326 menri<
1026 1301 1064 1332 τίς
1079 1300 1109 1327 ἂν
1131 1300 1216 1327 ἕλοιτο
1230 1301 1315 1337 ἑαυτῷ
1329 1298 1492 1335 ὁργίζεσθαις
1508 1297 1566 1335 οὐχὶ
1589 1297 1706 1334 μάλιστα
1726 1296 1793 1325 πάν-

232 1345 394 1383 nissquuis
406 1345 519 1373 voluerit
531 1345 634 1384 sibiipsi
647 1345 841 1372 irasciPanuon
851 1344 972 1372 omnium
1026 1357 1078 1373 των
1103 1347 1204 1376 ἑαυτοῖς
1227 1343 1454 1382 συγγιν(ιίσκομεν;
1478 1342 1542 1371 Ἐὰν
1570 1341 1638 1371 οὕτω
1662 1342 1707 1371 καὶ
1728 1342 1794 1382 πρὸς

233 1391 352 1419 maxime
375 1391 451 1419 nobis
473 1391 538 1430 ipsis
564 1391 750 1429 ignoscimus?
772 1391 800 1419 Si
823 1390 861 1418 sic
884 1390 971 1418 affecti
983 1390 1084 1436 183τοὺς
1098 1390 1210 1425 πλησίον
1228 1389 1411 1427 διακεώμεθα,
1426 1389 1549 1418 οὐδέποτε
1567 1389 1640 1418 ἔσται
1659 1400 1793 1427 μνησικα-

232 1437 360 1465 fuerimus
382 1437 460 1465 etiam
481 1437 507 1464 iu
525 1436 678 1475 proximos,
693 1447 840 1474 numquam
857 1437 905 1464 erit
930 1436 967 1464 in-
992 1434 1010 1466 [x
1026 1437 1080 1464 κία.
1103 1436 1177 1464 3Καὶ
1193 1438 1248 1468 πῶς
1262 1436 1380 1471 δυνατὸν,
1407 1435 1486 1474 φησὶ,
1510 1436 1554 1464 τὸν
1573 1435 1685 1470 πλησίον
1711 1433 1793 1467 οὕτως

229 1483 308 1521 jurize
330 1490 443 1522 acceptze
459 1482 617 1510 recordatio.
638 1482 672 1510 Et
695 1481 842 1520 quomodo,
867 1481 971 1520 inquit,
1028 1483 1182 1520 ἀγαπῆσαι,
1203 1484 1238 1513 ὡς
1254 1481 1329 1513 αὐτὸς
1344 1481 1452 1516 {aaaron
1472 1482 1505 1509 Ei
1521 1481 1558 1519 μὴ
1576 1481 1702 1516 ἐποίησαν
1717 1482 1794 1509 τοῦτο

232 1529 290 1557 sieri
306 1536 391 1568 potest
406 1536 434 1556 ut
454 1528 586 1567 quispiam
604 1528 758 1567 proximum
782 1539 856 1566 aeque
879 1528 973 1567 diligat
1027 1528 1123 1567 ἕτεροι,
1140 1529 1225 1559 καλῶς
1241 1527 1366 1556 ἀδύνατον
1383 1522 1448 1555 εἶναι
1472 1531 1548 1556 τοῦτο
1565 1527 1694 1565 νομίζεις·
1717 1528 1739 1555 εἷ
1766 1526 1794 1555 δὲ

231 1582 309 1612 atque
325 1574 466 1613 seipsum'.3
482 1574 509 1602 Si
532 1574 582 1602 hoc
602 1573 647 1602 alii
673 1584 724 1602 non
746 1574 879 1611 fecerunt,
905 1582 973 1603 recte
1026 1574 1161 1608 ἐποίησαν,
1178 1574 1255 1607 δῆλον
1272 1574 1311 1601 ὅτι
1328 1573 1372 1602 διὰ
1397 1573 1525 1612 ῥαθυμίαν
1539 1574 1601 1612 παρ’
1618 1574 1693 1610 ἡμῶν
1708 1573 1736 1601 οὗ
1753 1572 1794 1610 γί-

233 1620 368 1648 existimas
387 1619 437 1648 hoc
459 1620 516 1647 ficri
539 1630 592 1648 non
615 1630 690 1657 posse
706 1631 711 1646 :
727 1619 768 1646 sin
788 1626 876 1647 autem
901 1619 971 1647 fece—
1024 1631 1104 1647 νεται.
1125 1618 1223 1650 Ἄλλως
1238 1618 1281 1653 δὲ,
1296 1618 1368 1646 οὐδὲν
1394 1618 1520 1646 ἀδύνατον
1537 1617 1671 1646 ἐπιτάττει
1693 1620 1707 1646 ὁ
1723 1618 1792 1656 Χρι-

270 1726 278 1737 ·
296 1720 341 1743 llic
360 1720 447 1751 incipit
462 1719 589 1745 homiliam
602 1718 726 1744 decimam
741 1728 833 1745 nouam
851 1719 922 1744 Cuib.
934 1720 970 1744 his
987 1719 1076 1749 xerbiS,
1090 1724 1163 1748 πιστὸς
1176 1724 1218 1751 γὰρ
1232 1723 1242 1745 ὀ
1256 1722 1455 1751 ἐπκγγειὶάμενος·
1470 1724 1506 1744 καὶ
1520 1727 1565 1748 πῶς
1578 1722 1677 1745 δυνατόν.

654 1826 825 1854 MUTIANO
847 1825 1100 1855 SCHOLASTICO
1123 1826 1374 1854 INTERPRETE.

276 1922 406 1958 Magnum
427 1919 528 1958 quippe
547 1919 648 1948 bonum
671 1926 710 1948 est
729 1920 899 1958 congregatio
915 1921 992 1959 :ipsa
1016 1930 1130 1958 namque
1147 1921 1284 1948 caritatem
1301 1926 1428 1959 operatur
1452 1919 1656 1958 ferventiorem,
1668 1928 1694 1950 et
1715 1932 1746 1950 ex
1765 1933 1794 1951 ea

236 1975 328 1996 cuncta
344 1967 444 2006 optima
459 1973 620 2005 generantur
637 1979 642 1994 :
658 1967 725 1995 nihil
738 1977 852 2005 namque
862 1967 963 1996 bonum
975 1975 1026 2001 est,
1041 1967 1113 2005 quod
1125 1978 1178 1996 non
1194 1978 1240 2006 per
1254 1968 1390 1996 caritatem
1400 1968 1441 1996 sit.
1457 1968 1538 1996 Istam
1553 1967 1636 2006 igitur
1649 1969 1794 1999 confirme-

235 2023 296 2041 mus
310 2013 336 2041 in
352 2012 468 2040 invicem
481 2025 486 2039 :
502 2012 663 2040 Plenitudo
675 2013 777 2052 quippe
788 2014 859 2052 Iegis
874 2015 984 2042 caritas
999 2020 1051 2042 est.
1068 2015 1128 2043 Non
1143 2013 1213 2042 enim
1226 2014 1317 2042 labore
1330 2024 1397 2053 opus
1410 2014 1556 2050 hahemus,
1569 2021 1615 2042 aut
1630 2015 1775 2044 sudoribus
1788 2027 1794 2043 ε

237 2059 258 2087 si
274 2058 448 2087 dilexerimus
463 2058 594 2093 invicem,
616 2065 759 2098 spontanea
781 2059 860 2088 nobis
879 2059 927 2092 ¹via
948 2060 1136 2099 prosternitur,
1153 2059 1253 2088 ducens
1269 2059 1302 2088 ad
1318 2060 1453 2089 virtutem.
1469 2060 1545 2089 Sicut
1566 2061 1637 2090 enim
1658 2061 1686 2090 in
1703 2062 1796 2090 itinere

237 2104 381 2143 contingit,
396 2104 417 2132 si
430 2104 491 2142 quis
506 2104 614 2132 initium
629 2105 855 2144 comprehendat,
871 2113 942 2134 reeta
958 2106 1002 2134 via
1016 2105 1137 2142 ducitur,
1153 2113 1178 2134 et
1191 2116 1242 2134 non
1257 2112 1360 2145 oportet
1374 2105 1509 2134 declinare
1523 2105 1577 2134 :sic
1594 2106 1674 2135 etiam
1687 2106 1713 2135 in
1724 2109 1795 2136 cari-

239 2159 306 2189 tate,
323 2158 426 2180 tantum
440 2151 528 2190 arripe
542 2151 724 2190 principium,
741 2159 766 2180 et
778 2153 868 2181 statim
882 2163 992 2181 manum
1006 2153 1056 2181 tibi
1070 2153 1190 2192 praebens
1203 2153 1261 2192 ipsa
1275 2160 1300 2181 te
1312 2152 1422 2181 deducit
1435 2159 1461 2181 et
1477 2152 1580 2192 dirigit.
1600 2154 1716 2183 Caritas
1728 2165 1795 2194 pro-

238 2200 311 2226 ximi
329 2198 442 2226 malum
456 2207 516 2226 non
530 2204 676 2236 operatur,
692 2208 751 2226 non
763 2201 874 2238 cogitat
891 2200 1010 2228 malum.
1026 2198 1182 2227 Consideret
1197 2199 1309 2237 quisque
1322 2198 1508 2237 semetipsum,
1529 2199 1665 2236 quomodo
1678 2200 1796 2229 afficitur

239 2253 300 2282 erga
315 2244 435 2283 seipsum
449 2255 455 2271 :
471 2253 522 2272 non
537 2243 590 2272 sibi
604 2243 723 2279 invidet,
739 2245 828 2273 omnia
840 2245 866 2274 in
879 2256 906 2274 se
921 2246 1037 2274 continet
1050 2245 1136 2281 bona,
1152 2245 1278 2274 omnibus
1290 2255 1318 2273 se
1328 2244 1515 2284 praebonorat,
1530 2245 1620 2273 omnia
1633 2245 1685 2274 sub
1697 2256 1726 2274 se
1737 2246 1797 2275 vult

240 2291 406 2319 constituere.
422 2291 451 2320 Si
466 2291 549 2330 igitur
565 2298 589 2319 et
609 2292 677 2319 circa
697 2291 764 2320 alios
779 2292 817 2320 sic
839 2293 1002 2328 afficiamur,
1021 2293 1111 2321 omnia
1132 2293 1201 2321 mala
1219 2292 1362 2321 solvuntur
1376 2303 1382 2319 :
1395 2302 1446 2320 non
1465 2299 1543 2320 erunt
1564 2292 1729 2329 inimicitiae,
1745 2304 1796 2322 non

240 2337 373 2376 cupiditas
385 2350 391 2365 ε
405 2339 465 2376 quis
479 2339 550 2367 euim
564 2349 615 2367 non
628 2339 670 2378 [f.
679 2339 737 2367 del.
752 2341 817 2376 non]
830 2340 896 2368 velit
910 2340 1026 2380 seipsum
1037 2340 1153 2380 amplius
1166 2339 1285 2368 habere?
1307 2340 1417 2377 nullus;
1434 2339 1479 2368 sed
1495 2350 1509 2368 e
1521 2347 1612 2368 contra
1635 2340 1796 2369 habebimus

241 2385 416 2414 communiter
430 2392 535 2422 cuncta,
549 2393 572 2414 et
587 2386 749 2415 cessabimus
764 2394 952 2425 congregantes
966 2388 1121 2427 nobisipsis.
1141 2387 1176 2416 Et
1191 2388 1242 2416 hoc
1254 2387 1276 2416 si
1290 2388 1431 2416 fecerimus
1441 2410 1448 2421 ‚
1464 2387 1576 2416 retentio
1591 2387 1656 2415 mali
1675 2387 1703 2416 in
1717 2388 1797 2416 corde

241 2429 330 2459 locum
343 2442 395 2460 non
408 2432 525 2461 babebit.
542 2433 611 2469 Quis
626 2441 715 2462 autem
729 2433 793 2462 velit
809 2434 922 2462 retinere
936 2435 1061 2463 malum?
1075 2435 1135 2473 quis
1147 2434 1213 2463 velit
1233 2434 1338 2474 sibiipsi
1354 2434 1454 2463 irasci?
1471 2444 1557 2462 noune
1569 2433 1688 2461 maxime
1700 2434 1796 2463 nobis—

241 2477 319 2515 ipsis,
332 2489 412 2516 quam
429 2480 568 2515 omnibus,
584 2480 770 2519 ignoscimus?
783 2480 812 2510 Si
829 2491 892 2519 ergo
907 2481 944 2509 sic
960 2482 986 2510 in
1002 2483 1139 2521 proximos
1152 2482 1316 2518 afficiamur,
1332 2492 1479 2520 numquam
1494 2480 1641 2509 remanebit
1664 2480 1691 2509 in
1716 2482 1796 2511 eorde

243 2523 307 2551 mali
322 2526 440 2553 retentio.
456 2526 491 2554 Et
505 2527 642 2564 quomodo
655 2527 780 2567 possibile
795 2534 833 2556 est
847 2528 910 2561 hoc,
924 2528 1026 2566 inquis,
1040 2528 1154 2567 diligere
1165 2529 1320 2568 proximum
1332 2528 1400 2557 sicut
1413 2528 1549 2567 seipsum?
1567 2527 1597 2557 Si
1609 2538 1661 2556 non
1678 2528 1795 2557 secemnt

241 2571 320 2600 eliam
334 2571 384 2600 hoc
397 2572 457 2607 alii,
477 2573 544 2602 beno
565 2582 642 2613 putas
664 2575 830 2615 impossibile
852 2587 857 2602 :
875 2575 896 2604 si
918 2582 1006 2604 autem
1027 2576 1161 2610 fecerunt,
1187 2576 1357 2605 manifestum
1377 2582 1433 2610 cst,
1455 2575 1516 2613 quia
1539 2585 1586 2614 per
1607 2574 1794 2614 negligentiam
