1886 2846
255 184 268 192 ι

232 197 293 219 ΙΞΗ
543 197 571 217 S.

602 195 683 218 mxx
691 195 707 216 N
714 194 741 217 ts
767 195 828 216 cuti
836 193 948 215 YsosT.

225 257 403 286 licitndincm
415 256 455 284 ad
467 256 657 295 arpien‘onent
675 257 734 294 spei
750 261 855 282 vesti-‹r›
871 263 960 291 nsque

225 303 365 342 influent.
382 301 456 337 Quid
478 309 516 330 est
540 301 610 330 hoe?
632 301 715 340 Spes,
733 299 835 337 iuquit,
852 303 957 336 portat,
977 303 996 325 1)

226 350 282 388 ips-1
305 354 404 376 reerexit
419 360 424 375 :
446 348 486 376 Nc
499 347 657 385 affligamini
670 368 677 380 ,
694 357 726 374 ut·
748 343 891 382 desperetis
902 364 911 376 ‚
929 351 960 368 ne

225 394 257 422 sit
269 400 354 422 vestra
368 403 427 432 spes
448 403 642 432 supervacanea
657 403 662 418 ε
681 400 741 419 nam
754 389 799 426 qui
814 388 884 416 bona
898 396 960 425 ope-

225 446 298 467 ratur
309 461 316 473 ‚
335 438 403 466 bona
415 445 502 477 sperat
515 461 522 469 ,
534 445 559 466 et
574 445 718 473 numquam
738 434 771 461 de
784 443 810 460 sc
823 432 957 470 desperat.

227 485 264 514 L't
278 494 337 512 non.
349 493 449 523 segnes
472 482 660 525 efficiamini,
677 479 764 507 adhuc
781 475 937 505 efficiamini
951 486 957 502 ε

224 540 385 567 quamquam
401 529 506 558 dicebat
518 526 646 565 superius,
661 525 807 561 Quoniam
819 521 959 550 imbecilli

225 577 298 609 lucei
311 576 378 603 estis
403 575 443 602 ad
465 572 652 601 amliendnm.
669 568 722 597 Sed
738 567 800 596 vide
822 566 958 605 quomodo

224 621 363 659 segnitiem
376 620 412 648 ibi
426 618 459 646 :id
473 617 592 645 auditum
607 624 689 652 usque
699 612 838 649 statuerit3
854 611 899 640 hic
910 622 957 641 au-

224 673 275 694 tem
298 665 372 693 aliud
400 664 476 692 tut-ite
499 661 648 700 significat:
669 669 730 688 cum
743 658 866 687 dicturus
886 657 958 686 enim

223 718 287 740 esset
300 733 307 743 ,
324 711 362 738 M
382 706 558 748 permaneatis
570 728 577 742 ,
598 704 689 741 dixit,
710 705 755 733 Ne
777 713 878 743 segnes
891 703 958 743 effi-

221 758 351 784 ciamini.
371 755 472 781 Rursus
487 762 530 780 eos
544 750 579 779 ad
603 751 726 779 futurum
740 756 845 788 tempus
858 749 958 788 profert

222 801 293 839 quod
309 800 393 838 eulpae
409 809 460 827 non
475 804 513 826 cst
536 797 616 825 affine
628 819 635 833 ,
651 796 742 825 dicens
754 818 762 832 ‚
788 797 825 824 Ut
840 805 899 823 non
914 805 1002 843 se-¹07

219 849 334 883 gniores
354 844 536 884 εΠῖσίαιηίιιί.
558 843 635 872 Illius
649 842 720 871 enim
740 841 814 880 quod
838 840 957 869 nondum
975 854 995 874 A

220 898 269 928 est,
286 901 431 928 numquam
446 889 575 918 fuerimus
593 889 678 928 culpae
693 888 814 918 obnoxii.
834 888 901 916 Nam
917 887 956 921 is,

219 947 297 975 quem
314 936 373 974 quis
394 936 516 964 hortatur
529 942 558 964 ut
579 935 606 964 in
622 944 737 974 proesens
751 933 785 962 sit
802 932 918 971 diligens
933 939 958 961 et

220 982 349 1011 sollicitus
360 1004 367 1017 ,
382 993 443 1010 cum
457 982 492 1010 sit
513 981 650 1021 negligens
661 1003 669 1018 ,
689 981 800 1009 sortasse
813 979 862 1008 erit
874 979 955 1007 etiam

219 1028 321 1068 pigrior
332 1034 358 1056 et
369 1027 564 1066 negligentior,
580 1038 659 1065 quem
675 1033 764 1056 autem
776 1026 803 1054 in
816 1026 937 1054 futurum
948 1047 957 1063 ‚

220 1085 270 1103 non
291 1074 336 1103 ita.
362 1074 500 1112 sapimus
513 1080 611 1102 antem
621 1095 628 1109 ,
643 1073 731 1111 inquit
745 1095 752 1108 ,
769 1081 960 1110 unumquem-

219 1132 274 1160 que
290 1127 430 1150 vestrum.
446 1120 535 1148 Multa
546 1118 729 1148 benevolentia
745 1125 798 1147 est:
814 1124 840 1146 et
850 1127 960 1156 magno-

220 1178 283 1196 rum
296 1174 321 1195 et
333 1176 478 1206 parvorum
499 1165 623 1194 similiter
641 1175 733 1193 curum
747 1164 829 1203 gerit,
845 1170 870 1192 et
884 1163 959 1192 novit

220 1224 321 1251 omnes,
333 1220 358 1241 et
372 1212 503 1241 neminem
518 1211 648 1250 despicit;
663 1210 710 1239 sed
731 1210 759 1238 in
780 1218 958 1247 unumquem-

223 1270 276 1298 que
288 1258 406 1288 eamdem
422 1258 489 1297 gerit
502 1268 607 1293 curam,
622 1263 647 1285 et
663 1266 752 1295 parem
769 1255 795 1283 in
810 1265 901 1283 omncs
911 1254 959 1283 lio-

220 1315 321 1334 uorem.
335 1303 414 1334 Unde
425 1304 505 1333 etiam
517 1303 602 1341 magis
613 1301 802 1342 persuadebat,
813 1307 842 1329 ut
857 1300 958 1330 verbo—

221 1361 281 1380 mm
294 1351 456 1390 susciperent
467 1349 614 1378 molestiam
622 1355 647 1377 et
659 1348 838 1388 asperitatem.
852 1348 889 1375 Ut
902 1357 959 1374 non
977 1358 995 1380 Β

222 1406 321 1436 segnes
335 1418 343 1432 ,
367 1396 453 1434 inquit
467 1418 474 1432 ‚
503 1395 685 1435 efficiamini.
710 1395 779 1422 Nam
805 1399 835 1421 ut
857 1392 960 1421 desidia

222 1442 295 1470 laedit
307 1452 403 1480 corpus
417 1453 423 1468 :
442 1441 479 1469 ita
501 1441 582 1469 etiam
597 1440 713 1468 animam
732 1438 841 1467 cessatio
855 1448 870 1466 a
883 1437 960 1466 bonis

221 1488 385 1527 supiniorem
408 1486 495 1516 reddit
509 1509 518 1521 ,
542 1493 567 1515 et
596 1485 768 1514 imbecillam.
793 1486 960 1513 [miratores

221 1541 317 1563 autem
328 1556 335 1570 ,
350 1534 456 1572 inquit,
474 1543 569 1561 eorum
585 1535 635 1572 qni
647 1532 797 1571 perfidem
808 1538 833 1560 et
845 1533 960 1570 patien-

220 1583 292 1609 tiam
317 1580 480 1609 hereditant
507 1581 719 1618 promissiones,
741 1579 776 1606 Et
796 1579 906 1616 quinam
931 1577 960 1606 hi

220 1627 284 1663 sint,
296 1625 420 1665 deinceps
430 1625 506 1654 dicit.
519 1625 597 1654 Prius
608 1624 688 1662 dixit,
700 1623 846 1653 imitamini
860 1634 889 1652 ea
901 1634 960 1662 quae

221 1673 296 1712 prius
310 1683 325 1700 a
336 1672 415 1702 vobis
429 1679 499 1700 recte
519 1678 590 1710 gesta
605 1678 667 1700 sunt
679 1683 684 1698 :
696 1670 794 1699 deinde
804 1680 837 1699 ne
850 1670 960 1707 dicant,

221 1718 362 1757 quaenam?
386 1728 430 1747 eos
452 1718 562 1747 deducit
587 1718 620 1746 nd
640 1718 822 1757 patriarcham
836 1741 842 1755 ‚
868 1728 960 1747 eorum

980 191 1135 213 ,tunuli-lv.

1165 189 1434 214 CONS'rANTtNor.

1016 251 1088 282 πίόος
1111 252 1185 287 ὑμῶν
1201 250 1264 289 ἄχρι
1279 250 1376 282 τέλους.
1404 250 1439 278 Τί
1459 251 1514 279 ἐστι
1529 253 1619 287 τοῦτο;
1643 250 1676 280 ‘ll
1694 251 1781 288 ἐλπὶς,

1016 295 1093 334 φησι,
1106 295 1275 328 διαίῖαστάζει
1284 317 1291 330 ,
1307 295 1373 331 αὕτη
1390 297 1535 324 ἀνακτᾶται
1549 296 1627 325 πάλιν
1637 308 1643 314 ·
1655 296 1692 334 μὴ
1706 297 1780 326 ἐκλυ-

1016 342 1077 375 θῆτε
1087 363 1094 376 ,
1106 340 1172 378 μηδὲ
1189 341 1351 376 ἀπελπίσητε
1363 364 1370 377 ‚
1384 340 1427 369 ἵνα
1442 340 1478 379 μὴ
1495 341 1604 380 περιττὴ
1624 343 1721 380 ὑμῶνὴ
1737 343 1782 371 ἐλ-

1015 385 1058 419 πὶς
1074 382 1104 425 ᾖ·
1115 389 1129 415 ὁ
1140 386 1191 425 γὰρ
1203 386 1288 425 ἀγαθὰ
1301 386 1472 425 ἐργαζόμενος
1482 409 1489 422 ,
1505 387 1550 415 καὶ
1565 387 1650 425 ἀγαθὰ
1664 388 1762 421 ἐλπίζει
1773 410 1781 423 ,

1014 431 1059 460 καὶ
1079 431 1202 460 οὐδέποτε
1215 432 1354 465 ἀπελπίζει
1374 431 1473 461 ἑαυτόν.
1494 431 1553 461 Ἵνα
1577 432 1612 470 μὴ
1634 432 1728 472 νωθροὶ
1739 433 1783 472 γέ-

1014 479 1103 513 νησθε,
1115 476 1202 515 ἀκμὴν
1212 476 1328 515 γένησθε.
1338 477 1390 506 Καὶ
1398 476 1449 515 μὴν
1466 477 1588 517 ἀνωτέρω
1600 477 1784 516 ἔλεγεν,ζἘπεὶ

1014 522 1107 560 νωθροὶ
1121 522 1245 561 γεγόνατε
1263 526 1321 554 ταῖς
1339 524 1439 555 ἀκοαῖς.
1453 523 1521 552 Ἀλλ’
1532 522 1580 562 δ’ρα
1594 525 1650 556 πῶς
1663 525 1718 552 ἐκεῖ
1733 522 1782 561 με’-

1013 579 1059 607 χρι
1070 570 1117 603 τῆς
1129 569 1209 603 ἀκοῆς
1219 567 1266 603 τὴν
1280 569 1432 608 νωθρότητα
1444 568 1551 604 ἔστησεν
1560 579 1566 586 ·
1579 570 1690 598 ἐνταῦθα
1704 569 1726 597 εἴ
1737 568 1782 598 καὶ

1014 613 1076 643 αὐτὸ
1087 616 1163 643 τοῦτο
1175 614 1327 653 φθέγγεται,
1343 615 1400 643 ἀλλ’
1413 614 1501 654 ἕτερόν
1514 626 1539 643 τι
1554 613 1709 643 αἰνίττεται·
1725 614 1783 643 ἀντὶ

1012 659 1063 699 γὰρ
1083 661 1128 688 τοῦ
1145 661 1236 696 εἰπεῖν,
1259 659 1295 698 μὴ
1325 659 1514 698 ἐναπομείνητε
1534 661 1567 698 τῇ
1589 659 1717 700 ῥᾳθυμίᾳ,
1734 659 1781 696 Μὴ

1011 706 1105 746 νωθροὶ
1126 705 1252 745 γένησθε,
1277 701 1343 735 εἶπε.
1369 705 1454 735 Πάλιν
1471 705 1563 739 αὐτοὺς
1587 707 1624 739 εἷς
1643 706 1686 735 τὸν
1714 706 1781 745 μέλ-

1011 752 1090 780 λοντα
1105 751 1190 791 ἐξάγει
1211 752 1300 791 καιρὸν
1316 751 1358 780 τὸν
1378 751 1525 788 ἀνεύθυνον,
1550 751 1640 788 εἰπὼν,
1656 751 1717 781 Ἵνα
1742 751 1779 790 μὴ

1011 797 1165 838 νωθρότεροι
1177 797 1285 837 γένησθε
1296 809 1302 816 ·
1321 797 1418 827 ἐκείνου
1431 797 1482 837 γὰρ
1495 800 1539 827 τοῦ
1558 797 1640 836 μήπω
1651 797 1781 837 παρόντος

1012 846 1057 873 οὐκ
1074 844 1104 873 ἂν
1119 844 1209 882 εἴημεν
1233 844 1376 873 ὑπεύθυνοι.
1394 843 1428 873 Ὁ
1447 843 1493 882 μὲν
1515 843 1567 883 γὰρ
1586 846 1621 877 εἷς
1647 844 1677 873 τὸ
1696 844 1780 884 παρὸν

1010 890 1243 929 παρακαλούμενος
1262 889 1428 925 σπουδάζειν,
1446 891 1481 922 ὡς
1506 891 1639 928 ῥαθυμῶν,
1653 889 1716 922 ἴσως
1733 889 1779 919 καὶ

1012 936 1181 976 ὀκνηρότερος
1205 935 1292 965 ἔσται·
1316 938 1330 964 ὁ
1352 935 1378 964 δὲ
1393 937 1428 968 εἰς
1448 935 1477 964 τὸ
1493 935 1602 973 μέλλον,
1617 936 1667 975 οὐχ
1691 935 1781 969 οὕτως.

1012 983 1212 1021 Ἐπιθυμοῧμεν
1228 981 1270 1018 δὲ,
1284 981 1376 1021 φησὶν,
1388 980 1498 1010 ἕκαστον
1509 983 1592 1019 ὑμῶν.
1605 981 1696 1017 Πολλὴ
1712 984 1728 1017 ἡ
1742 994 1782 1022 φι-

1012 1027 1163 1067 λοστοργία·
1180 1028 1224 1056 καὶ
1240 1027 1362 1067 μεγάλων
1380 1026 1424 1055 καὶ
1440 1028 1539 1066 μικρῶν
1553 1026 1649 1065 ὁμοίως
1658 1027 1781 1064 κήδεται,

1012 1074 1056 1102 καὶ
1070 1074 1170 1106 πάντας
1180 1069 1248 1109 οἶδε,
1259 1073 1303 1102 καὶ
1319 1073 1412 1102 οὐδένα
1423 1078 1540 1112 παρορᾷ,
1555 1072 1623 1102 ἀλλὰ
1636 1072 1684 1108 τὴν
1701 1072 1782 1109 αὐτὴν

1013 1119 1074 1158 περὶ
1087 1119 1197 1148 ἕκαστον
1211 1118 1371 1157 κηδεμονίαν
1386 1118 1563 1147 ἐπιδείκνυται
1573 1141 1581 1154 ,
1604 1119 1649 1147 καὶ
1663 1119 1711 1154 τὴν
1726 1120 1783 1148 ἶσο-

1013 1165 1103 1204 τιμίαν
1118 1165 1181 1204 πρὸς
1196 1165 1296 1197 πάντας
1307 1176 1313 1182 ·
1324 1164 1381 1194 ὅθεν
1393 1164 1437 1193 καὶ
1452 1165 1551 1203 μᾶλλον
1564 1164 1650 1193 ἔπειθε
1662 1164 1783 1199 δέξασθαι

1013 1212 1043 1241 τὸ
1056 1211 1175 1251 φορτικὸν
1196 1213 1247 1239 τῶν
1264 1210 1466 1250 ρημάτων.Ἵνα
1482 1210 1518 1248 μὴ
1541 1210 1634 1249 νωθροὶ
1654 1210 1782 1248 γένησθε,

1014 1258 1086 1297 φησί.
1101 1257 1228 1296 Καθάπερ
1241 1257 1291 1296 γὰρ
1304 1259 1320 1292 ἡ
1339 1257 1417 1297 ἀργία
1435 1256 1464 1285 τὸ
1479 1258 1557 1294 σῶμα
1577 1255 1703 1294 βλάπτει·
1715 1255 1782 1285 οὕτω

1013 1304 1059 1333 καὶ
1072 1304 1119 1339 τὴν
1136 1303 1222 1343 ψυχὴν
1234 1305 1250 1338 ἢ
1267 1303 1345 1341 ἀργία
1362 1304 1414 1330 τῶν
1429 1303 1533 1340 ἀγαθῶν
1550 1301 1715 1340 ὑπτιωτέραν
1738 1303 1782 1341 ε’ρ-

1015 1350 1123 1388 γάζεται
1151 1349 1196 1378 καὶ
1222 1350 1328 1383 ἀσθενῆ.
1355 1347 1480 1386 Μιμηταὶ
1501 1347 1527 1377 δὲ
1538 1370 1546 1384 ,
1571 1347 1650 1387 φησὶ,
1665 1349 1716 1376 τῶν
1739 1347 1782 1376 διὰ

1018 1396 1130 1427 πίστεως
1146 1394 1190 1423 καὶ
1202 1393 1382 1433 μακροθυμίας
1398 1392 1630 1433 κληρονομούντων
1641 1392 1688 1426 τὰς
1702 1394 1782 1432 ἔπαγ-

1014 1441 1111 1478 γελίας.
1135 1441 1187 1469 Καὶ
1212 1440 1279 1473 τίνες
1299 1435 1371 1468 οὗτοί
1393 1440 1476 1475 εἰσιν,
1500 1439 1558 1475 ἑξῆς
1579 1439 1660 1478 λέγει.
1677 1439 1784 1479 Πρότε-

1016 1499 1058 1526 ρον
1080 1487 1168 1526 εἴρηκε
1179 1509 1185 1521 ,
1211 1485 1363 1524 μιμήσασθε
1387 1485 1421 1514 τὰ
1443 1484 1559 1524 πρότερα
1583 1485 1657 1523 ὑμῶν
1684 1496 1783 1525 κατορ-

1015 1533 1139 1571 θώματα·
1154 1527 1225 1567 εἷτα,
1238 1531 1280 1560 ἵνα
1303 1531 1339 1569 μὴ
1356 1531 1470 1570 λέγωσι,
1484 1535 1562 1567 ποὶα;
1589 1529 1680 1563 αὐτοὺς
1691 1530 1784 1569 ἀνάγει

1014 1580 1058 1609 ἐπὶ
1081 1579 1124 1607 τὸν
1145 1577 1323 1617 πατριάρχην,
1342 1579 1394 1606 τῶν
1419 1576 1466 1615 μὲν
1482 1575 1695 1615 κατορθωμάτων
1711 1576 1784 1606 οἴκο-

1014 1629 1056 1655 θεν
1077 1627 1163 1658 αὐτοῖς
1180 1624 1265 1664 φέρων
1279 1623 1313 1653 τὰ
1336 1623 1534 1662 ὑποδείγματα,
1555 1626 1600 1652 τοῦ
1622 1622 1649 1651 δὲ
1670 1621 1784 1660 νομίζειν

1014 1672 1262 1712 ἐγκαταλελεῖφθαι,
1294 1670 1346 1699 ἀπὸ
1370 1672 1416 1698 τοῦ
1441 1668 1615 1709 πατριάρχου.
1643 1668 1730 1697 Τοῦτο
1757 1667 1784 1697 δὲ

1015 1723 1101 1756 ποιεῖ,
1123 1717 1165 1746 ἵνα
1183 1716 1219 1755 μὴ
1239 1717 1351 1754 λέγωσιν
1366 1715 1405 1744 ὅτι
1431 1716 1466 1748 ὡς
1493 1715 1594 1748 οὐδενὸς
1618 1713 1683 1748 ἄξιοι
1704 1714 1781 1753 λόγου

634 1861 806 1890 ΜΗΤΙΛΝΟ
830 1858 1082 1889 SCHOLASTICO
1096 1854 1344 1887 INTERPRETE.

219 1981 513 2021 {Ieresestmationem
537 1990 627 2018 usque
642 1979 794 2019 adfinem,
818 1984 845 2007 et
861 1978 1092 2016 satisfactionem
1107 1977 1175 2015 spei.
1192 1975 1269 2014 Spes,
1286 1973 1384 2012 inquit,
1399 1973 1522 2011 sustinet,
1538 1972 1596 2012 ipsa
1607 1977 1646 2000 est
1660 1980 1719 2009 quae
1733 1980 1776 1999 re—

220 2035 289 2057 creat
313 2041 318 2056 :
340 2028 380 2056 Ne
394 2025 590 2061 dissolvamini,
618 2036 650 2053 nc
666 2025 819 2064 desperetis,
840 2031 866 2053 et
880 2023 1014 2063 superflua
1037 2022 1072 2052 sit
1088 2029 1175 2051 vestra
1190 2032 1260 2061 spes.
1277 2021 1332 2055 Qui
1346 2019 1418 2048 enim
1432 2019 1502 2048 bona
1519 2025 1654 2058 operatur,
1667 2023 1693 2046 et
1705 2017 1776 2045 bona

220 2082 316 2116 sperat,
326 2081 352 2103 et
367 2084 515 2112 numquam
527 2072 649 2111 desperat
660 2071 694 2100 de
708 2072 803 2111 seipso.
818 2072 863 2100 Ne
877 2070 1036 2099 imbecilles
1048 2069 1224 2109 efficiamini
1238 2080 1246 2095 :
1262 2067 1351 2096 adhuc
1364 2065 1519 2095 efficiamini
1534 2076 1540 2092 :
1558 2073 1724 2103 quamquam
1734 2073 1776 2091 su-

221 2134 268 2163 pra
282 2121 398 2160 dicebat,
414 2120 540 2159 quoniam
557 2118 703 2147 imbecilles
714 2118 777 2146 sacti
791 2118 854 2146 estis
870 2117 975 2145 auditu.
992 2115 1046 2145 Sed
1058 2115 1162 2144 intuere
1176 2113 1311 2152 quomodo
1326 2123 1409 2151 usque
1420 2111 1455 2140 ad
1469 2110 1592 2140 auditum
1605 2108 1775 2138 imbecillita-

221 2178 273 2199 tem
287 2169 406 2198 retinuit.
421 2168 472 2196 Hic
485 2173 574 2196 autem
589 2165 706 2204 idipsum
721 2164 864 2203 significat,
878 2170 959 2204 prout
970 2163 993 2193 si
1006 2163 1106 2192 diceret
1119 2174 1126 2190 ε
1143 2163 1183 2191 Ne
1196 2160 1362 2190 remaneatis.
1377 2159 1430 2189 Sed
1447 2159 1543 2188 iterum
1559 2157 1678 2196 idipsum
1691 2155 1719 2184 in
1730 2155 1774 2184 fu-

221 2225 312 2245 turum
336 2215 436 2255 profert
450 2221 564 2253 tempuS,
579 2211 652 2251 quod
668 2222 719 2239 non
745 2218 782 2239 est
806 2211 966 2245 obnoxium,
984 2209 1076 2239 dicens
1094 2221 1100 2238 :
1116 2209 1161 2238 Ne
1176 2208 1334 2237 imbecilles
1351 2206 1534 2246 efficiamini.
1557 2202 1687 2243 Tempori
1699 2202 1773 2231 enim

221 2264 334 2293 necdum
350 2261 474 2302 praesenti
488 2259 599 2290 obnoxii
617 2269 672 2288 esse
685 2269 736 2287 non
751 2268 900 2297 possumus.
922 2258 977 2293 Qui
993 2257 1064 2286 enim
1082 2256 1110 2285 in
1127 2255 1251 2296 praesenti
1266 2254 1366 2294 petitur
1380 2253 1518 2289 festinare,
1533 2251 1610 2281 velut
1625 2249 1777 2289 negligens,

220 2311 336 2340 fortassis
348 2317 373 2338 et
387 2308 474 2348 segnis
486 2313 526 2336 est
540 2318 546 2334 :
561 2305 607 2344 qui
622 2304 722 2334 veroin
736 2304 867 2340 futurum,
880 2315 931 2333 non
944 2304 992 2333 sic.
1008 2304 1146 2342 Cupimus
1160 2308 1259 2331 antem
1274 2309 1509 2340 unumquemque
1523 2303 1663 2334 vestrum,
1678 2295 1774 2334 inquit·

221 2359 306 2387 Multa
321 2356 462 2386 dilectione
476 2355 609 2394 majorum
628 2358 653 2381 et
669 2352 803 2381 minorum
818 2351 942 2380 similiter
956 2361 1048 2380 curam
1063 2350 1141 2390 gerit,
1160 2357 1186 2378 et
1200 2358 1292 2378 omnes
1306 2348 1366 2384 scit,
1381 2346 1484 2376 nullum
1500 2344 1624 2385 despicit,
1640 2343 1687 2372 sed
1699 2353 1771 2372 eam-

219 2405 279 2434 dem
301 2405 370 2433 circa
385 2403 522 2442 singulum
535 2410 667 2440 quemque
680 2409 772 2428 curam
787 2397 980 2434 demonstrans,
1003 2405 1029 2427 et
1045 2397 1175 2437 aequalem
1189 2396 1318 2425 honorem
1340 2395 1375 2424 ad
1388 2403 1489 2424 omues.
1507 2391 1588 2421 Unde
1609 2397 1634 2419 et
1655 2389 1774 2419 maxime

220 2452 395 2491 persuadebat
417 2450 550 2489 suscipere
574 2445 701 2487 quiequid
721 2453 788 2475 esset
806 2446 833 2474 in
850 2446 1016 2474 sermonibus
1036 2445 1102 2484 ejus.
1122 2445 1165 2474 Ne
1187 2443 1345 2472 imbecilles
1367 2441 1556 2482 efficiamini,
1579 2437 1674 2476 inquit.
1696 2436 1774 2466 Sicut

221 2499 342 2527 vacuitas
365 2507 461 2537 corpus
473 2495 559 2533 laedit,
581 2495 619 2524 sic
639 2501 664 2523 et
678 2493 795 2522 animam
818 2492 938 2522 vacuitas
950 2503 965 2520 a
978 2492 1056 2521 bonis
1071 2491 1237 2531 supiniorem
1259 2495 1384 2529 operatur
1403 2494 1429 2517 et
1443 2487 1588 2516 infirmam.
1603 2485 1768 2513 Imitamini

221 2552 328 2579 autem,
346 2545 444 2582 inquit,
459 2554 506 2573 eos
521 2545 571 2582 qui
581 2541 734 2581 perfidem
745 2547 772 2570 et
784 2540 959 2580 patientiam
974 2539 1129 2568 hereditati
1140 2544 1208 2567 sunt
1220 2538 1433 2576 promissiones.
1448 2533 1484 2562 Et
1494 2532 1539 2572 qui
1554 2538 1616 2561 sunt
1628 2531 1682 2568 isti,
1693 2530 1768 2560 dein-

221 2594 254 2622 de
269 2593 343 2622 dicit.
361 2591 482 2620 Primum
495 2591 577 2628 dixit,
594 2589 741 2619 Imitamini
755 2595 840 2619 vestra
858 2588 957 2627 priora,
970 2593 1072 2617 vestros
1086 2586 1190 2616 labores
1204 2597 1210 2613 ε
1223 2583 1321 2615 deinde
1338 2593 1370 2613 ne
1384 2582 1511 2619 dicerent,
1528 2579 1649 2619 Qualia?
1664 2584 1769 2611 revocat
