1906 2846
268 178 332 210 270
596 177 623 197 S.
653 176 791 197 „to-xNNts
818 175 997 197 cntu'sos'T.
1027 175 1183 196 AttCtttEt’.
1212 175 1478 199 CONSTANHNOP.

262 238 341 269 male,
359 237 467 276 patitur,
486 236 532 264 sed
550 236 594 272 qui
612 235 688 269 sucin
711 245 794 272 neque
809 235 855 272 qui
869 234 999 263 beneficio

262 290 299 311 cst
321 283 441 315 affictus,
464 281 592 315 aflicitur,
619 280 663 308 sed
685 280 730 318 qui
754 280 884 308 beneficio
906 281 998 308 afficit.
1010 301 1043 319 189
1053 280 1194 320 ὠμενπερὶ
1207 281 1236 309 τὸ
1246 280 1360 319 πάσχειν
1376 283 1474 317 κακῶς,
1486 282 1622 321 πρόχειροι
1631 284 1690 323 περὶ
1701 284 1730 312 τὸ
1742 285 1818 321 εὐερ-

263 327 325 354 1111-0,
340 336 402 363 crgo
417 335 475 352 eum
492 323 616 357 ,ει-10111115,
633 323 773 351 tolerantes
787 323 869 351 simus
883 323 917 351 ad
932 323 1000 351 male
1018 329 1036 350 Α
1053 330 1145 362 γετεῐν.
1156 327 1242 354 Τοῦτο
1259 325 1285 354 δὲ
1306 326 1393 361 ἔσται,
1407 326 1436 354 ἂν
1451 327 1598 366 χρημάτων
1615 331 1819 367 καταφρονῶμεν

262 371 424 409 patiendum,
437 368 533 407 promti
547 367 579 395 ad
593 368 822 396 beneficiendum.
837 368 900 396 Hccc
911 375 999 396 :tutem

261 422 338 443 erunt
361 415 381 442 si
404 413 529 452 pecunias
551 412 728 451 despiciamus
750 420 775 441 ct
797 413 910 451 gloriam
930 414 998 452 :qui

261 460 308 487 lius
322 459 404 487 animi
421 459 572 487 affectiones
594 459 713 493 exuerit,
731 459 781 488 erit
802 459 927 488 omnibus
947 460 997 488 ho-

261 506 376 533 miuibus
401 505 536 533 liberalior
552 527 559 541 ‚
589 511 612 533 et
637 515 668 533 eo
694 505 751 544 ipso
778 505 824 543 qui
849 516 998 545 purpuram

108 541 368 579 ,mmmmindutus
392 557 430 579 est
451 550 542 579 ditior.
568 551 626 578 Non
651 549 727 579 vides
751 558 815 589 quot
839 552 909 580 mala
932 551 998 580 fiant

1053 237 1095 270 οη,
1108 235 1166 263 ἀλλ’
1177 237 1190 263 ὃ
1207 236 1360 273 εὐεργετῶν.
1374 237 1466 264 Ταῦτα
1485 233 1527 265 οὖν
1548 237 1658 273 εἰδότες,
1672 237 1819 271 ἀνεξίκακοι

1053 369 1097 398 καὶ
1115 370 1188 405 δόξης
1202 383 1206 387 ·
1223 373 1235 399 ὁ
1249 374 1331 400 ταῦτα
1343 371 1375 400 τὰ
1391 372 1461 407 πάθη
1476 373 1684 410 ἀποδυσάμενος,
1696 374 1817 402 ἁπάντων

1053 415 1196 454 ἀνθρώπιον
1220 416 1289 445 ἐστὶν
1311 417 1529 457 ἐλευθερώτερος,
1546 418 1590 446 καὶ
1611 419 1691 447 αὐτοῦ
1711 421 1755 446 τοῦ
1770 418 1817 454 τὴν

1052 461 1192 499 ἁλουργίδα
1212 462 1393 501 περικειμένου
1411 463 1594 502 εὐπορώτερος.
1610 465 1671 502 Οὐχ
1688 466 1749 503 ὁρᾷς
1769 463 1818 492 ὅσα

1051 506 1150 545 γίνεται
1164 507 1234 536 κακὰ
1249 508 1292 536 διὰ
1305 507 1338 536 τὰ
1360 508 1503 548 χρήματα;
1518 511 1546 538 οὐ
1564 509 1632 548 λέγω
1646 509 1694 537 ὅσοι
1710 509 1752 537 διὰ
1770 507 1817 544 τὴν

139 472 218 491 (ituitra

108 510 127 521 :n
139 511 180 521 un<
198 507 219 522 ct

1051 553 1212 589 πλεονεξίαν,
1227 555 1284 582 ἀλλ’
1301 555 1327 582 ἐν
1347 556 1379 592 τῇ
1400 554 1565 594 προσπαθείᾳ
1582 554 1692 583 τούτων·
1715 555 1766 583 οἷόν
1790 566 1816 582 τι

105 565 204 589 ‹uf-ulus.

257 603 365 635 propter
388 596 533 635 pecunias?
556 606 608 624 non
635 595 694 625 dico
721 607 778 634 quae
801 596 868 625 siunt
890 604 998 636 propter

254 642 406 675 avaritiam,
418 640 498 669 sedin
510 651 600 668 earum
611 641 764 670 affectione:
775 642 926 681 utexempli
936 653 997 671 cau-

254 698 290 722 sa,
299 687 321 715 si
329 687 460 725 quispiam
469 686 585 714 amiserit
595 686 729 724 pecunias,
737 686 895 716 vivitvitam
902 687 996 725 quavis

255 740 338 761 morte
360 732 519 769 graviorem.
535 732 610 766 Quid
624 731 708 769 doles,
730 743 745 761 o
760 732 854 769 homo,
869 733 938 771 quid
952 733 995 761 lu-

254 779 384 817 cryniaris
398 778 410 805 Ξ)
425 777 496 815 quod
512 784 535 806 te
551 779 622 806 Deus
636 790 650 806 a
664 788 860 817 supervacanea
875 779 995 807 liberarit

253 824 394 852 custodia?
418 823 490 861 quod
511 834 563 852 non
584 824 674 852 sedeas
696 831 810 853 tremens
830 833 855 853 et
876 825 994 854 timens?

252 869 371 905 Deinde,
388 870 410 898 si
425 870 484 907 quis
501 876 525 898 te
539 869 656 907 alligarit
671 869 795 898 thesauro
807 894 813 904 ‚
825 870 922 909 jubens
937 871 994 900 illic

251 916 341 944 sedere
362 923 490 955 perpetuo
506 923 531 944 et
547 915 660 954 vigilare
680 926 728 954 pro
749 915 852 953 31101115,
874 916 948 945 doles
968 924 992 945 et

251 972 319 999 argre
335 962 386 989 fers
404 973 409 988 :
427 968 455 990 tu
468 968 557 990 autem
574 972 635 990 cum
653 962 769 1001 teipsum
785 962 905 1000 alligaris
927 973 991 1001 gra-

251 1007 368 1036 vissimis
381 1007 505 1045 vinculis,
521 1007 627 1045 quando
641 1018 654 1036 a
671 1008 798 1036 servitute
813 1009 940 1037 liberatus
954 1020 990 1045 es,

249 1052 345 1081 doles?
362 1054 462 1082 Revera
480 1053 631 1092 anticipata:
654 1053 789 1092 opinionis
808 1061 869 1082 sunt
885 1054 990 1082 dolores

250 1105 273 1125 et
291 1099 389 1137 gaudia
413 1112 419 1127 :
439 1106 572 1136 tamquam
595 1098 664 1126 enim
685 1098 812 1127 hahentes
834 1099 933 1136 aliena,
952 1099 990 1128 sic

248 1155 291 1172 eas
312 1144 489 1174 custodimus.
512 1144 590 1172 Nunc
609 1143 689 1172 verba
710 1144 778 1172 1111111
797 1144 832 1172 ad
851 1145 986 1173 mulieres.

248 1191 324 1229 Smpe
340 1190 419 1218 habet
435 1189 532 1217 mulier
547 1188 664 1226 aliquam
679 1195 778 1217 vestem
794 1199 826 1217 ex
841 1199 907 1217 auro
922 1200 987 1218 con-

248 1242 360 1272 textam,
375 1241 401 1263 et
414 1244 472 1263 eam
487 1234 613 1269 concutit,
630 1234 685 1262 lino
701 1234 829 1270 involvit,
845 1235 988 1273 diligenter

248 1280 374 1318 custodit,
391 1280 424 1308 de
438 1290 466 1308 ea
481 1281 555 1308 timet
570 1287 595 1308 et
608 1290 636 1308 ca
651 1290 703 1308 non
717 1280 816 1308 fruitur
834 1293 841 1308 :
857 1287 902 1309 aut
918 1281 988 1309 enim

247 1327 380 1362 moritur,
396 1333 441 1354 aut
456 1326 486 1354 fit
503 1325 584 1355 vidua
598 1337 605 1363 ς
620 1333 665 1354 aut
684 1326 786 1354 etiamsi
809 1327 876 1355 nihil
892 1327 987 1355 horum

247 1371 362 1408 accidat,
378 1372 473 1400 timens
488 1382 518 1400 ne
533 1371 663 1409 frequenti
679 1382 728 1399 usu
745 1382 802 1399 eam
817 1382 986 1408 consumens,

247 1418 361 1457 seipsam
374 1417 478 1457 privet;
491 1418 542 1445 etsi
551 1417 619 1445 alius
630 1428 681 1445 non
691 1417 923 1456 auferat,seipsa1n
934 1419 989 1457 pri-

247 1470 293 1490 vat
309 1463 520 1501 parsi1nonia.At
531 1473 589 1490 eam
598 1462 674 1490 alteri
685 1462 806 1490 coneedit
819 1463 892 1491 .⁰Scd
904 1474 988 1502 neque

249 1515 286 1537 est
301 1509 350 1537 hoc
364 1508 471 1537 evidens
488 1520 494 1535 :
511 1509 532 1536 si
547 1515 636 1536 autem
651 1509 824 1544 concesserit,
839 1520 867 1537 ca
882 1520 988 1548 quoque

248 1565 341 1582 rursus
355 1554 479 1582 similiter
496 1561 593 1583 utetur.
610 1554 644 1582 Et
661 1555 682 1582 si
697 1555 841 1593 quisquam
856 1563 989 1585 scrutetur

248 1614 275 1629 ea
292 1612 351 1640 quae
366 1608 426 1630 sunt
441 1602 466 1630 in
483 1601 585 1630 ι11111105
598 1625 606 1637 ,
624 1602 740 1631 inveniet
763 1610 850 1631 vestes
871 1604 989 1632 maxime

249 1648 376 1686 pretiosas
399 1655 423 1676 et
445 1647 498 1676 alia
519 1648 651 1686 exquisita
674 1649 767 1687 majori
793 1649 896 1678 honore
920 1650 986 1685 coli,

1051 598 1132 637 λέγω,
1145 599 1175 626 ἂν
1193 599 1309 637 ἀπολέσῃ
1324 611 1362 631 τις
1374 599 1500 638 χρήματα
1509 622 1516 634 ,
1529 600 1624 632 παντὸς
1645 599 1754 628 θανάτου
1766 611 1817 638 χα-

1049 643 1195 683 λεπώτερον
1209 644 1264 682 βίον
1278 646 1320 682 ζῇ.
1333 644 1368 673 Τί
1384 646 1485 683 ἀλγεῖς,
1500 645 1633 685 ἄνθρωπε,
1643 644 1667 673 τί
1682 645 1816 685 δακρύε1ς;

1048 690 1088 718 ὅτι
1107 701 1135 718 σε
1153 693 1199 725 τῆς
1220 693 1343 729 περιττῆς
1356 692 1472 729 φυλακῆς
1489 690 1637 725 ἀπήλλαξεν
1649 693 1662 719 ὁ
1675 691 1756 728 Θεός,
1775 691 1815 720 ὅτι

1048 737 1076 763 οὐ
1092 736 1158 775 κάθῃ
1183 736 1285 775 τρέμων
1306 736 1351 764 καὶ
1375 736 1509 772 δεδοικώς;
1526 732 1591 765 Εἶτα
1615 737 1644 764 ἂν
1668 736 1714 774 μὲν
1734 736 1764 765 σέ
1777 748 1815 769 τις

1024 785 1029 793 '
1048 781 1185 820 προσδήσῃ
1201 783 1338 822 θησαυρῷ,
1361 782 1473 811 κελεύων
1497 782 1639 814 διαπαντὸς
1659 782 1714 810 ἐκεῖ
1735 783 1815 817 καθῆ-

1047 829 1106 854 σθαι
1121 849 1127 861 ,
1142 827 1187 855 καὶ
1203 828 1342 866 ἀγρυπνεῖν
1363 827 1428 866 ὑπὲρ
1441 827 1596 867 ἀλλοτρίων,
1609 828 1711 866 ἀλγεῖς,
1724 827 1815 866 δυσχε-

1048 872 1143 910 ραίνεις
1155 885 1160 890 ’
1178 872 1208 901 σὺ
1223 872 1249 901 δὲ
1264 873 1358 901 σαυτὸν
1372 873 1524 911 προσδήσας
1539 874 1642 911 δεσμοῖς
1652 873 1815 911 χαλεπωτά-

1045 930 1115 954 τοις,
1133 918 1222 953 ἐπειδὴ
1240 919 1396 956 ἀπηλλάγης
1417 920 1463 952 τῆς
1489 918 1621 955 δουλείας,
1638 919 1740 956 ἀλγεῖς;
1752 917 1817 947 ''Ov-

1045 976 1096 996 τως
1116 963 1271 1003 προλήψεώς
1286 966 1351 993 εἰσιν
1375 965 1400 992 αἱ
1423 965 1504 992 λῦπαι
1529 963 1573 992 καὶ
1594 965 1620 992 αἱ
1643 963 1813 1002 εὐφροσύναι·

1043 1010 1163 1049 καθάπερ
1178 1009 1228 1050 γὰρ
1249 1010 1373 1049 ἀλλότρια
1397 1009 1517 1049 ἔχοντες,
1531 1008 1611 1042 οὕτως
1632 1009 1699 1038 αὐτὰ
1720 1011 1816 1048 τηροῦ-

1044 1066 1100 1092 μεν.
1117 1057 1170 1084 ’Νῦν
1190 1056 1255 1094 πρὸς
1266 1055 1313 1087 τὰς
1333 1055 1458 1093 γυναῖκάς
1479 1066 1522 1092 μοι
1542 1057 1556 1083 ὁ
1579 1055 1664 1093 λόγος.
1687 1050 1754 1094 Εῗχέ
1775 1066 1814 1087 τις

1042 1100 1106 1139 γυνὴ
1122 1101 1248 1133 πολλάκις
1266 1101 1318 1129 ἀπὸ
1331 1100 1439 1139 χρυσίου
1462 1100 1610 1139 ὑφασμένον
1628 1099 1743 1138 ἱμάτιον,
1767 1099 1813 1129 καὶ

1042 1148 1118 1174 τοῦτο
1134 1146 1265 1181 τινάσσει,
1279 1145 1434 1185 περιὸάλλει
1449 1145 1546 1181 λίνοις,
1560 1150 1634 1184 τηρεῖ
1650 1145 1716 1183 μετὰ
1728 1147 1813 1185 ἀσφα-

1042 1191 1128 1227 λείας,
1143 1191 1234 1231 τρέμει
1250 1191 1315 1230 ὑπὲρ
1339 1192 1433 1227 αὐτοῦ,
1448 1191 1492 1219 καὶ
1507 1192 1552 1219 οὐκ
1577 1190 1703 1220 ἀπολαύει
1718 1191 1809 1219 αὐτοῦ·

1042 1238 1059 1271 ἢ
1074 1237 1124 1276 γὰρ
1139 1237 1304 1271 ἐτελεύτησεν
1319 1236 1335 1271 ἢ
1357 1236 1512 1275 ἐχήρευσεν·
1534 1236 1568 1270 ἢ,
1583 1235 1630 1264 κᾶν
1656 1236 1737 1273 μηδὲν
1751 1235 1812 1264 τού-

1042 1296 1092 1312 των
1108 1283 1196 1321 συμῧῇ
1207 1305 1214 1318 ,
1233 1283 1332 1311 δέδοικε
1350 1281 1386 1319 μὴ
1403 1284 1434 1320 τῇ
1458 1286 1562 1320 συνεχεῖ
1586 1281 1682 1320 χρήσει
1694 1281 1812 1316 δαπανή-

1019 1349 1023 1356 1
1043 1341 1111 1357 σασα
1133 1329 1210 1364 αὐτὸ,
1235 1327 1437 1366 ἀποστερήσειεν
1456 1327 1568 1362 ἑαυτήν·
1593 1327 1640 1356 κᾶν
1663 1327 1741 1360 ἄλλος
1765 1327 1811 1356 οὔκ

1043 1374 1226 1412 ἀποστερήσῃ,
1241 1375 1381 1412 ἀποστερεῖ
1405 1373 1500 1408 ἑαυτὴν
1522 1375 1555 1411 τῇ
1578 1372 1714 1412 φειδωλία.
1732 1373 1812 1402 Ἀλλὰ

1042 1424 1197 1460 παραχωρεῖ
1219 1419 1311 1458 ἑτέρᾳ,
1328 1419 1385 1447 ἀλλ’
1401 1418 1458 1447 οὐδὲ
1478 1421 1554 1448 τοῦτο
1570 1419 1647 1453 δῆλον
1661 1430 1666 1436 ·
1680 1421 1703 1447 εἰ
1722 1418 1749 1448 δὲ
1765 1419 1811 1448 καὶ

1042 1465 1262 1505 παραχωρήσειε,
1284 1464 1329 1493 καὶ
1346 1463 1432 1499 ἐκείνη
1448 1464 1526 1493 πάλιν
1548 1464 1644 1502 ὁμοίως
1659 1465 1729 1504 αὐτῷ
1743 1465 1811 1504 χρή-

1043 1524 1126 1540 σεται.
1140 1511 1193 1540 Καὶ
1206 1510 1230 1539 εἴ
1243 1522 1283 1542 τις
1298 1510 1432 1549 ἐρευνήσει
1449 1509 1482 1538 τὰ
1497 1512 1522 1539 ἐν
1537 1514 1593 1542 ταῖς
1610 1510 1717 1544 οἰκίαις,
1733 1510 1812 1549 εὑρή-

1043 1570 1082 1587 σει
1101 1557 1133 1586 τὰ
1150 1556 1265 1595 μάλιστα
1283 1555 1359 1593 τίμια
1380 1557 1431 1584 τῶν
1449 1555 1561 1593 ἱματίων
1579 1555 1671 1584 καὶτὰ
1696 1555 1764 1584 ἄλλα
1778 1556 1811 1584 τὰ

1043 1603 1205 1643 ὑπερέχοντα
1220 1603 1245 1630 ἐν
1260 1601 1361 1630 πλείονι
1376 1604 1440 1640 τιμῇ
1451 1624 1458 1637 ,
1472 1601 1560 1640 ὥσπερ
1574 1601 1707 1641 ἐμψύχους
1718 1602 1810 1630 δεσπό-

1044 1662 1107 1685 τας,
1127 1647 1341 1689 Θεραπευόμενα·
1360 1648 1387 1676 οὐ
1402 1647 1453 1686 γὰρ
1468 1648 1566 1686 χρῆται
1582 1649 1667 1680 αὐτοῖς
1679 1649 1810 1686 συνεχῶς,

666 1754 841 1782 ΜΠΤΙΑΝΟ
863 1754 1114 1783 SCHOLASTICO
1135 1752 1389 1782 INTERPRETE.

250 1838 341 1875 Neque
350 1838 419 1865 enim
425 1838 470 1875 qui
483 1838 583 1877 patitur
593 1838 698 1876 aliquid
707 1839 817 1875 malum,
826 1840 935 1879 patitur,
943 1840 987 1868 sed
996 1840 1041 1878 qui
1050 1840 1112 1869 facit
1121 1851 1128 1875 ;
1139 1849 1222 1877 neque
1229 1837 1389 1866 beneficium
1400 1836 1521 1876 percipit,
1528 1837 1573 1874 qui
1581 1837 1700 1876 juvatur,
1710 1837 1755 1866 sed
1763 1838 1809 1876 qui

248 1884 405 1913 beneficium
416 1892 530 1924 praestat.
537 1886 599 1914 Haec
608 1885 692 1924 igitur
701 1886 820 1924 scientes,
830 1887 959 1926 patientes
968 1886 1157 1916 efficiamur-ad
1168 1884 1293 1926 patienda
1303 1884 1413 1918 1nata‚et
1423 1884 1523 1923 promti
1533 1883 1567 1912 ad
1576 1884 1806 1913 benefaciendum:

251 1932 299 1959 hoe
306 1938 395 1960 autem
404 1932 561 1971 poterimus,
571 1933 591 1961 si
604 1933 730 1972 pecunias
740 1941 764 1962 et
776 1935 889 1973 gloriam
898 1942 1106 1963 contemnamus.
1117 1935 1152 1963 Et
1162 1933 1208 1972 qui
1219 1933 1267 1961 has
1277 1931 1430 1971 exposuerit
1440 1931 1583 1970 passiones,
1593 1931 1717 1959 omnibus
1725 1931 1810 1960 homi-

250 1979 329 2007 nibus
341 1978 390 2007 erit
402 1979 522 2015 liberior,
533 1986 558 2008 et
570 1980 604 2008 ab
615 1991 644 2009 eo
653 1981 699 2019 qui
711 1992 832 2021 purpura
843 1982 966 2011 induitur
976 1981 1145 2021 locupletior.
1158 1981 1269 2009 Intueris
1281 1985 1379 2018 quanta
1387 1978 1455 2006 fiunt
1465 1978 1535 2006 mala
1547 1985 1655 2017 propter
1664 1978 1810 2017 pecunias?

252 2034 304 2052 uon
319 2024 379 2053 dico
393 2032 491 2062 quauta
505 2033 613 2065 propter
624 2027 775 2065 avaritiam,
786 2027 832 2056 scd
843 2027 871 2056 in
883 2039 913 2056 eo
928 2027 1000 2066 quod
1010 2027 1150 2056 affectione
1160 2034 1185 2055 et
1198 2026 1320 2065 passione
1330 2023 1448 2062 quadam
1463 2030 1582 2052 tenemur
1594 2023 1662 2052 circa
1673 2024 1808 2063 pecunias.

251 2071 336 2098 Verbi
349 2071 434 2109 gratia
445 2071 482 2099 :si
493 2072 581 2110 perdit
589 2073 688 2110 aliquis
701 2074 925 2112 pecunias,vitam
935 2074 1008 2103 ducit
1017 2074 1088 2102 omni
1101 2080 1185 2102 morte
1196 2073 1325 2112 pejorem.
1336 2070 1409 2105 Quid
1420 2070 1524 2106 dolcs‚o
1535 2070 1635 2098 homo?
1646 2070 1712 2108 quid
1720 2070 1810 2110 lacry-

252 2117 328 2145 mas?
340 2117 401 2156 quia
409 2125 434 2147 te
445 2129 460 2146 a
471 2129 535 2147 cura
550 2120 719 2149 custodiendi
728 2121 863 2159 superflua
876 2121 1002 2150 liberavit
1010 2122 1092 2157 Deus,
1103 2120 1167 2159 quia
1179 2130 1230 2148 non
1240 2118 1312 2147 sedes
1322 2125 1438 2146 tremens
1450 2124 1475 2145 et
1489 2124 1606 2145 metuens
1617 2116 1629 2145 Ξ)
1644 2116 1695 2145 Dic
1707 2117 1807 2156 itaque,

252 2165 273 2192 si
290 2171 315 2192 te
328 2165 471 2203 quisquam
488 2166 579 2205 alliget
593 2166 627 2195 ad
642 2167 807 2205 thesaurum,
828 2168 985 2207 praecipiens
1002 2175 1031 2196 ut
1046 2168 1088 2196 illi
1102 2177 1204 2206 semper
1225 2165 1351 2200 ass-ideas,
1367 2171 1391 2193 et
1414 2164 1525 2203 vigilem
1540 2174 1631 2192 curam
1645 2164 1739 2193 alienis
1752 2164 1808 2193 im-

253 2211 365 2249 pendas:
374 2222 459 2240 nonne
473 2211 587 2249 doleres,
600 2220 625 2241 et
635 2213 780 2243 difficulter
794 2215 875 2243 ferres
888 2215 900 2243 Ρ
914 2222 942 2242 tu
955 2215 1069 2254 teipsum
1082 2214 1242 2252 alligaveras
1256 2212 1372 2242 vinculis
1386 2210 1524 2250 pessimis,
1540 2217 1565 2239 et
1581 2210 1645 2249 quia
1661 2210 1705 2239 illa
1727 2210 1809 2240 servi-

255 2265 310 2286 tute
321 2258 449 2287 liberatus
461 2270 498 2297 es,
516 2259 607 2289 doles?
621 2262 723 2290 Verum
736 2262 836 2301 quippe
849 2269 897 2299 est,
913 2262 1039 2300 quoniam
1053 2272 1087 2290 cx
1100 2261 1225 2301 opinione
1240 2260 1350 2289 veniunt
1362 2265 1388 2287 et
1402 2268 1527 2287 moerores
1538 2265 1563 2287 et
1577 2257 1775 2297 gaudia,veluti
1786 2258 1808 2286 si

254 2304 338 2334 „liena
350 2305 504 2335 habeamus.
516 2307 593 2335 Nunc
604 2307 638 2335 ad
653 2307 778 2337 mulieres
793 2308 860 2337 1111111
876 2319 963 2337 sermo
977 2308 1116 2337 multabat
1128 2307 1250 2346 quaedam
1263 2306 1360 2335 mulier
1375 2305 1484 2334 forsitan
1498 2304 1686 2335 vestimentum
1697 2314 1731 2333 cx
1743 2314 1808 2332 auro

255 2358 407 2381 contextum
418 2375 426 2389 ‚
440 2360 465 2381 ct
477 2353 526 2382 hoc
540 2354 640 2383 excutit
662 2362 686 2383 et
703 2356 870 2395 expulverat,
890 2356 1004 2385 involvit
1019 2355 1218 2385 linteaminibus
1231 2354 1352 2390 mundis,
1371 2363 1431 2382 cum
1455 2351 1557 2380 cautela
1577 2351 1703 2388 custodit,
1718 2352 1807 2380 tremit

255 2409 333 2436 super
348 2399 427 2436 illud,
442 2407 466 2428 et
481 2411 533 2429 non
550 2412 580 2430 eo
599 2402 707 2432 fruitur.
722 2405 775 2432 Aut
789 2403 861 2431 enim
886 2404 1009 2439 moritur,
1032 2411 1077 2432 aut
1098 2403 1181 2433 vidua
1197 2403 1263 2430 sacta
1278 2408 1315 2430 est
1326 2413 1334 2438 5
1346 2407 1402 2435 aut,
1419 2400 1440 2428 si
1454 2400 1552 2428 horum
1573 2399 1641 2427 1111111
1655 2398 1805 2437 contingat,

255 2451 372 2473 metucns
388 2457 419 2474 nc
430 2447 537 2475 assiduo
550 2459 598 2476 usu
610 2455 745 2486 atteratur,
760 2456 785 2478 et
800 2461 829 2478 co
844 2450 993 2488 fraudetur,
1008 2450 1060 2478 ulio
1083 2449 1162 2478 niodo
1177 2449 1291 2487 seipsam
1304 2458 1333 2476 co
1348 2446 1463 2483 fraudat,
1477 2456 1537 2474 cum
1549 2445 1571 2474 ei
1584 2445 1679 2485 parcit.
1696 2444 1748 2474 Sed
1763 2445 1804 2473 di-

255 2489 292 2516 ‹·i:÷
308 2491 369 2528 quin
385 2492 452 2522 illud
467 2494 578 2524 dimittit
593 2496 650 2524 alii.
668 2496 720 2525 Sed
735 2507 817 2535 neque
832 2497 881 2526 hoc
897 2505 998 2526 eertum
1014 2505 1068 2534 (εις
1094 2504 1119 2525 ut
1134 2498 1155 2525 si
1175 2504 1198 2525 et
1212 2496 1258 2524 alii
1282 2495 1408 2530 dimittat,
1425 2500 1448 2522 et
1464 2493 1507 2521 itta
1526 2492 1648 2520 similiter
1663 2502 1692 2520 eo
1708 2492 1803 2520 utitur.

259 2536 291 2563 1⁴21
307 2537 326 2563 >i
343 2538 401 2575 qui:
418 2548 547 2569 scrutetur
563 2542 588 2571 in
609 2542 743 2579 domibus,
756 2544 870 2574 inveniet
883 2556 915 2574 cx
933 2545 1048 2574 maxima
1064 2551 1138 2584 purte
1153 2543 1265 2583 pretiosa
1282 2542 1445 2579 vestimenta,
1460 2550 1517 2577 quae
1534 2539 1591 2567 aliis
1607 2539 1741 2568 excellunt
1753 2561 1760 2575 ‚
1775 2539 1801 2567 in
