1906 2846
437 164 470 187 ΙΝ
498 161 604 188 EPlsT.
635 165 679 187 AD
705 164 872 188 HEBRAEOS.
901 165 979 189 CAP.
1009 167 1055 189 ΧΙ.
1085 167 1202 191 llOMIL.
1233 170 1316 193 XXII.
1577 160 1642 205 287

83 224 176 253 σαυτόν
185 237 190 242 ·
200 224 364 263 ἐγκαλεῖ,ἐὰν
375 224 411 264 μὴ
420 226 636 265 ἐλέγξῃςσαυτόν-
646 228 751 266 ἐγκαλεῖ
763 228 792 257 ἂν
802 229 848 257 οὐκ
905 230 969 256 sisti
979 230 1155 268 impietatem
1165 232 1259 260 cordis
1269 233 1331 260 mei.
1341 231 1390 261 Vis
1399 231 1537 270 judicare?
1548 239 1590 260 tua
1599 234 1644 272 ju-

80 270 207 309 ἀλγὴσῃς.
217 266 292 303 Εἶδες
299 270 342 299 τὸν
354 271 425 299 δεῖνα
436 272 600 311 ὀργιζόμενον
610 297 617 310 ,
626 274 832 313 παροξυνόμενον
842 295 848 308 ,
858 295 893 313 201
902 273 962 304 dica
975 287 981 303 :
994 287 1070 306 nemo
1084 284 1108 307 te
1118 285 1224 307 accusat
1233 278 1270 314 ,si
1283 278 1396 317 teipsum
1411 279 1587 317 condemnes3
1601 290 1644 308 ac-

81 314 98 348 ἢ
110 316 176 344 ἄλλο
186 328 212 344 τι
221 317 316 345 ἄτοπον
329 320 467 354 ποιοῦντα;
481 319 600 354 ἐννόησον
616 320 706 353 εὐθέως
717 320 761 349 καὶ
773 320 804 348 σὺ
816 321 849 348 τὰ
868 323 886 344 Α
904 329 977 350 cusat
994 330 1094 361 autem,
1106 324 1128 352 si
1140 331 1164 352 tc
1178 335 1228 352 non
1243 324 1362 364 judice53
1372 333 1486 362 accusat,
1494 326 1516 354 si
1529 326 1643 365 teipsum

81 365 190 397 σαυτοῦ,
203 362 248 390 καὶ
258 362 337 395 οὕτως
348 362 405 392 οὐδὲ
417 365 512 392 ἐκεῖνον
524 366 709 399 καταδικάσεις
719 367 847 405 σφοδρῶς,
904 377 955 396 non
966 370 1222 407 ai·giias;accusat,si
1232 381 1284 399 non
1295 370 1413 400 doleas}
1426 370 1482 400 ides
1490 371 1643 411 quempiam

82 406 127 435 καὶ
149 408 243 436 σαυτὸν
258 408 440 449 ἐλευθερώσεις
465 414 510 439 τοῦ
529 412 633 450 φορτίου
652 414 704 440 τῶν
727 415 848 451 ἧμαρῖη-
903 415 992 452 irasci,
1007 417 1118 451 irritari,
1130 424 1175 445 aut
1186 417 1373 455 aliquidaliud
1382 418 1467 446 facere
1478 418 1642 457 indignum?

81 452 178 490 μένων-
201 453 246 482 Ἂν
269 454 336 483 οὕτω
358 454 401 483 τὸν
422 458 521 485 ἑαυτῶν
545 458 707 495 ῥυθμίζωμεν
732 458 797 496 βίον,
818 458 847 485 ἂν
903 462 994 490 statim
1009 469 1036 491 tu
1052 462 1139 501 cogita
1154 473 1212 501 quae
1233 470 1294 492 sunt
1310 470 1373 499 tua;
1388 471 1413 492 et
1435 464 1470 492 ita
1492 475 1539 492 nec
1563 465 1642 494 illum

80 497 148 527 οὕτω
158 499 407 538 πραγματευώμεθα
427 504 501 539 ἡμῶν
517 502 564 537 τὴν
580 504 659 539 ζωὴν,
674 504 704 532 ἂν
719 503 850 542 κατακρί-
904 507 983 537 valde
994 509 1199 546 condemnabis,
1210 516 1234 537 et
1246 516 1272 538 te
1281 521 1295 538 a
1307 517 1475 549 pcccatorum
1484 521 1562 539 onere
1573 511 1640 539 libe-

80 555 165 582 νωμεν
178 544 297 580 ἑαυτοὺς,
310 548 339 575 οὐ
353 547 438 575 πολλὰ
453 549 660 587 ἁμαρτησόμεθα
671 549 748 585 ἴσως,
762 549 848 578 πολλὰ
903 553 985 583 rabis.
998 555 1027 583 Si
1042 555 1080 584 sic
1096 555 1180 583 vitam
1194 561 1312 583 nostram
1324 565 1532 594 componamus,
1546 556 1567 584 si
1582 567 1640 585 eam

80 590 108 618 δὲ
125 591 290 630 ἐργασόμεθα
310 592 394 627 καλὰ,
416 594 538 627 ἐπιεικεῖς
558 595 629 627 ὄντες
652 596 696 624 καὶ
727 596 848 634 μέτριοι,
902 601 940 630 sic
961 613 1149 639 exerceamus,
1165 603 1187 631 si
1207 602 1328 642 nosipsos
1350 602 1640 640 condemnemus‚non

79 635 124 664 καὶ
136 636 242 665 πάντων
252 637 435 676 ἀπολαύσομεν
444 641 496 668 τῶν
505 641 706 679 ἐπηγγελμένων
721 643 848 680 wisi-(w
902 647 986 676 multa
1013 648 1080 677 sorte
1102 655 1208 688 peccata
1233 648 1425 684 admittemus,
1448 649 1532 677 multa
1552 657 1641 678 autem

79 683 150 710 πῶσι
174 682 217 711 τὸν
238 683 307 713 Θεὸν
333 686 436 723 ἀγαθῶν
447 697 453 703 ⁴
474 682 510 714 ὧν
531 686 631 725 γένοιτο
654 691 755 721 πάντας
776 690 846 725 ἡμᾶς
900 695 969 724 bona
982 703 1007 724 et
1023 696 1148 735 praeclara
1162 696 1298 734 faciemus,
1311 696 1334 725 si
1350 697 1428 725 mites
1442 696 1526 726 simus
1540 704 1566 726 et
1581 708 1640 726 mo-

78 727 220 783 }mw‘lfilj‘s
231 729 320 769 χάρῑῖῑ
339 731 383 759 καὶ
396 732 579 778 ξῑλανθρωπίᾳ
592 736 636 762 T03
659 733 756 773 Κυρίου
770 736 845 772 ἡμῶν
901 741 985 778 desti,
999 749 1023 770 et
1040 743 1160 771 fruemur
1178 743 1302 771 omnibus
1314 753 1374 781 quae
1387 749 1447 771 sunt
1462 743 1592 782 promissa
1607 744 1640 773 iis

88 774 167 809 Ῑησοῧ
179 775 372 814 ᾸρῑθῒθῧιμεΨ
385 780 413 806 Οὗ
425 779 462 816 τῷ
474 779 561 818 Πατρὶ
572 779 626 817 ἅμα
638 781 675 819 τῷ
688 780 753 819 ἁγίῳ
765 780 847 809 Πνξῦ·
901 788 947 826 qui
972 789 1059 817 Deum
1080 788 1215 827 diligunt:
1234 800 1292 827 quae
1319 789 1397 818 detur
1413 789 1490 818 nobis
1515 790 1641 820 omnibus

80 831 145 857 ματῑ
163 820 239 855 δόξα,
258 823 367 862 κράτος,
384 824 467 862 τιμὴ,
481 828 524 854 va
534 825 579 854 Ml
595 825 653 863 ἀεὶ,
668 826 712 855 καὶ
732 827 768 859 Εἷς
789 826 847 858 τοὺς
901 835 1046 873 consequi,
1069 835 1153 873 gratia
1182 842 1207 863 et
1233 835 1395 874 benignitate
1422 836 1531 865 Domini
1556 838 1642 866 nostri

80 868 175 900 αἷῶνας
185 869 236 897 τῶν
252 868 363 898 αἷῶνων-
381 869 472 908 'Ay—'riv-
900 882 964 911 Jesu
977 881 1094 916 Christi,
1108 892 1168 910 cum
1182 893 1235 920 quo
1251 882 1324 909 Patri
1335 893 1385 911 una
1399 893 1460 911 cum
1475 889 1565 911 sancto
1579 884 1643 922 Spi-

901 929 954 957 ritu
970 929 1005 957 sit
1018 929 1114 967 gloria,
1127 929 1282 968 imperium,
1293 929 1387 967 honor,
1399 940 1470 960 nunc
1484 937 1509 959 ct
1523 941 1637 971 semper,

901 982 927 1004 et
941 975 968 1003 in
980 975 1076 1004 saecula
1088 975 1255 1004 saeculorum.
1273 978 1364 1004 Amen.

485 1080 661 1109 MUTIANO
682 1079 934 1109 SCHOLASTICO
955 1079 1208 1110 INTERPRETE.

78 1165 124 1188 tua
135 1164 197 1188 sunt
205 1157 315 1197 judica:
331 1158 422 1187 nullus
433 1164 457 1187 te
469 1157 570 1197 culpat,
587 1158 609 1187 si
621 1165 647 1187 te
661 1157 880 1188 condemnaveris
897 1169 903 1185 ε
922 1157 1074 1197 culpaberis
1089 1165 1188 1194 autem,
1204 1158 1225 1186 si
1242 1168 1294 1186 non
1308 1164 1334 1187 te
1349 1159 1525 1199 condemnes3
1542 1163 1640 1202 culpa·-

78 1206 162 1241 beris,
177 1206 199 1234 si
215 1216 267 1234 non
285 1212 310 1234 te
327 1205 488 1245 redarguas;
503 1205 665 1245 culpaberis,
678 1206 701 1235 si
719 1216 771 1235 non
785 1205 914 1234 dolueris.
935 1205 1037 1234 Vidisti
1059 1205 1138 1234 illum
1154 1206 1310 1234 irascentem
1323 1228 1330 1242 ,
1345 1206 1482 1236 considera
1502 1209 1640 1238 confestim

79 1251 160 1279 etiam
172 1258 211 1287 tu,
227 1262 286 1289 quae
301 1259 345 1280 tua
359 1258 430 1281 sunt.
448 1251 482 1281 Et
494 1252 532 1281 sic
547 1263 633 1291 neque
645 1259 674 1281 tu
688 1252 767 1281 illum
781 1252 870 1281 valide
883 1251 1086 1288 condemnabis,
1103 1259 1128 1282 et
1142 1252 1260 1292 teipsum
1274 1252 1403 1282 liberabis
1415 1253 1531 1293 pondere
1546 1266 1640 1294 pecca-

79 1304 178 1326 torum.
195 1298 224 1326 Si
238 1298 276 1326 sic
291 1305 380 1326 nostra
394 1298 460 1327 vitia
475 1298 655 1334 moderemur,
670 1297 692 1326 si
705 1297 744 1326 sic
758 1298 925 1336 negotiemus
942 1297 1025 1326 vitam
1043 1304 1171 1334 nostram,
1183 1299 1205 1327 si
1220 1297 1428 1327 condemnemus
1443 1300 1572 1339 nosipsos,
1588 1311 1640 1329 non

79 1344 256 1384 peccabimus.
271 1345 401 1373 Fortassis
417 1345 497 1374 etiam
509 1344 625 1384 plurima
639 1345 708 1374 bona
721 1345 892 1384 operabimur
901 1345 928 1373 in
942 1344 1150 1374 mansuetudine·
1159 1355 1190 1374 ac
1208 1345 1338 1374 modestia
1351 1346 1498 1382 constituti,
1510 1353 1535 1375 et
1549 1347 1641 1376 omni—

79 1391 130 1420 bus
142 1391 262 1419 fruemur
273 1402 332 1430 quae
344 1391 473 1431 promissa
488 1398 548 1420 sunt
563 1391 739 1430 diligentibus
753 1392 840 1420 Deum
854 1404 859 1419 :
876 1402 935 1430 quae
949 1391 1085 1430 contingat
1099 1402 1146 1421 nos
1161 1403 1252 1421 omncs
1268 1392 1381 1431 adipisci
1394 1393 1480 1431 gratia
1494 1400 1518 1422 et
1533 1394 1641 1423 miseri-

80 1438 171 1467 cordia
189 1439 298 1467 Domini
314 1439 396 1468 nostri
413 1441 476 1469 Jesu
498 1439 609 1475 Christi,
627 1450 689 1468 cum
711 1450 763 1477 quo
782 1440 866 1476 Patri,
882 1450 935 1468 una
949 1449 1010 1467 cum
1025 1446 1114 1469 sancto
1129 1439 1242 1479 Spiritu,
1258 1439 1352 1478 gloria,
1370 1439 1524 1479 imperium,
1542 1441 1638 1478 honor,

80 1495 150 1514 nunc
164 1492 189 1514 et
202 1496 316 1525 semper,
331 1492 356 1515 et
368 1486 394 1514 in
409 1486 506 1514 saecula
523 1486 690 1515 saeculorum.
702 1488 797 1515 Amen.

357 1658 493 1687 OMlAlA
514 1656 566 1687 26'.
1154 1659 1312 1689 HOMILIA
1329 1659 1420 1689 XXII.

78 1750 173 1780 Πίστει
188 1753 296 1789 νοοῦμεν
310 1750 486 1789 κατηρτίσθαι
503 1750 561 1783 τοὺς
575 1751 670 1782 αἰῶνας
686 1749 786 1789 ῥήματι
801 1751 845 1779 τοῦ
864 1757 881 1780 Β
899 1750 969 1779 Cae.
992 1750 1041 1779 XI.
1064 1761 1089 1779 v.
1115 1751 1142 1780 5.
1162 1752 1237 1780 Fide
1252 1752 1443 1792 intelligimus
1462 1759 1566 1791 aptata
1580 1763 1641 1783 esse

116 1798 201 1832 Θεοῦ,
216 1798 251 1829 εἷς
266 1796 296 1825 τὸ
311 1796 348 1834 μὴ
367 1798 398 1825 ἐκ
412 1796 575 1836 φαινομένων
586 1796 620 1824 τὰ
635 1796 786 1834 βλεπόμενα
803 1807 846 1834 γε·
939 1797 1048 1825 soecula
1065 1799 1152 1825 verbo
1162 1798 1233 1834 Dei,
1244 1805 1274 1826 ut
1286 1809 1321 1826 ex
1333 1799 1529 1827 invisibilibus
1540 1800 1642 1827 ‘visibi-

117 1842 229 1881 γονέναι.
252 1843 347 1872 Πίστει
362 1842 470 1872 πλείονα
486 1842 577 1871 θυσίαν
591 1841 671 1870 Ἀὅελ
684 1842 757 1880 παρὰ
779 1842 846 1870 Κάϊν
939 1843 1107 1882 liafierent.
1124 1843 1154 1871 4.
1168 1844 1244 1872 Fide
1253 1844 1412 1882 plurimam
1424 1846 1549 1873 hostiam
1563 1845 1643 1874 Abel

115 1888 279 1928 προσήνεγκε
305 1890 344 1928 τῷ
367 1889 446 1928 Θεῷ,
474 1889 506 1916 δι’
532 1884 563 1922 ἧς
586 1888 756 1929 ἐμαρτυρήθη
780 1883 846 1916 εἶναι
939 1899 1027 1928 quarn
1045 1889 1121 1917 Cain
1131 1889 1235 1917 obtulit
1250 1890 1325 1927 Deo,
1346 1900 1400 1926 per
1410 1900 1500 1929 quam
1515 1893 1641 1919 testimo-

118 1933 235 1971 δίκαιος,
254 1936 447 1974 μαρτυροῦντος
468 1934 512 1962 ἐπὶ
526 1939 579 1966 τοῖς
603 1934 696 1973 δώροις
709 1935 786 1962 αὐτοῦ
801 1935 846 1962 τοῦ
939 1937 1019 1963 ηἰιιηι
1040 1941 1233 1973 consequutus
1250 1941 1291 1964 est
1311 1945 1372 1964 esse
1379 1937 1493 1974 justus,
1509 1937 1640 1964 testimo-

115 1981 198 2009 Θεοῦ·
214 1980 259 2010 καὶ
274 1981 306 2010 δι’
319 1981 399 2016 αὐτῆς
415 1980 551 2010 ἀποθανὼν
561 1980 600 2009 ἔτι
611 1981 740 2009 λαλεῐται.
939 1982 1019 2008 nium
1029 1981 1196 2019 perhibente
1206 1982 1372 2009 muneribus
1385 1982 1446 2020 ejus
1458 1982 1522 2010 Deo
1532 1992 1540 2008 .·
1553 1987 1580 2010 et
1590 1992 1642 2021 per

937 2028 1021 2057 illam
1036 2028 1194 2068 destructus
1209 2028 1307 2057 adhuc
1322 2029 1459 2067 loquitur.

110 2125 168 2155 ιΤὸ
179 2126 226 2161 τ’ἧς
239 2124 354 2158 πίστεως
366 2124 487 2164 γενναίας
501 2124 547 2153 καὶ
559 2125 680 2159 νεανικῆς
695 2124 778 2152 δεῖται
791 2125 842 2162 ψυ-
938 2123 964 2150 1.
980 2120 1059 2149 Fides
1069 2131 1194 2160 generosa
1206 2127 1231 2149 ct
1244 2120 1358 2160 juvenili
1367 2131 1435 2161 opus
1446 2121 1526 2150 habet
1538 2122 1638 2159 anima,

75 2172 126 2210 χῆς
139 2171 184 2200 καὶ
204 2171 293 2200 πάντα
317 2170 525 2210 ὓπερὲαινούσης
538 2169 572 2199 τὰ
590 2169 717 2205 αἰσθητὰ,
732 2169 777 2198 καὶ
794 2169 841 2204 τὴν
860 2175 877 2199 C
893 2174 919 2197 et
941 2177 999 2207 quae
1015 2167 1104 2196 omnia
1125 2173 1265 2207 exsuperet
1281 2167 1399 2206 sensilia,
1419 2174 1444 2197 et
1458 2167 1638 2197 humanarum

106 2263 117 2275 ε
136 2256 240 2280 Initium
252 2264 299 2289 pro
311 2264 381 2281 more
392 2254 519 2280 omittitur
532 2264 546 2279 a
559 2254 632 2280 Colb.

503 2341 681 2370 MUTIANO
702 2339 959 2369 SCHOLASTICO
981 2339 1234 2369 INTERPRETE.

112 2421 187 2450 Fide
197 2421 388 2461 intelligimus
396 2421 529 2461 perfecta
538 2430 599 2449 esse
610 2419 718 2448 saecula
728 2419 819 2447 verbo
831 2419 899 2452 Dei,
913 2424 944 2447 ut
954 2428 990 2447 ex
1002 2428 1061 2446 non
1073 2418 1279 2457 apparentibus
1293 2417 1425 2446 visibilia
1436 2417 1547 2454 fierent.
1561 2419 1636 2448 Fide

74 2468 242 2507 ampliorem
256 2469 382 2497 hostiam
397 2468 479 2496 Abel
500 2477 589 2506 quam
606 2467 682 2495 Cain
694 2465 800 2494 obtulit
819 2466 894 2499 Deo,
911 2474 963 2504 per
984 2474 1073 2504 quarn
1087 2465 1283 2492 testimonium
1301 2470 1496 2502 consequutus
1517 2471 1559 2493 est
1575 2475 1636 2494 esse

70 2516 165 2553 justus
176 2537 184 2552 ,
199 2517 396 2544 testimonium
406 2515 578 2554 perhibente
594 2514 762 2542 muneribus
772 2513 833 2552 ejus
844 2513 908 2541 Deo
923 2523 931 2539 :
948 2518 975 2540 et
988 2521 1040 2551 per
1054 2511 1139 2539 illam
1154 2511 1310 2550 defunctus
1325 2511 1423 2539 adhuc
1434 2511 1570 2550 loquitur.
1585 2511 1634 2540 Fi-

75 2561 121 2590 des
136 2562 197 2591 forti
211 2562 299 2592 anima
317 2569 343 2592 et
360 2562 433 2592 virili
448 2572 518 2601 opus
533 2561 625 2597 habet,
639 2567 664 2590 et
676 2559 765 2590 omnia
780 2559 997 2600 supergrediente
1008 2557 1155 2594 sensibilia,
1169 2564 1194 2586 et
1204 2557 1387 2587 infirmitatem
1399 2558 1634 2588 ratiocinationum
