1906 2846
267 189 335 223 383

265 271 367 300 poenas,
382 267 406 289 ct
418 270 469 289 non
484 259 654 297 flagellantur
667 265 803 296 tamquam
818 258 879 292 filii,
896 258 941 286 scd
954 269 1003 297 pu-

265 307 376 335 niuntur
400 312 428 333 ut
450 304 588 338 scelerati;
606 314 654 332 vos
675 310 764 332 autem
784 310 922 341 tamquam
944 304 1004 332 filii.

266 352 350 380 Vides
367 350 501 389 quomodo
517 349 636 387 undique
654 349 793 378 ratiocinia
807 357 908 385 movet,
925 360 939 378 a
962 350 1005 378 fa-

264 397 312 425 ctis
327 407 386 434 quae
409 402 470 423 sunt
493 396 518 423 in
534 394 686 434 Scriptura,
706 405 721 422 a
736 395 837 430 verbis,
859 406 874 424 a
890 395 1006 434 propriis

264 442 428 478 notionibus,
448 441 483 469 ab
497 441 628 479 exemplis
642 451 701 478 quae
722 447 784 469 sunt
798 441 825 470 in
840 441 905 470 vita.
922 442 1007 470 Dein-

263 486 298 515 de
313 487 393 515 etiam
414 496 428 514 a
444 487 580 514 communi
596 485 810 514 consuetudine?
827 486 855 515 8.
877 487 962 524 Quod
982 489 1007 515 si

263 540 348 562 extra
366 533 552 571 disciplinam
568 534 646 566 estis,
671 534 753 571 cujus
768 534 924 571 participes
952 533 1006 571 sa-

263 581 304 608 cti
323 586 391 608 sun!
410 589 507 607 omnes
528 590 536 605 .·
552 589 618 617 ergo
639 579 811 613 adulterini,
827 586 855 607 et
877 589 936 607 non
947 580 1008 618 filii

263 628 342 655 estis.

304 675 333 701 Q.
347 671 429 702 Vides
440 671 511 709 quod
522 670 593 699 dixit
603 671 631 699 id
642 670 714 709 quod
724 670 859 709 dicebam,
869 671 943 710 quod
954 682 1006 701 non

263 718 346 757 possit
355 729 410 746 esse
421 717 493 746 filius
503 718 611 755 quinon
622 718 786 756 castigatur?
795 719 863 746 Nam
871 718 1007 757 quomodo

262 765 289 792 in
314 764 422 792 familiis
447 763 612 792 adulterinos
638 763 708 792 filios
732 763 883 803 despiciunt
906 772 1005 804 patres,

261 811 363 839 etiamsi
380 810 448 838 nihil
465 810 586 845 discant,
600 810 704 838 etiamsi
724 821 776 839 non
791 811 856 839 fiant
874 811 1005 850 insignes5

261 856 294 884 de
307 856 433 894 legitimis
448 862 537 884 autem
556 856 620 884 filiis
636 856 731 884 timent
749 866 782 884 ne
799 867 826 885 se
838 856 938 885 dedant
952 857 1006 886 otio

260 908 285 930 et
301 902 428 931 soeordiae
448 914 453 931 ε
470 902 506 930 ita
525 902 605 931 etiam
628 902 654 930 in
677 903 811 941 praesenti.
833 902 863 932 Si
884 910 921 932 est
943 914 1006 943 ergo

260 947 473 977 adulterinorum
483 958 535 976 non
547 947 659 982 erudiri,
676 947 793 986 gaudere
804 955 907 988 oportet
919 950 954 978 ob
963 950 1005 979 di-

261 993 411 1032 sciplinam,
426 993 560 1032 siquidem
579 1005 609 1022 ea
623 993 770 1023 adhibetur
786 994 813 1022 in
833 996 966 1033 germanis
980 1003 1004 1025 et

260 1039 388 1077 legitimis
408 1040 479 1068 filiis.
508 1040 662 1078 Tamquam
685 1040 750 1068 filiis
773 1041 849 1069 vobis
876 1052 903 1069 se
928 1042 1006 1070 offert

260 1086 334 1114 Deus
355 1098 361 1113 :
378 1086 439 1115 ideo
454 1086 543 1125 ipsum
555 1085 632 1114 dicit.
646 1086 676 1114 9.
693 1087 809 1114 Deinde
826 1093 924 1125 patres
937 1090 1005 1126 qui-

260 1132 326 1160 dem
338 1134 435 1160 carnis
448 1138 553 1160 nostrae
568 1132 727 1160 eruditores
741 1133 908 1170 habuimus,
922 1139 948 1161 et
959 1143 1006 1162 re-

263 1179 432 1206 verebamur·
447 1187 494 1206 eos
513 1189 520 1204 :
537 1188 596 1205 non
612 1177 704 1205 multo
719 1180 810 1216 magis
822 1180 1005 1217 obtempera—

262 1225 354 1252 bimus
375 1224 462 1251 Patri
478 1225 648 1261 spirituum,
664 1229 691 1251 et
709 1225 839 1252 vivemus
851 1227 863 1251 Ρ
875 1225 978 1253 Rursus
991 1235 1005 1253 a

261 1269 378 1308 propriis
388 1269 614 1308 perpessionibus,
628 1269 663 1297 ab
677 1269 710 1297 iis
725 1280 783 1307 quae
798 1271 849 1310 ipsi
866 1271 1006 1309 patieban-

262 1322 317 1352 tur,
330 1315 462 1343 hortatur.
472 1315 548 1343 Sicut
562 1315 633 1343 enim
648 1315 704 1343 illic
718 1315 784 1343 dicit
797 1328 802 1342 :
816 1318 1003 1345 Rememora-

262 1364 336 1390 mini
343 1364 481 1400 pristinos
492 1363 552 1391 dies
563 1375 570 1389 :
582 1362 617 1390 ita
626 1362 670 1390 hic
679 1373 801 1400 quoquc:
815 1364 896 1399 Deus,
908 1364 1004 1402 inquit,

262 1408 402 1436 nobiscum
422 1408 476 1445 agit
496 1415 633 1446 tamquam
651 1419 712 1437 cum
733 1409 814 1443 filiis,
835 1420 883 1437 nec
898 1410 1006 1448 potestis

262 1453 360 1489 dicere,
371 1454 430 1482 Non
446 1464 587 1492 possumus
602 1455 684 1491 serre;
701 1461 725 1482 et
740 1461 877 1492 tamquam
890 1465 950 1483 cum
964 1465 1006 1483 ca-

264 1499 301 1527 ris
321 1499 394 1528 filiis.
416 1500 483 1527 Nam
504 1501 526 1527 si
546 1506 633 1538 patres
648 1500 765 1528 carnales
781 1500 820 1528 illi
839 1507 1005 1537 reverentur,

264 1545 399 1582 quomodo
424 1546 530 1574 Patrem
558 1546 686 1574 caelestem
713 1556 766 1574 non
794 1547 982 1575 reverebimini
994 1548 1007 1575 Ρ

265 1592 436 1629 Quamquam
448 1601 499 1619 non
510 1602 544 1620 ex
559 1602 589 1619 eo
602 1592 657 1619 solo
668 1591 819 1620 differentia
835 1599 949 1630 constat,
962 1600 1008 1621 aut

265 1636 345 1665 etiam
359 1647 392 1665 ex
408 1638 538 1676 personis,
559 1636 604 1665 sed
624 1644 647 1665 et
669 1637 704 1665 ab
726 1638 783 1676 ipsa
798 1648 876 1667 causa
891 1645 916 1667 et
930 1649 963 1667 ex
980 1650 1008 1667 re

602 197 630 222 S.
658 198 798 221 JOANNJS
823 198 1004 221 CHRYSOST.
1034 197 1190 221 AnctttEP.
1219 199 1488 221 CONSTANTINOP-

1058 258 1140 291 θείας
1158 260 1190 287 Εἰ
1206 259 1231 287 δὲ
1247 259 1329 297 χωρίς
1344 260 1402 287 ἔστε
1417 258 1553 294 παιδείας,
1567 255 1597 293 ἧς
1622 259 1728 298 μέτοχοι
1747 260 1825 298 γεγό-

1058 316 1117 334 νασι
1131 304 1240 341 πάντες,
1252 305 1303 344 ἄρα
1317 305 1385 334 νόθοι
1400 305 1472 341 ἐστὲ,
1483 304 1528 333 καὶ
1542 306 1590 343 οὐχ
1603 306 1662 334 υἱοί.

1100 674 1211 714 Ὁρᾷς”
1195 687 1245 709 οτι,
1260 675 1324 714 ὅπερ
1336 675 1414 713 ἔφθην
1429 674 1521 710 εἷπων,
1535 676 1582 704 οὐκ
1596 675 1634 703 ἔνι
1653 674 1689 713 μὴ
1703 674 1827 704 παιδευό-

1023 726 1041 748 C
1061 731 1138 756 μενον
1160 723 1225 748 εἶναι
1247 720 1316 755 υἱόν;
1336 719 1442 757 ςὨσπερ
1462 720 1513 758 γὰρ
1534 722 1560 749 ἐν
1582 725 1639 754 ταῖς
1662 720 1756 753 οἰκίαις
1774 721 1826 748 τῶν

1058 765 1138 794 νόθων
1160 777 1367 805 καταφρονουσιν
1388 768 1411 794 οἱ
1427 766 1553 804 πατέρες,
1565 767 1614 795 κᾶν
1629 766 1711 804 μηδὲν
1726 766 1827 804 μανθά-

1057 824 1130 847 νωσι,
1143 812 1191 840 κᾶν
1203 812 1240 850 μὴ
1255 812 1349 845 ἔνδοξοι
1365 813 1496 849 γίνωνται·
1508 815 1558 842 τῶν
1572 813 1599 842 δὲ
1613 813 1725 852 γνησίων
1739 812 1825 841 ἕνεκεν

1059 860 1121 887 υἱῶν
1140 858 1271 886 δεδοίκασι
1291 858 1393 895 μήποτε
1415 859 1600 898 ῥᾳθιμήσωσι·
1619 862 1696 887 τοῦτο
1717 858 1762 886 καὶ
1782 857 1827 886 ἐπὶ

1058 909 1103 934 τοῦ
1124 904 1260 943 παρόντος.
1281 905 1314 932 Εἰ
1336 904 1419 932 τοίνυν
1442 905 1472 932 τὸ
1493 904 1529 941 μὴ
1554 904 1724 932 παιδεύεσθαι
1744 903 1825 932 νόθων

1059 951 1128 986 ἐστὶ,
1143 951 1181 978 δεῖ
1203 950 1305 989 χαίρειν
1329 950 1372 978 ἐπὶ
1387 952 1419 987 τῆ
1435 949 1556 989 παιδείᾳ,
1573 950 1597 978 εἷ
1610 962 1640 988 γε
1654 948 1827 988 γνησιότητος

1058 999 1134 1025 τοῦτο
1152 996 1230 1025 ἔστιν.
1243 995 1289 1028 Ὡς
1306 997 1370 1028 υἱοῖς
1385 997 1446 1033 ὑμῖν
1467 995 1642 1035 προσφέρεται
1656 997 1670 1023 ὁ
1690 994 1770 1027 Θεός·
1784 993 1827 1022 διὰ

1058 1045 1133 1071 τοῦτο
1148 1042 1211 1070 αὐτό
1233 1053 1322 1081 φησιν.
1338 1037 1404 1070 Εἶτα
1422 1041 1481 1073 τοὺς
1503 1040 1549 1078 μὲν
1569 1043 1616 1075 τῆς
1636 1040 1731 1079 σαρκὸς
1750 1041 1827 1077 ἡμῶν

1058 1089 1173 1127 πατέρας
1183 1089 1288 1126 εἴχομεν
1303 1087 1454 1122 παιδευτὰς,
1461 1087 1506 1114 καὶ
1517 1086 1716 1125 ἐνετρεπόμεθα·
1728 1087 1756 1114 οὗ
1767 1086 1827 1113 πολ<

1058 1135 1096 1162 λδ
1118 1136 1218 1172 μᾶλλον
1240 1133 1460 1171 υποταγησόμεῡα
1474 1134 1511 1160 τῶ
1526 1131 1614 1170 Πατρὶ
1634 1132 1685 1159 τῶν
1707 1130 1827 1168 πνευμά-

1058 1192 1120 1216 των,
1135 1192 1180 1208 και
1202 1179 1330 1217 ζησομεν·
1324 1202 1331 1214 ,
1346 1178 1454 1206 Ποίὶυνιι
1446 1178 1498 1206 ἀπο
1511 1179 1563 1205 τι’3ν
1579 1177 1682 1205 οἰκείων
1696 1176 1825 1213 παθημά-

1061 1238 1120 1260 των,
1133 1225 1176 1264 ἀφ
1192 1228 1228 1254 ὧν
1246 1237 1318 1253 αυτοι
1333 1224 1421 1262 ἕποιο-Ι
1422 1236 1459 1257 ον,
1470 1226 1486 1258 ἡ
1498 1223 1645 1280 προτροπή.
1655 1221 1764 1260 Ἵὶσπερ
1776 1220 1826 1259 γὰρ

1059 1275 1102 1301 {ze
1103 1276 1112 1299 ἷ
1134 1272 1163 1300 >έ
1165 1284 1214 1309 (st,
1237 1270 1431 1308 Ἀναμιμνήσκε
1421 1273 1479 1297 ςσο;
1502 1268 1548 1300 τὰς
1566 1267 1692 1306 πρότερον
1712 1267 1827 1304 ἡμέρας·

1060 1318 1126 1346 οὕτω
1141 1318 1186 1346 καὶ
1200 1319 1325 1350 ἐνταῦθα,
1337 1318 1351 1343 ὁ
1365 1314 1441 1349 Θεὸς,
1454 1314 1583 1352 φησὶν,ιῖ)ς
1592 1315 1655 1345 υἱοῖς
1668 1314 1729 1349 ὑμῖν
1743 1323 1827 1350 προσ-

1061 1365 1180 1403 φέρεται,
1200 1363 1244 1391 καὶ
1267 1363 1313 1390 οὐκ
1329 1361 1358 1389 ἂν
1379 1360 1464 1399 ἔχοιτε
1484 1362 1575 1395 εἰπεῖν,
1590 1359 1631 1388 ὅτι
1646 1360 1675 1387 οὗ
1695 1358 1827 1396 δυναίμεθα

1061 1410 1156 1448 φέρειν,
1172 1408 1234 1436 ’Ἰκαὶ
1253 1410 1288 1440 ὡς
1309 1408 1374 1438 υἱοῖς
1395 1409 1531 1438 ποθεινοὶς,
1545 1406 1579 1434 Εἰ
1592 1404 1619 1434 δὲ
1633 1404 1692 1437 τοὺς
1712 1405 1827 1444 πατέρας

1062 1458 1103 1484 αιο
1093 1457 1192 1484 οὔνται
1204 1466 1262 1486 τους
1279 1464 1418 1492 σαρκικους
1431 1454 1533 1486 ἐκεῖνοι,
1543 1453 1599 1484 π(’3ς
1613 1453 1687 1488 ὑμεῖς
1706 1450 1750 1479 τὸν
1770 1451 1827 1478 Πα-

1061 1513 1089 1529 τε
1079 1502 1125 1541 ’ραι
1149 1501 1193 1528 τὸν
1217 1499 1368 1538 ἐπουράνιον
1390 1500 1436 1527 οὔκ
1457 1497 1657 1532 αἷδεσθησεσθε;
1668 1496 1761 1525 Καίτοι
1781 1497 1828 1524 οὐκ

1063 1546 1113 1575 ἀπὸ
1125 1558 1215 1574 τουτου
1229 1545 1306 1582 μόνον
1318 1547 1334 1579 ἡ
1348 1544 1459 1582 διαφορὰ
1472 1546 1516 1572 καὶ
1529 1544 1580 1572 ἀπὸ
1594 1542 1752 1581 προσώπων,
1761 1540 1828 1569 ἀλλὰ

1062 1604 1106 1621 και
1127 1593 1172 1620 ἀπ’
1190 1592 1269 1625 αὖτης
1286 1602 1333 1625 της
1356 1590 1441 1622 αἰτίας
1461 1589 1506 1617 καὶ
1527 1588 1579 1618 ἀπὸ
1599 1592 1643 1617 τοῦ
1664 1587 1828 1626 πράγματος·

1062 1640 1090 1667 οὐ
1111 1639 1162 1677 γὰρ
1187 1638 1230 1667 ἐπι
1254 1642 1307 1669 τοῖς
1328 1638 1415 1669 αὐτοῖς
1435 1638 1508 1668 οὗτος
1532 1636 1648 1664 κάκεῖνοι
1669 1635 1746 1663 rtat8=
1737 1633 1827 1662 -ύουσι,

299 1735 308 1744 ³
327 1728 380 1758 [xit
393 1731 419 1755 ὡς
440 1734 489 1755 mn
502 1731 605 1756 ποθῑιυοῑς
616 1735 666 1751 non
675 1729 794 1759 expressit
805 1728 938 1760 Marianus,
952 1734 976 1753 et
987 1728 1085 1753 videtur
1094 1728 1202 1753 alienum
1214 1736 1266 1752 esse
1278 1725 1500 1760 additamentum]

691 1833 864 1862 MUTIANO
885 1833 1138 1862 SCHOLASTICO
1160 1832 1410 1863 INTERPRETE.

264 1934 293 1956 ut
311 1926 361 1956 filii
378 1926 558 1964 flagellantur,
572 1924 617 1954 sed
634 1925 703 1954 sicut
719 1925 827 1964 pessimi
842 1925 1010 1965 puniuntur3
1026 1936 1074 1954 nos
1090 1933 1179 1954 autem
1196 1925 1264 1954 sicut
1280 1925 1342 1954 filii.
1359 1924 1463 1953 Deinde
1476 1935 1508 1953 ex
1526 1924 1662 1953 communi
1680 1931 1705 1953 et
1719 1924 1826 1964 publica

263 1972 457 2003 consuetudine
470 1983 547 2011 agere
561 1983 621 2001 cum
634 1973 671 2001 eis
688 1972 815 2001 instituit.
831 1972 948 2001 Intueris
960 1972 1096 2011 quomodo
1111 1972 1233 2011 undique
1244 1979 1402 2010 argumenta
1415 1971 1536 2007 deducit,
1549 1982 1584 2000 ex
1597 1972 1686 2009 rebus,
1701 1982 1735 2000 ex
1749 1972 1827 2001 Scri-

264 2021 362 2060 muris,
377 2031 411 2048 ex
425 2019 515 2048 verbis
529 2018 656 2056 diversis,
672 2029 707 2047 ex
722 2019 972 2047 ratiocinationibus
987 2019 1114 2058 propriis,
1128 2030 1162 2048 ex
1176 2018 1403 2048 similitudinibus
1416 2026 1441 2047 et
1454 2018 1594 2058 exemplis,
1608 2025 1633 2047 et
1646 2018 1827 2048 conversatio—

264 2079 297 2096 ne
308 2068 370 2097 vitae
384 2066 534 2096 communis
545 2067 558 2094 Ξ)
575 2066 661 2104 Quod
672 2068 696 2095 si
713 2072 799 2095 extra
812 2066 999 2105 disciplinam
1012 2069 1090 2103 estis,
1107 2066 1205 2105 inquit.

305 2112 427 2141 Attendis
445 2111 589 2150 quoniam,
613 2111 683 2139 sicut
694 2112 751 2150 jam
771 2111 829 2139 dixi
840 2133 848 2146 ‚
868 2111 920 2140 hoc
937 2112 1096 2147 confirmat,
1114 2112 1242 2150 quoniam
1257 2122 1308 2140 non
1323 2118 1408 2151 potest
1422 2112 1496 2140 filius
1513 2121 1568 2140 esse
1581 2111 1626 2149 qui
1641 2121 1693 2139 non
1710 2111 1829 2149 castiga-

264 2167 317 2188 tur.
333 2159 409 2188 Sicut
421 2158 493 2187 enim
507 2158 534 2186 in
544 2158 672 2187 domibus
686 2158 915 2198 patrumfamilias
928 2158 1023 2187 nothos
1036 2158 1107 2187 filios
1121 2158 1260 2197 negligunt
1270 2165 1368 2197 patres,
1378 2169 1408 2188 ac
1418 2159 1440 2187 si
1453 2158 1520 2187 nihil
1534 2158 1688 2194 doceantur,
1703 2158 1763 2187 acsi
1775 2169 1828 2187 non

266 2207 331 2236 fiant
351 2206 476 2246 gloriosi,
489 2216 537 2245 pro
552 2206 616 2234 filiis
631 2213 719 2235 autem
733 2207 850 2246 propriis
864 2206 944 2237 valde
957 2213 1082 2236 verentur
1095 2217 1127 2235 ne
1141 2217 1185 2235 eos
1200 2206 1301 2235 malum
1315 2206 1451 2246 opprimat
1466 2206 1714 2244 negligentiae**.Si
1733 2206 1827 2245 igitur,

266 2263 296 2284 ut
315 2265 366 2283 non
384 2253 496 2292 quisque
515 2253 667 2291 castigetur,
687 2254 831 2282 nothorum
848 2261 886 2283 est
900 2254 1028 2291 filiorum,
1042 2260 1145 2293 oportet
1162 2264 1209 2283 nos
1224 2253 1339 2293 gaudere
1352 2264 1414 2282 cum
1430 2253 1593 2292 castigamur
1608 2265 1614 2281 :
1630 2253 1764 2292 siquidem
1779 2254 1831 2283 hoc

266 2303 330 2332 filiis
341 2301 457 2342 propriis
470 2300 617 2329 adhibetur
629 2312 634 2328 ε
647 2301 760 2340 proinde
774 2309 913 2341 propterea
929 2302 1069 2330 nobiscum
1087 2301 1157 2330 sicut
1167 2312 1228 2330 cum
1243 2301 1309 2330 filiis
1321 2301 1377 2340 agit
1388 2302 1469 2330 Deus.
1484 2301 1611 2338 Deinde,
1624 2301 1724 2339 inquit,
1731 2307 1830 2340 patres

266 2351 383 2389 quidem
392 2350 489 2378 carnis
505 2355 610 2377 nostrae
621 2349 776 2377 habuimus
787 2351 958 2387 eruditores,
970 2356 998 2378 et
1014 2351 1217 2378 reverebamur
1226 2359 1285 2378 eos.
1300 2349 1401 2378 Iterum
1409 2359 1442 2377 ex
1453 2347 1570 2388 propriis
1581 2347 1751 2387 passionibus
1760 2349 1827 2388 agit,

266 2408 326 2435 quae
339 2397 517 2436 patiebantur.
535 2395 612 2424 Sicut
630 2395 701 2424 enim
720 2406 801 2435 supra
816 2397 893 2433 dicit,
908 2399 1155 2426 Rememoramini
1165 2399 1303 2436 pristinos
1315 2397 1376 2425 dies
1394 2408 1402 2423 .·
1415 2396 1453 2424 sic
1471 2395 1552 2424 ctiam
1563 2395 1619 2431 hic,
1629 2396 1714 2433 Deus,
1726 2395 1826 2434 inquit,

269 2444 337 2473 sicut
356 2454 419 2472 cum
433 2442 497 2471 filiis
514 2442 570 2481 agit
580 2454 589 2480 3
614 2449 640 2471 et
661 2452 714 2471 non
732 2443 842 2481 potestis
855 2443 943 2472 dicere
956 2443 1019 2482 quia
1037 2453 1089 2472 non
1106 2453 1249 2483 possumus
1262 2443 1325 2471 talia
1343 2442 1463 2471 tolerare.
1480 2442 1510 2472 Si
1523 2441 1594 2470 enim
1607 2448 1695 2481 patres
1709 2442 1828 2471 carnales

270 2490 319 2518 filii
329 2496 491 2527 reverentur,
508 2488 642 2527 quomodo
658 2499 711 2518 non
724 2489 831 2517 Patrem
845 2490 974 2518 caelestem
990 2490 1107 2529 amplius
1122 2489 1303 2519 reveremini?
1317 2490 1375 2519 Non
1391 2489 1462 2518 enim
1476 2488 1635 2518 discretione
1650 2499 1766 2527 personae
1780 2490 1826 2518 in—

270 2543 362 2565 tereos
377 2543 480 2565 tantum
494 2543 533 2565 est
548 2536 698 2565 differentia
706 2558 716 2572 ,
736 2536 807 2574 quod
823 2536 863 2564 illi
879 2537 986 2573 terreni,
1000 2537 1046 2565 ille
1059 2537 1185 2576 caelestis3
1199 2536 1245 2566 sed
1259 2537 1340 2565 etiam
1354 2547 1387 2565 ex
1401 2537 1460 2576 ipsa
1471 2546 1548 2564 causa
1558 2542 1583 2564 et
1593 2546 1627 2564 ex
1640 2535 1700 2575 ipsa
1709 2546 1737 2564 re
1750 2548 1756 2565 :
1772 2547 1824 2566 non

270 2583 340 2612 enim
358 2584 392 2613 dc
406 2584 498 2613 eadem
515 2595 606 2621 causa,
624 2585 664 2613 vel
678 2584 711 2613 ad
726 2595 767 2614 res
778 2584 848 2624 ipsas
862 2583 1002 2620 erudiunt5
1016 2584 1060 2613 sed
1076 2585 1116 2614 illi
1127 2585 1237 2623 quidem
1254 2584 1287 2614 ad
1303 2584 1374 2623 quod
1388 2584 1424 2613 eis
1438 2583 1555 2621 videtur,
1570 2584 1619 2612 hoc
1632 2591 1681 2619 cst,
1696 2584 1823 2613 volunta-
