1906 2846
87 983 210 1006 Novariam.

250 173 318 208 266
583 182 610 203 5.
640 180 779 203 Joxxxis
807 179 986 200 (tnursosr.

247 252 345 278 sancta,
358 254 437 282 quain
451 241 566 270 initiavit
580 240 656 268 nobis
670 240 739 267 viani
756 246 886 266 recentem
900 242 923 274 )‚
936 239 986 266 hoe

247 291 334 329 ipsum
346 298 436 317 rursus
445 287 505 314 facit
516 285 596 313 ctiam
607 295 621 312 a
635 283 806 319 tristioribus,
819 282 854 310 ita
867 283 985 320 loquens.

247 336 316 363 Nam
336 344 396 362 eum
417 331 527 359 dixisset
544 342 549 357 ε
566 331 632 358 ‚Yon
652 329 815 357 deserentes
835 328 986 356 collectio—

248 391 311 409 nem
327 386 463 413 nostram,
479 379 551 405 sicut
572 376 789 404 consuetudinis
809 381 850 402 est
869 376 988 413 quibus-

246 427 325 458 dam,
341 425 391 453 sed
405 423 599 455 consolantes,
618 428 644 449 et
662 427 744 449 tanto
760 421 860 459 magis,
876 426 987 459 quanto

245 472 379 499 ‘videritis
394 469 671 508 appropinquantem
688 467 763 494 diem
776 469 784 502 ζ
798 472 823 494 et
839 465 896 493 liceo
909 465 988 504 quip-

245 527 278 555 pe
294 523 333 544 est
353 515 488 543 sussiciens
508 513 542 541 ad
564 511 770 541 consolationem
783 515 790 545 )
801 534 808 546 ,
823 510 964 550 subjunxit
979 522 984 538 :

247 560 417 588 I'olnnearie
432 560 508 586 enim
530 557 718 595 peccantibus
741 556 823 583 nobis
849 561 913 593 post
938 565 986 583 ac-

243 613 356 644 ceptam
385 607 519 632 notitiam
541 603 684 630 veritatis.
701 602 778 640 Opus
803 608 857 635 est,
885 600 985 639 inquit,

243 653 322 681 bonis
343 652 477 691 operibuS,
498 657 523 678 et
546 648 625 678 valde
645 659 712 688 opus
737 655 786 677 est.
814 648 986 676 I'olmztarie

244 701 319 727 enim
333 698 519 736 peccantibus
547 696 629 724 nobis
652 700 717 733 post
738 700 888 732 acceptam
910 696 985 722 noti-

243 747 315 772 tiam
337 744 486 774 veritatis,
505 743 569 780 jam
586 750 644 768 non
666 740 844 778 relinquitur
855 749 908 778 pro
921 749 985 777 pec-

241 791 316 817 catis
332 790 437 817 hostia.
452 786 483 814 ld
505 793 552 821 est,
568 785 713 814 mundatus
729 795 772 821 es,
789 784 917 812 liberatus
932 795 958 812 es
970 795 984 812 a

241 833 409 869 criminibus,
424 833 510 860 factus
525 842 550 859 es
566 831 648 859 filius.
669 831 698 860 Si
718 840 780 868 crgo
794 829 938 858 revertaris
950 829 985 858 ad

240 879 355 917 priorem
366 878 507 911 vomitum,
516 887 609 906 rursus
620 882 708 904 manet
720 875 855 904 abdicatio
867 883 892 904 et
904 875 984 914 ignis,

242 932 266 952 et
280 934 456 963 quaecumque
471 929 532 952 sunt
544 921 702 962 hujusmodi
717 933 723 949 z
738 932 790 950 non
805 928 843 950 est
858 921 929 950 enim
942 932 983 950 se-

241 970 328 999 cunda
343 971 440 999 hostia.
458 969 509 997 Hic
524 979 617 997 rursus
631 979 678 997 nos
691 967 852 996 adoriuntur
867 968 913 1006 qui
932 968 982 997 tol-

239 1015 297 1044 lunt
317 1014 517 1055 pcenitentiam,
536 1021 561 1042 et
581 1013 744 1052 quicumque
764 1019 922 1041 cunctantur
938 1023 984 1041 ve-

239 1062 296 1090 nire
307 1061 341 1090 ad
356 1060 489 1100 baptisma
505 1071 511 1086 :
529 1059 556 1087 hi
571 1058 681 1097 quidem
697 1058 791 1086 dicunt
806 1068 857 1086 non
871 1068 925 1086 esse
945 1058 982 1086 eis

239 1114 328 1136 tutum
345 1107 437 1136 venire
454 1105 487 1133 ad
505 1104 639 1143 baptisma
650 1127 657 1140 ‚
676 1103 807 1142 siquidem
820 1114 872 1131 non
887 1110 925 1131 est
942 1114 981 1132 se-

239 1153 325 1181 cunda
341 1151 462 1181 remissio
476 1162 482 1177 :
498 1150 538 1178 illi
560 1160 623 1178 vero
646 1149 738 1177 dicunt
757 1159 809 1177 non
823 1159 878 1177 esse
892 1156 980 1177 tutum

239 1199 272 1227 iis
293 1198 339 1237 qui
360 1202 502 1237 peccarunt
516 1195 647 1234 impertiri
662 1195 805 1234 mysteria,
831 1195 852 1223 si
874 1206 924 1223 non
943 1203 982 1224 est

239 1244 355 1273 secunda
379 1241 505 1271 remissio.
522 1240 597 1276 Quid
620 1251 682 1279 ergo
702 1240 822 1269 dicemus
838 1240 980 1279 utrisque?

241 1288 323 1325 Quod
345 1288 388 1316 hic
410 1297 462 1315 non
479 1286 525 1314 tali
541 1286 593 1314 fine
607 1285 658 1314 hoc
678 1285 789 1320 dixerit,
807 1296 892 1322 neque
913 1285 983 1313 tollit

239 1332 439 1373 poenitentiam,
460 1342 508 1360 nec
526 1341 584 1359 eam
607 1341 665 1368 quae
688 1341 734 1369 per
757 1330 937 1369 poenitentiam
953 1331 983 1358 fit

239 1379 425 1418 placationem,
437 1387 520 1415 neque
532 1376 640 1415 expellit
655 1383 679 1404 et
694 1375 785 1414 dejicit
796 1386 844 1414 per
855 1374 979 1413 despera-

239 1425 339 1453 tionem
354 1434 413 1451 eum
429 1423 476 1460 qui
499 1429 538 1451 est
560 1422 650 1460 lapsus
667 1432 672 1448 ε
687 1431 739 1449 non
761 1427 798 1449 est
817 1431 900 1458 usque
917 1420 983 1448 adeo

241 1468 365 1497 inimicus
395 1474 490 1496 nostrae
513 1466 623 1501 salutis;
647 1465 695 1494 sed
724 1464 872 1493 secundum
897 1466 982 1494 aufert

241 1515 386 1543 lavacrum.
402 1514 460 1542 Non
474 1512 543 1540 enim
559 1511 631 1540 dixit
648 1523 654 1538 :
672 1512 730 1539 Non
746 1518 784 1540 est
798 1511 914 1550 amplius
929 1523 983 1551 pce-

241 1559 366 1595 nitentia,
389 1566 451 1594 aut,
477 1558 536 1586 Non
558 1563 596 1585 est
621 1556 737 1595 amplius
761 1556 897 1593 remissi03
919 1557 980 1597 sed,

242 1606 299 1634 Non
314 1603 478 1642 estamplius
492 1603 578 1631 hostia
591 1614 599 1639 3
618 1602 667 1630 hoc
681 1609 735 1637 est,
751 1613 802 1631 non
815 1603 982 1642 estamplius

1017 178 1158 199 Ancilllzl‘
1166 192 1172 199 .
1202 178 1263 200 CON
1270 178 1455 201 STANTINOI‘
1462 194 1469 200 .

1041 238 1086 265 καὶ
1101 238 1153 266 ἀπὸ
1177 239 1226 266 τῶν
1255 239 1476 278 σκυθρωποτέρων
1496 240 1574 268 πάλιν
1596 240 1625 269 τὸ
1648 241 1710 268 αὐτὸ
1732 241 1807 268 τοῦτο

1041 288 1126 319 ποιεῖ,
1142 282 1208 311 οὕτω
1231 283 1325 322 λέγων.
1347 284 1439 312 Εἰπὼν
1455 284 1506 323 γὰρ
1516 307 1524 321 ,
1539 285 1585 320 Μὴ
1605 285 1807 323 ἐγκαταλείπον-

1006 333 1022 355 B
1042 340 1083 361 τες
1109 328 1156 364 τὴν
1179 329 1378 368 ἐπισυναγωγὴν
1403 332 1512 363 ἑαυτῶν,
1536 330 1623 363 καθὼς
1651 331 1705 362 ἔθος
1729 331 1807 364 τισὶν,

1043 373 1111 402 ἀλλὰ
1122 375 1334 414 παρακαλοῦντες
1344 396 1351 408 ,
1364 375 1409 403 καὶ
1424 375 1538 414 τοσούτῳ
1554 376 1662 412 μᾶλλον,
1675 375 1728 414 ὅσῳ
1744 375 1808 413 βλέ-

1042 431 1105 448 πετε
1116 420 1267 458 ἐγγίζουσαν
1279 419 1326 454 τὴν
1344 420 1445 459 ἡμέραν
1462 420 1527 455 (καὶ
1542 420 1608 455 αὕτη
1632 420 1684 459 γὰρ
1703 422 1738 453 εἷς
1758 433 1808 449 πα-

1044 465 1168 505 ράκλησιν
1187 465 1262 500 ἱκανή
1277 466 1305 503 ],
1317 466 1448 504 ἐπήγαγεν
1460 478 1466 484 ·
1483 466 1628 499 Ἑκουσίως
1648 466 1699 505 γὰρ
1718 467 1807 504 ἁμαρ-

1042 511 1171 539 τανόντων
1196 513 1271 549 ἡμῶν
1287 511 1353 549 μετὰ
1368 512 1397 540 τὸ
1418 511 1507 540 λαθεῖν
1529 512 1577 547 τὴν
1598 511 1738 550 ἐπίγνωσιν
1761 513 1808 546 τ’ῆς

1042 556 1172 591 ἀληθείας.
1187 558 1249 592 Δεῖ,
1262 556 1350 595 φησὶν,
1362 556 1442 596 ἔργων
1457 558 1573 595 ἀγαθῶν,
1584 557 1628 585 καὶ
1639 558 1739 596 σφόδρα
1750 558 1787 585 δεῖ
1798 568 1803 573 ·

1040 601 1183 634 Ἑκουσίως
1206 602 1257 642 γὰρ
1271 604 1347 640 ἡμῶν
1364 602 1569 640 ἁμαρτανόντων
1584 602 1651 640 μετὰ
1666 602 1694 630 τὸ
1714 602 1806 630 >atiena

1039 647 1085 682 τὴν
1102 648 1241 686 ἐπίγνωσιν
1263 651 1309 683 τῆς
1324 648 1465 682 ἀληθείας,
1482 647 1568 676 οὐκέτι
1594 647 1653 687 περὶ
1668 648 1805 687 ἁμαρτιῶν

1039 692 1210 722 ἀπολείπεται
1225 693 1310 723 ovata.
1326 692 1364 722 ιὈ
1382 692 1408 721 δὲ
1421 693 1505 731 λέγει,
1515 693 1630 721 τοιοῦτόν
1642 694 1712 722 ἐστιν
1722 705 1728 710 ·
1746 694 1806 722 ἐκα-

1039 738 1153 777 Οάρθης,
1170 739 1325 778 ἀπηλλάγης
1350 739 1533 778 ἐγκλημάτων,
1557 738 1664 777 γέγονας
1684 739 1746 772 υἱός.
1758 738 1804 767 Ἂν

1002 791 1020 813 C
1038 783 1122 812 τοίνυν
1137 785 1180 814 ἐπὶ
1194 786 1238 814 τὸν
1258 785 1383 825 πρότερον
1410 784 1501 822 ἔμετον
1520 783 1698 823 ἐπιστρέψῃς,
1722 785 1803 813 πάλιν

1038 829 1196 869 ἀποκήρυξις
1211 830 1282 868 μένει
1299 831 1407 869 καὶπῦρ
1417 851 1424 864 ,
1439 830 1484 858 καὶ
1507 830 1555 858 ὅσα
1575 833 1695 858 τοιαῦτα’
1711 831 1739 858 οὗ
1754 830 1805 869 γάρ

1038 878 1094 905 ἐστι
1108 876 1183 905 θυσία
1198 876 1315 914 δευτέρα.
1338 876 1424 904 Πάλιν
1445 877 1557 904 ἐνταῦθα
1571 877 1634 912 ἡμῖν
1652 875 1805 914 ἐπιφύονται

1038 924 1061 950 οἱ
1075 921 1122 956 τὴν
1136 921 1273 959 μετάνοιαν
1287 923 1466 960 ἀναιροῦντες,
1478 921 1523 949 καὶ
1543 920 1601 950 ὅσοι
1617 921 1682 959 πρὸς
1702 921 1732 949 τὸ
1754 921 1804 959 βοί-

1038 978 1140 1004 πτισμα
1165 969 1282 995 ὀκνοῦσιν
1304 967 1404 995 ἐλθεῖν·
1421 967 1515 994 ἐκεῖνοι
1537 965 1583 1003 μὲν
1609 965 1741 1004 λέγοντες,
1764 965 1804 994 ὅτι

1036 1013 1081 1040 οὐκ
1097 1012 1210 1051 ἀσφαλὲς
1229 1014 1313 1044 αὑτοῖς
1332 1014 1370 1050 τῷ
1387 1011 1552 1050 βαπτίσματι
1566 1013 1728 1051 προσελθεῖν,
1741 1011 1804 1049 εἴγε

1036 1058 1083 1085 οὐκ
1099 1058 1168 1085 ἔστιν
1190 1058 1280 1096 ἄφεσις
1301 1057 1406 1095 δευτέρα
1419 1068 1424 1073 ·
1440 1052 1510 1084 οὗτοι
1533 1056 1561 1084 δὲ
1583 1056 1742 1095 φάσκοντες,
1756 1058 1804 1086 οὐκ

1036 1102 1149 1142 ἀσφαλὲς
1164 1099 1229 1132 εἶναι
1257 1103 1413 1140 μεταδοῦναι
1431 1101 1581 1140 μυστηρίων
1604 1106 1658 1134 τοῖς
1678 1103 1803 1142 ἡμαρτη-

1035 1149 1117 1185 κόσιν,
1132 1149 1156 1177 εἴ
1171 1161 1199 1187 γε
1221 1149 1257 1186 μὴ
1273 1148 1342 1177 ἔστιν
1364 1148 1455 1187 ἄφεσις
1482 1148 1599 1187 δευτέρα.
1614 1147 1650 1176 Τί
1671 1143 1714 1176 οὖν
1738 1148 1803 1186 πρὸς

1035 1195 1197 1233 ἀμφοτέρους
1207 1197 1315 1232 ἐροῦμεν
1325 1205 1331 1228 ;
1340 1193 1405 1222 “On
1415 1197 1426 1208 ²¹
1434 1194 1462 1221 οὐ
1474 1195 1564 1230 σκοπῷ
1574 1192 1684 1232 τοιούτῳ
1692 1194 1802 1221 ἐνταῦθα

1036 1240 1111 1269 τοῦτο’
1132 1252 1194 1278 φησι
1205 1261 1211 1273 ,
1226 1239 1283 1268 οῧῗὲ
1296 1239 1343 1274 τὴν
1368 1239 1506 1276 μετάνοιαν
1527 1239 1626 1276 ἀναιρεῖ
1639 1261 1646 1273 ,
1666 1238 1683 1272 ἢ
1696 1238 1739 1266 τὸν
1760 1238 1804 1266 διὰ

1000 1294 1018 1316 D
1037 1286 1173 1324 μετανοίας
1187 1285 1334 1322 ἐξιλασμον,
1355 1284 1413 1312 οὐδὲ
1430 1285 1493 1311 ὠθεῖ
1514 1283 1560 1311 καὶ
1581 1283 1745 1312 >aurneinan
1760 1283 1803 1312 διὰ

1036 1334 1082 1365 τῆς
1099 1329 1271 1367 ἀπογνώσεως
1286 1329 1329 1356 τὸν
1351 1328 1495 1357 ἐπταικότα
1508 1340 1514 1346 ·
1537 1330 1586 1367 οὐχ
1609 1327 1690 1361 οὕτως
1712 1329 1803 1368 ἐχθρός

1037 1379 1092 1405 ἐστι
1106 1377 1153 1410 τῆς
1165 1374 1294 1413 σωτηρίας
1309 1376 1355 1409 τῆς
1366 1374 1497 1413 ἡμετέρας
1508 1385 1515 1391 ·
1530 1374 1598 1402 ἀλλὰ
1612 1373 1654 1410 τίς
1668 1374 1698 1402 τὸ
1715 1374 1802 1404 δεύτε-

1038 1434 1079 1462 ρον
1093 1424 1194 1461 ἀναιρεῖ
1205 1420 1322 1459 λουτρόν.
1336 1421 1375 1448 Οὐ
1390 1419 1441 1460 γὰρ
1459 1415 1540 1454 εἶπεν,
1552 1419 1639 1449 οὐκέτι
1653 1420 1708 1449 ἐστὶ
1719 1421 1803 1458 μετά-

1036 1478 1108 1500 νοια,
1121 1466 1177 1494 οὐδὲ
1187 1488 1194 1501 ,
1213 1465 1299 1494 οὐκέτι
1312 1465 1382 1494 ἐστὶν
1405 1465 1507 1504 ἄφεσις,
1524 1465 1590 1493 ἀλλὰ
1600 1486 1608 1499 ,
1623 1465 1699 1493 θυσία
1717 1465 1802 1494 οὐκέτι

1036 1511 1090 1540 ἐστὶ
1102 1534 1108 1547 ‚
1124 1511 1255 1545 τουτέστι,
1267 1511 1378 1551 σταυρὸς
1393 1510 1508 1550 δεύτερος
1523 1510 1609 1539 οὐκέτι
1623 1510 1679 1539 ἐστί
1691 1523 1696 1528 ·
1714 1510 1803 1539 θυσίαν

1036 1557 1087 1597 γὰρ
1100 1559 1176 1586 τοῦτο
1190 1558 1273 1586 καλεῖ.
1290 1557 1347 1595 Mis}
1358 1555 1408 1595 γὰρ
1429 1556 1506 1596 θυσία
1518 1578 1524 1590 ,
1541 1556 1605 1595 φησὶ
1616 1578 1624 1591 ,
1637 1556 1802 1586 τετελείωκεν

1035 1605 1071 1635 εἷς
1079 1603 1109 1632 το
1121 1602 1236 1638 διηνεκὲς
1250 1602 1307 1635 τοὺς
1318 1601 1516 1640 ἁγιαζομένους·
1529 1602 1578 1640 οὐχ
1589 1601 1679 1641 ὥσπερ
1688 1602 1721 1631 τὰ
1733 1602 1804 1632 Ἰου-

277 1691 286 1702 ¹
303 1682 408 1715 [Bened.
427 1682 579 1707 omittebant
596 1685 650 1708 οὐ...
672 1687 735 1716 5:4⁵5,
756 1689 859 1707 auctore
876 1681 950 1707 Colb.
965 1689 989 1707 et
999 1684 1103 1715 juvante
1114 1682 1237 1707 Mutiano.
1250 1682 1347 1713 Quibus
1359 1681 1419 1706 add.
1433 1683 1461 1705 Α.
1475 1682 1502 1705 B.
1517 1686 1541 1706 et.
1553 1681 1689 1713 commet]

659 1775 834 1803 MUTIANO
857 1775 1112 1804 SCHOLASTICO
1137 1774 1384 1804 INTERPRETE.

243 1861 320 1889 nobis
334 1860 405 1889 viam
420 1870 526 1889 novam.
542 1860 685 1898 Postquam
699 1870 733 1888 ex
753 1860 865 1889 utilibus
883 1860 1009 1889 invitavit
1029 1860 1063 1889 ad
1086 1871 1167 1900 opera
1189 1860 1275 1898 bona,
1291 1859 1351 1889 vult
1372 1860 1451 1888 etiam
1470 1870 1541 1888 nunc
1562 1870 1596 1888 ex
1617 1859 1765 1889 metuendis
1779 1866 1804 1888 et

244 1907 364 1936 tristibus
379 1906 497 1946 idipsum
508 1907 601 1935 facere.
615 1907 760 1944 Postquam
773 1907 843 1936 enim
855 1907 927 1936 dixit
941 1919 946 1934 :
960 1909 1027 1936 Non
1040 1908 1272 1947 derelinquentes
1284 1909 1535 1946 congregationem
1547 1913 1692 1942 nostram,
1707 1917 1805 1946 quem-

243 1955 400 1983 admodum
416 1954 589 1993 quibusdam
607 1964 674 1982 usus
692 1961 748 1989 est,
768 1955 820 1983 sed
833 1954 1020 1983 abor-cantes
1030 1977 1039 1992 ,
1056 1961 1139 1983 tanto
1153 1955 1295 1993 amplius,
1315 1961 1425 1993 quanto
1439 1955 1546 1983 videtis
1562 1956 1803 1993 appropinquan-

245 2007 301 2029 tem
326 2002 401 2029 diem
411 2013 422 2034 ;
445 2000 535 2028 intulit
560 2000 651 2029 dicens
668 2013 675 2029 z
691 2001 797 2040 Sponte
822 2011 949 2041 namque
968 2003 1155 2041 peccantibus
1180 2004 1262 2030 nobis
1272 2024 1281 2040 7
1304 2008 1458 2040 postquam
1485 2004 1648 2040 accepimus
1670 2003 1804 2030 veritatis

246 2049 434 2086 agnitionem.
452 2048 527 2085 Opus
542 2053 594 2083 est,
610 2047 711 2085 inquit,
730 2048 807 2077 bonis
822 2049 963 2088 operibus,
978 2059 1045 2087 opus
1062 2055 1100 2077 est
1112 2071 1121 2086 ,
1137 2055 1162 2077 et
1177 2048 1253 2078 valde
1267 2059 1343 2087 opus.
1358 2049 1464 2086 Sponte
1478 2058 1603 2086 namque
1614 2048 1804 2086 peccantibus

247 2096 328 2123 nobis
340 2100 493 2132 postquam
509 2096 672 2132 accepimus
688 2097 825 2124 veritatis
839 2097 1029 2134 agnitionem,
1045 2096 1125 2124 ultra
1140 2106 1198 2124 non
1211 2096 1388 2134 relinquitur
1399 2096 1495 2123 hostia
1507 2095 1708 2133 propeccatis.
1723 2094 1805 2122 Mun-

246 2140 324 2169 datus
338 2151 375 2175 es,
394 2140 522 2168 liberatus
539 2151 566 2169 es
577 2151 592 2168 a
607 2141 765 2171 criminibus
775 2166 783 2180 ‚
797 2143 882 2171 factus
897 2153 923 2171 es
938 2142 1022 2171 filius.
1039 2143 1068 2172 Si
1083 2142 1117 2171 ad
1131 2142 1251 2181 primum
1267 2142 1400 2170 vomitum
1421 2151 1542 2170 reversus
1555 2140 1649 2177 fueris,
1664 2140 1761 2168 iterum
1779 2146 1805 2168 te

247 2186 397 2225 reprobatio
414 2193 548 2225 exspectat
567 2193 594 2215 et
617 2187 702 2225 ignis,
721 2195 746 2216 et
762 2188 919 2227 hujusmodi
934 2188 986 2217 alia
1004 2200 1010 2216 τ
1027 2199 1079 2217 non
1094 2189 1163 2217 enim
1180 2196 1217 2217 est
1234 2188 1322 2216 hostia
1341 2187 1465 2217 secunda.
1483 2187 1533 2216 Hic
1547 2187 1644 2215 iterum
1657 2193 1804 2226 exsurgunt

249 2233 294 2270 qui
308 2233 490 2272 poenitentiam
510 2233 647 2270 auserunt,
662 2240 688 2262 et
701 2235 746 2272 qui
769 2235 803 2263 ad
818 2235 982 2275 baptismum
998 2246 1090 2274 segnes
1103 2242 1165 2264 sunt
1183 2235 1305 2264 accedere
1318 2247 1324 2262 :
1338 2235 1380 2263 illi
1395 2234 1505 2273 quidem
1519 2233 1636 2263 dicentes
1646 2255 1654 2268 ,
1669 2233 1804 2268 Quoniam

249 2290 300 2308 non
316 2287 353 2308 est
369 2287 454 2308 tutum
468 2290 515 2308 nos
529 2279 564 2308 ad
576 2280 740 2319 baptismum
754 2282 879 2311 accedere
889 2307 896 2320 ‚
920 2282 1055 2321 siquidem
1069 2293 1122 2311 non
1144 2290 1183 2311 est
1198 2282 1313 2312 secunda
1327 2281 1449 2311 remissio
1467 2295 1472 2310 :
1489 2281 1532 2310 isti
1556 2287 1644 2309 autem
1668 2280 1803 2315 dicentes,¹

249 2328 306 2355 Non
318 2333 356 2355 est
371 2334 459 2356 tutum
478 2327 542 2356 dare
554 2328 738 2367 peccatoribus
753 2337 914 2359 sacramenta
924 2353 932 2365 ,
947 2331 970 2359 si
983 2330 1093 2368 quidem
1109 2340 1162 2358 non
1176 2337 1215 2359 est
1230 2329 1343 2358 secunda
1360 2329 1488 2358 remissio.
1504 2328 1579 2363 Quid
1593 2338 1655 2367 ergo
1669 2327 1703 2357 ad
1718 2335 1804 2356 utros-

250 2383 300 2410 que
312 2372 453 2402 dicemus?
464 2374 599 2409 Quoniam
607 2374 633 2403 in
646 2375 696 2403 hoc
707 2385 758 2403 non
771 2377 952 2414 poenitcntiam
968 2376 1097 2413 excludit,
1108 2388 1192 2415 neque
1204 2377 1422 2416 propitiationem
1435 2387 1494 2414 quae
1510 2376 1539 2404 fit
1554 2386 1602 2414 per
1612 2374 1803 2414 pcenitenfiam,

250 2429 334 2456 neque
347 2421 451 2459 repellit
465 2427 490 2449 et
503 2421 595 2460 dejicit
609 2432 656 2461 per
670 2421 878 2462 desperationem
894 2423 1110 2462 delinquentem3
1127 2434 1178 2452 non
1193 2424 1263 2453 enim
1279 2424 1315 2452 ita
1329 2423 1455 2452 inimicus
1469 2430 1508 2451 est
1521 2422 1615 2451 salutis
1629 2428 1739 2455 nostrae3
1754 2420 1802 2449 sed

250 2465 337 2502 quid?
359 2467 505 2496 secundum
527 2468 647 2497 excludit
670 2469 817 2498 lavacrum.
834 2470 893 2498 Non
909 2471 980 2498 enim
997 2470 1085 2509 dixit,
1102 2471 1162 2500 Non
1186 2478 1224 2500 est
1246 2471 1314 2499 ultra
1335 2470 1509 2510 poeniientia5
1525 2479 1610 2507 neque
1622 2467 1693 2496 enim
1707 2467 1798 2502 dixit,

250 2512 309 2539 Nou
324 2519 361 2540 cst
376 2513 443 2541 ultra
460 2515 596 2553 remissi03
611 2516 674 2554 sed,
691 2516 781 2546 Hostia
792 2540 799 2553 ‚
814 2517 918 2555 inquit,
934 2517 1002 2546 ultra
1025 2528 1076 2547 non
1098 2525 1136 2548 cst
1149 2530 1154 2546 :
1170 2518 1221 2547 hoc
1235 2525 1286 2555 est,
1301 2529 1369 2547 crux
1383 2516 1496 2546 secunda
1513 2516 1582 2545 ultra
1607 2525 1659 2544 non
1673 2521 1729 2551 cst5
1748 2514 1800 2543 ho·
