1886 2846
439 198 471 220 ΙΝ
502 198 610 221 EPIST-

77 270 132 293 ται,
143 260 198 293 πῶς
207 261 272 298 ἡμῖν
284 260 334 299 οὐχ
348 262 536 300 ὑπουργοῦσιν;
550 260 690 294 Ἐννόησον
705 260 789 289 τοίνυν
801 261 848 294 τὴν

71 304 170 342 τιμὴν,
189 305 238 341 ὅση
263 306 400 344 τυγχάνει,
415 306 476 334 ὅταν
499 308 534 339 ὡς
555 306 620 346 πρὸς
641 306 731 345 φίλους
754 306 848 345 πέμπῃ

78 350 211 384 διακόνους
225 350 284 384 τοὺς
305 352 428 390 ἀγγέλους
442 354 455 380 ὁ
469 352 551 388 Θεὸς,
563 352 624 380 ὅταν
643 351 781 391 Κορνηλίῳ
797 351 848 390 ἄγ-

78 397 154 435 γελος
173 397 310 436 φαίνηται,
326 398 388 426 ὅταν
412 398 513 430 πάντας
532 397 590 431 τοὺς
615 398 775 430 ἀποστόλους
797 396 850 427 ἀπὸ

78 446 124 472 τοῦ
146 443 327 483 δεσμωτηρίου
349 444 458 482 ἄγγελος
479 443 596 483 ἐκὸάλλῃ
608 466 614 475 ,
629 443 674 472 καὶ
693 444 758 483 λέγῃ
769 455 774 461 ’
791 444 849 473 Πο-

81 488 212 528 ρευθέντες
227 491 307 524 ozza
316 513 322 525 ,
331 490 375 518 καὶ
389 491 492 518 λαλεῖτε
515 491 542 518 ἐν
556 492 593 530 τῷ
607 492 669 529 ἱερῷ
689 492 726 529 τῷ
742 491 798 528 λαῷ
817 488 850 518 τὰ

81 534 189 574 ῥήματα
211 537 258 570 τῆς
280 537 348 569 ζωῆς
368 535 475 570 ταύτης.
491 535 527 564 Τί
552 535 585 564 τὰ
609 536 677 564 ἄλλα
697 535 783 574 λέγως
805 535 850 563 καὶ

80 580 153 619 αὖτῷ
173 580 274 620 Παύλῳ
293 581 401 620 ἅγγελος
422 580 552 619 φαίνεται,
572 581 654 621 Ὁρᾷς
673 580 765 613 αὐτοὺς
790 581 849 609 διαι-

80 628 218 659 ›novo-‘swa
230 629 294 664 ἡμῖν
307 627 350 655 διὰ
365 627 408 655 τὸν
421 627 499 662 Θεὸν,
511 627 555 655 καὶ
571 629 606 660 εἰς
618 627 651 656 τὰ
666 627 779 666 μέγιστα
796 627 851 655 διοι-

80 675 233 709 κονοῦντας;
248 673 300 701 Διὰ
314 673 389 702 τοῦτο’
402 685 479 712 φησιν
495 675 508 701 ὁ
523 674 641 706 Παῦλος·
660 673 753 702 Πάντα
768 675 851 711 ὑμῶν,

79 718 132 746 εἴτε
151 719 216 754 ζωὴ,
231 719 283 747 εἴτε
297 719 420 754 θάνατος,
438 720 489 748 εἴτε
504 720 615 757 κόσμος,
639 720 691 748 εἴτε
705 721 850 755 ἐνεστῶτα,

79 763 131 791 εἴτε
147 763 285 801 μέλλοντα.
295 763 435 803 Ἐπέμνρθη
449 764 496 802 μὲν
513 760 556 792 οὖν
572 765 616 793 καὶ
629 768 642 794 ὁ
659 765 792 797 Υἱοςῷιὶλ
803 766 852 804 οὐχ

78 810 114 842 ὡς
136 809 266 845 διάκονος,
281 810 339 839 οὐδὲ
359 812 394 842 ὡς
409 811 573 850 λειτουργὸς,
592 812 650 839 ἀλλ’
665 813 700 843 ὡς
721 811 782 843 Υἱός
806 812 851 839 καὶ

78 855 229 894 μονογενὴς,
236 857 280 884 καὶ
294 856 327 885 τὰ
340 856 406 885 αὐτὰ
417 858 455 895 τῷ
466 857 554 896 Πατρὶ
569 857 732 895 βουλόμενος.
742 858 850 886 Μᾶλλον

79 901 107 930 δὲ
122 901 180 930 οὐδὲ
200 901 321 941 ἐπέμφθη
331 914 337 919 ·
352 903 380 930 οὗ
394 902 445 942 γὰρ
460 903 490 931 ἐκ
502 903 581 932 τόπου
597 905 632 936 εἰς
643 903 721 932 τόπον
736 904 849 941 μετέὸη,

78 947 147 976 ἀλλὰ
169 947 256 988 σάρκα
278 948 420 977 ἀνέλαὸεν·
436 944 506 977 οὗτοι
529 949 556 978 δὲ
578 949 673 981 τόπους
694 949 849 986 dustein-act,

79 993 124 1022 καὶ
144 993 203 1026 τοὺς
222 994 364 1033 προτέρους
387 994 495 1032 ἀφέντες
515 996 541 1023 ἐν
560 990 597 1027 οἷς
615 997 689 1029 εἰσιν,
712 994 793 1027 οὕτως
814 996 849 1027 εἰς

78 1039 179 1078 ἑτέρους
191 1040 313 1078 ἔρχονται
327 1040 353 1067 ἐν
368 1036 406 1071 οἷς
418 1041 466 1068 οὐκ
480 1035 556 1073 ἦσαν.
570 1040 622 1068 Καὶ
637 1042 713 1068 τοῦτο
726 1040 753 1068 δὲ
768 1040 848 1069 πάλιν

78 1085 285 1124 παραθαρρύνων
306 1084 397 1117 αὐτοὺς
416 1085 502 1123 λέγει·
524 1085 551 1113 τί
573 1085 725 1120 δεδοίκατε,
742 1085 849 1123 ἄγγελοι

78 1131 240 1160 διακονοῦσιν
259 1133 332 1168 ἡμῖν,
350 1130 403 1158 Καὶ
418 1130 498 1159 εἰπὼν
521 1131 582 1169 περὶ
600 1135 646 1160 τοῦ
663 1132 737 1166 lton,
752 1131 797 1160 καὶ
816 1131 850 1160 τὰ

77 1175 146 1205 κατὰ
159 1175 207 1211 τὴν
222 1175 385 1213 οἰκονομίαν,
405 1176 450 1204 καὶ
469 1175 502 1204 τὰ
514 1176 584 1205 κατὰ
601 1176 649 1211 τὴν
667 1177 849 1216 δημιουργίαν,

77 1221 123 1251 καὶ
136 1221 170 1250 τὰ
184 1221 253 1250 κατὰ
266 1221 314 1257 τὴν
336 1221 483 1260 βασιλείαν,
498 1222 543 1250 καὶ
563 1222 593 1251 τὸ
607 1222 734 1261 ὁμότιμον
750 1222 848 1258 δείξας,

77 1267 122 1297 καὶ
147 1268 188 1296 ὅτι
208 1269 243 1300 ὡς
263 1268 401 1307 ᾼεσπόι-ης
420 1273 527 1307 κρατεῖ,
549 1268 608 1308 οὐχὶ
627 1270 678 1297 τῶν
704 1269 848 1308 ἀνθρώπων

78 1313 166 1352 μόνον,
180 1313 248 1342 ἀλλὰ
263 1314 307 1342 καὶ
320 1316 372 1342 τῶν
386 1314 440 1342 ἅνω
459 1315 605 1352 δυνάμεων,
621 1315 712 1344 λοιπὸν
726 1327 849 1356 παρακα-

76 1360 118 1388 λεῖ
132 1359 237 1395 αὐτοὺς,
253 1360 454 1393 κατασκευάσας
467 1360 510 1388 τὸν
525 1360 611 1399 λόγον,
626 1361 694 1390 ὥστε
709 1361 849 1401 προσέχειν

76 1407 148 1443 ἡμᾶς
160 1409 213 1438 τοῖς
228 1408 390 1442 ἀκουσθεῖσι,
403 1406 448 1434 καί
465 1418 543 1445 φησι·
558 1406 606 1436 Διὸ
622 1407 674 1446 χρὴ
691 1408 849 1447 περισσοτέ-

79 1463 129 1491 ρως
142 1454 214 1489 ἡμᾶς
227 1451 368 1491 προσέχειν
382 1456 434 1485 τοῖς
449 1454 623 1482 ἀκουσθεῖσιν.
635 1453 767 1482 Ἐνταῦθα
784 1456 848 1492 βου-

76 1496 185 1535 λόμενος
199 1498 290 1533 εἰπεῖν,
303 1497 342 1525 ὅτι
356 1498 394 1526 δεῖ
410 1498 604 1537 περισσοτέρως
618 1501 663 1527 τοῦ
675 1499 754 1537 νόμου
767 1511 848 1540 προσ-

78 1543 158 1582 έχειν,
178 1542 326 1578 ἐσιώπησεν
351 1544 430 1580 αὐτὸ,
447 1545 525 1579 δῆλον
541 1545 568 1574 δὲ
586 1545 659 1583 ὅμως
682 1549 759 1575 τοῦτο
781 1551 850 1575 ποιεῖ

79 1590 105 1617 ἐν
124 1591 157 1627 ἰἣ
177 1591 342 1628 κατασκευῇ,
356 1591 404 1618 οὐκ
425 1591 452 1619 ἐν
472 1591 625 1629 συμὸουλῇ,
637 1591 694 1620 οὐδὲ
711 1592 737 1620 ἐν
758 1604 849 1632 παρα-

78 1633 184 1669 κλήσει·
199 1634 267 1664 οὕτω
281 1635 333 1674 γὰρ
353 1636 460 1674 ἄμεινον
475 1632 516 1671 ἦν.
538 1638 571 1666 Ei
585 1637 636 1676 γὰρ
650 1640 664 1666 ὁ
678 1638 710 1666 δι’
731 1638 849 1676 ἀγγέλων

642 198 684 220 Μ)
713 197 880 221 nummos.

910 198 988 220 CAP-
1018 198 1052 220 ll.
1084 198 1201 221 uouit„
1232 199 1278 221 111.

1603 192 1643 234 [μ

903 259 1076 299 Philippum:
1091 261 1224 298 quomodo
1240 261 1317 289 nobis
1328 271 1380 289 non
1391 262 1536 290 serviunt?
1551 263 1645 301 Cogita

902 312 1017 344 quantus
1038 306 1073 334 sit
1097 306 1193 342 honor,
1210 306 1318 345 quando
1344 307 1417 336 Deus
1441 307 1550 345 angelos
1565 309 1647 337 mittit

866 356 885 380 D
903 353 1038 382 ministros
1048 360 1185 392 tamquam
1195 353 1230 382 ad
1240 354 1350 390 amicos,
1362 354 1470 392 quando
1481 354 1591 393 angelus
1601 366 1649 394 ap-

902 405 977 438 paret
988 399 1229 438 Cornelio,quaudo
1241 411 1332 429 omnes
1343 400 1476 439 apostolos
1486 401 1559 440 ejicit
1570 411 1584 429 e
1594 411 1649 429 car-

903 456 972 480 cere,
981 453 1005 475 et
1015 445 1097 475 dicit:
1111 448 1224 475 Euntes
1233 453 1319 483 state,
1331 454 1356 476 ει
1366 447 1523 486 loquimini
1533 449 1564 475 in
1575 454 1649 476 tem-

902 492 952 531 plo
964 493 1071 532 populo
1086 493 1177 522 verba
1192 495 1262 522 vita?
1274 494 1372 532 hujus.
1385 493 1460 528 Quid
1471 493 1523 522 alia
1536 494 1625 522 dicam
1635 494 1648 521 ,²

905 538 988 567 Paulo
1011 549 1118 577 quoque
1137 539 1190 578 ipsi
1204 546 1316 578 apparet
1331 540 1456 578 angelus.
1473 539 1558 568 Vides
1573 539 1646 578 ipsos

905 591 1012 623 propter
1027 585 1114 614 Deum
1129 585 1206 614 nobis
1221 585 1384 619 ministrare,
1408 592 1433 613 et
1449 585 1604 614 ministrare
1620 585 1646 613 iu

905 630 985 659 rebus
1001 631 1150 660 maximis?
1167 632 1310 670 Propterea
1324 631 1391 660 dicit
1409 631 1521 668 Paulus,
1541 633 1649 660 Omnia

904 682 971 704 sunt
997 683 1108 710 vestra,
1126 679 1188 706 sive
1202 678 1279 714 vita,
1293 679 1354 706 sive
1369 687 1459 711 mors,
1481 679 1542 706 sive
1563 688 1650 706 mun-

867 747 890 764 2¹.»
905 722 968 757 dus,
992 725 1053 751 sive
1072 725 1240 762 praesentia,
1257 725 1318 752 sive
1329 725 1446 762 sutura.
1462 724 1562 752 Missus
1577 735 1648 762 quo-

870 775 886 795 Α
904 778 956 805 que
968 775 1007 796 est
1021 768 1117 803 Filius,
1131 768 1177 797 sed
1190 779 1242 797 non
1257 768 1327 797 sicut
1339 769 1470 805 minister,
1483 780 1569 807 neque
1581 777 1649 798 tam-

904 824 984 851 quam
1007 814 1053 852 qui
1079 815 1170 853 aliquo
1197 815 1350 853 fungeretur
1366 826 1486 850 munere,
1514 815 1561 844 sed
1575 823 1648 844 tam—

904 870 985 897 quam
996 860 1082 889 Filius
1095 868 1121 889 et
1132 861 1297 899 unigenitus,
1314 868 1339 889 et
1353 861 1398 899 qui
1414 861 1506 890 eadem
1519 862 1576 890 vult
1590 873 1650 900 qum

904 906 990 934 Pater.
1000 907 1057 934 lino
1072 917 1135 935 vero
1149 917 1181 935 ne
1194 907 1244 935 suit
1259 907 1368 946 quidem
1379 908 1477 937 missus
1492 920 1498 935 :
1513 919 1564 937 non
1577 909 1650 937 enini

903 961 917 978 a
928 951 985 979 loco
998 951 1025 980 in
1040 951 1129 980 locum
1142 952 1258 989 transiit,
1270 953 1316 981 sed
1328 964 1434 982 caruem
1445 954 1559 994 suscepit
1573 967 1581 992 ,·
1597 965 1649 983 an-

903 996 955 1033 geli
965 1007 1029 1025 vero
1044 997 1100 1026 loca
1117 1004 1232 1032 mutant,
1247 1005 1273 1026 et
1286 999 1424 1038 prioribus
1437 1000 1464 1028 in
1478 1000 1576 1038 quibus
1588 1007 1651 1029 suut

902 1041 1034 1079 dimissis,
1044 1042 1077 1071 ad
1089 1043 1143 1071 alia
1154 1043 1274 1077 veniunt,
1285 1045 1312 1072 in
1322 1045 1421 1082 quibus
1431 1056 1483 1074 non
1496 1053 1579 1074 erant.
1589 1047 1649 1075 Jam

902 1097 967 1116 vero
982 1088 1033 1116 hoc
1049 1098 1156 1126 quoque
1169 1089 1207 1116 eis
1224 1088 1301 1117 addit
1317 1090 1437 1119 animum
1452 1091 1544 1120 dicens
1556 1103 1562 1119 t
1575 1092 1651 1127 Quid

904 1134 1003 1163 timetis
1015 1135 1028 1163 ἱ)
1042 1134 1130 1173 angeli
1145 1134 1222 1163 nobis
1237 1134 1400 1164 ministrant.
1416 1136 1451 1164 Et
1464 1148 1523 1165 cum
1534 1137 1648 1167 dixisset

903 1179 937 1208 de
955 1180 1046 1218 Filio,
1069 1186 1095 1208 et
1112 1190 1171 1218 quae
1192 1181 1326 1219 pertinent
1348 1180 1385 1209 ad
1400 1181 1626 1221 dispensationem
1643 1207 1650 1220 ,

904 1237 963 1265 quae
980 1226 1015 1255 ad
1031 1226 1192 1255 creationem
1205 1233 1231 1254 et
1246 1237 1306 1265 quae
1321 1226 1357 1255 ad
1373 1238 1486 1266 reguum
1509 1235 1534 1256 et
1559 1237 1650 1258 osten·

903 1272 985 1301 disset
1009 1283 1070 1301 eum
1086 1283 1141 1301 esse
1164 1272 1192 1300 in
1206 1272 1300 1301 eodem
1314 1272 1426 1311 honore,
1447 1281 1472 1302 et
1493 1273 1567 1312 quod
1582 1282 1650 1303 taiu-

903 1329 983 1357 quatn
1008 1319 1141 1347 Dominus
1155 1319 1323 1347 dominatum
1345 1320 1459 1355 obtinet,
1485 1331 1536 1349 non
1563 1321 1591 1350 iu
1610 1333 1650 1351 so-

904 1365 944 1393 los
959 1364 1080 1393 homines
1091 1387 1098 1401 ,
1122 1364 1168 1393 sed
1182 1365 1263 1393 etiam
1286 1365 1313 1393 in
1332 1376 1461 1405 supernas
1484 1373 1628 1406 potestates
1644 1392 1651 1404 ,

904 1423 948 1441 eos
969 1412 1026 1451 jam
1043 1412 1211 1448 exhortatur,
1232 1412 1269 1440 ita
1290 1412 1412 1441 instituta
1427 1414 1557 1449 oratione,
1577 1414 1650 1453 quod

904 1470 952 1488 nos
963 1465 1082 1498 oporteat
1091 1458 1212 1486 animum
1225 1457 1394 1487 adhihereiis
1403 1469 1462 1497 quae
1475 1467 1536 1488 sunt
1548 1459 1650 1489 audita.

905 1507 917 1534 1
926 1528 932 1533 .
939 1507 1098 1544 Propterea
1106 1505 1306 1534 abundantius
1314 1511 1425 1544 oportet
1434 1507 1589 1535 observare
1598 1518 1650 1537 nos
1663 1517 1692 1539 cl
1699 1525 1719 1539 p,
1740 1525 1767 1541 n.

905 1561 939 1578 ea
953 1560 1017 1589 quae
1030 1550 1206 1578 audivimus.
1218 1549 1269 1577 Hic
1282 1548 1371 1578 dicere
1383 1549 1490 1578 volebat
1508 1551 1648 1580 abundan-

905 1594 959 1622 tius
976 1604 1056 1632 quam
1071 1593 1123 1632 legi
1137 1593 1330 1622 attendendum
1342 1604 1412 1630 esse,
1427 1594 1474 1623 sed
1488 1595 1538 1624 hoc
1554 1596 1647 1632 siluit;

905 1637 987 1677 idque
997 1637 1097 1666 indicat
1112 1637 1137 1666 in
1147 1637 1317 1677 probatione,
1328 1649 1379 1667 non
1391 1639 1417 1667 in
1431 1640 1552 1677 consilio,
1562 1651 1609 1669 nec
1621 1641 1647 1669 in

502 1756 679 1785 MUTIANO
700 1756 955 1787 SCHOLASTICO
976 1756 1229 1786 INTERPRETE.

78 1846 155 1886 qunti
167 1853 239 1875 sunt.
256 1846 380 1885 Intellige
395 1846 480 1885 igitur
492 1855 562 1875 nunc
577 1853 693 1884 quantus
707 1847 785 1876 nobis
797 1847 884 1876 honor
898 1847 1014 1884 exsistit,
1037 1854 1066 1876 ut
1079 1847 1149 1876 sicut
1160 1847 1195 1876 ad
1210 1847 1320 1886 amicos,
1338 1848 1374 1877 ita
1387 1849 1526 1879 ministros
1540 1850 1649 1889 angelos

77 1904 140 1923 suos
151 1893 264 1923 destinet
279 1894 361 1922 Deus.
378 1894 446 1922 Nam
459 1899 485 1922 et
500 1893 623 1922 Cornelio
635 1893 745 1932 angelus
755 1893 869 1930 adstitit,
882 1901 908 1923 et
921 1904 1013 1923 omnes
1028 1895 1161 1934 apostolos
1177 1894 1288 1934 angelus
1299 1895 1333 1924 de
1346 1895 1468 1925 custodia
1483 1896 1590 1934 eduxit,
1605 1897 1648 1926 di-

77 1952 139 1970 cens
153 1953 160 1969 :
176 1942 289 1970 Euntes
300 1947 386 1978 state,
399 1947 425 1969 et
439 1941 596 1980 loquinu'ni
607 1942 638 1968 ἰη
654 1941 761 1979 templo
772 1941 880 1979 populo
894 1943 996 1969 omnia
1007 1943 1101 1970 verba
1114 1943 1185 1970 vitae
1199 1942 1295 1981 hujus.
1306 1942 1392 1971 Paulo
1407 1953 1468 1972 vero
1482 1943 1539 1983 ipse
1552 1945 1646 1973 Domi-

78 1999 139 2023 nus,
150 1999 202 2017 non
214 1988 324 2028 angelus
337 1988 473 2028 apparuit.
487 1988 602 2016 Intueris
613 1998 677 2027 ergo
690 1999 734 2017 eos
749 1988 928 2017 ministeriiun
943 1987 1020 2016 nobis
1035 1995 1145 2027 propter
1158 1989 1245 2016 Deum
1261 1988 1411 2026 reddentes,
1423 1997 1448 2018 et
1460 2001 1556 2029 magna
1570 1991 1648 2020 nobis

77 2036 166 2065 officia
178 2035 367 2075 persolventes.
383 2034 487 2064 Idcirco
499 2035 566 2064 dicit
577 2035 677 2064 Paulus
689 2047 696 2063 :
711 2037 819 2064 Omnia
831 2042 931 2064 vestra
943 2041 1022 2069 sunt,
1034 2037 1095 2064 sive
1106 2037 1183 2072 vita,
1196 2037 1257 2063 sive
1269 2045 1355 2071 mors,
1365 2038 1426 2064 sive
1437 2038 1573 2074 mundus,
1587 2040 1649 2067 sive

75 2085 245 2123 proesenthz,
260 2085 322 2112 sive
330 2084 445 2123 sutura.
460 2083 562 2112 Missus
574 2091 611 2112 est
626 2083 737 2122 quidem
749 2090 774 2112 et
790 2083 885 2119 Filius,
897 2082 944 2111 sed
959 2093 1010 2111 non
1025 2082 1095 2111 sicut
1111 2082 1242 2117 minister,
1259 2093 1343 2120 neque
1363 2090 1393 2111 ut
1407 2084 1563 2123 perfunctus
1583 2085 1646 2124 qui-

77 2130 194 2159 buslibet
208 2130 316 2166 officiis,
331 2130 377 2159 sed
391 2130 462 2159 sicut
475 2130 562 2159 Filius
578 2131 742 2170 unigenitus,
755 2130 847 2160 eadem
860 2130 932 2159 Patri
945 2140 994 2159 suo
1008 2130 1100 2159 volens
1114 2137 1195 2168 atque
1207 2128 1362 2159 desiderans
1375 2143 1382 2159 :
1397 2131 1482 2170 magis
1496 2138 1585 2161 autem
1601 2143 1647 2161 ne-

79 2187 131 2215 que
145 2177 243 2206 missus
255 2185 310 2215 est;
325 2188 410 2216 neque
424 2178 495 2206 enim
515 2177 549 2207 de
564 2178 621 2207 loco
634 2179 668 2207 ad
682 2178 771 2207 locum
786 2178 952 2218 pertransiit,
966 2177 1014 2206 sed
1027 2188 1133 2206 carnem
1149 2177 1244 2206 sumsit
1259 2189 1264 2205 :
1283 2177 1325 2206 isti
1339 2185 1427 2207 autem
1448 2189 1496 2218 per
1509 2179 1567 2208 loca
1582 2190 1646 2209 mu-

79 2229 178 2259 tantur,
189 2229 216 2252 et
228 2224 316 2263 prima
330 2225 388 2254 loca
403 2225 432 2254 in
446 2226 546 2264 quibus
561 2226 666 2255 fuerant
680 2226 839 2260 deserentes⁷
854 2225 888 2254 ad
902 2225 954 2254 alia
971 2225 1082 2255 veniunt
1098 2224 1273 2262 transcundO,
1289 2225 1316 2254 in
1330 2225 1430 2264 quibus
1445 2236 1496 2255 non
1513 2234 1587 2256 erant
1599 2239 1646 2257 an-

78 2277 129 2300 tea.
144 2269 198 2300 Sed
220 2278 245 2300 et
260 2271 309 2300 hoc
323 2272 405 2302 etiam
419 2273 609 2302 confidentiam
631 2273 669 2303 eis
684 2274 795 2311 excitat,
819 2273 911 2302 dicens
933 2285 939 2301 :
957 2273 1031 2309 Quid
1047 2273 1199 2302 veremini?
1222 2283 1284 2301 nam
1306 2273 1384 2302 nobis
1398 2273 1478 2302 etiam
1493 2275 1644 2313 angelicum

79 2317 214 2346 ministrat
226 2318 356 2348 officium.
371 2320 516 2359 Postquam
529 2332 592 2361 ergo
604 2321 732 2360 loquutus
747 2328 785 2350 est
796 2321 830 2350 de
842 2321 912 2350 Filio
925 2321 975 2350 Dei
987 2328 1042 2350 tam
1056 2320 1205 2350 secundum
1216 2320 1442 2360 dispensationem
1455 2322 1552 2358 carnis,
1563 2333 1646 2361 quam

78 2364 226 2394 seeundum
246 2366 318 2403 quod
343 2367 524 2398 universitatis
544 2375 583 2397 est
596 2369 708 2408 opifex3
732 2369 859 2407 loquutus
881 2368 962 2398 etiam
983 2367 1017 2397 de
1037 2378 1119 2407 regno
1134 2369 1201 2408 ejus,
1224 2374 1249 2396 ct
1263 2368 1444 2406 aequalitatem
1458 2368 1568 2398 lionoris
1588 2370 1647 2408 ejus

79 2411 231 2446 ostendens,
257 2419 282 2440 et
304 2413 368 2451 quia
385 2413 541 2443 dominatur
563 2425 615 2444 non
631 2415 718 2444 solum
743 2415 909 2452 hominibus,
933 2415 980 2445 sed
995 2415 1077 2444 etiam
1092 2415 1214 2455 supernis
1229 2414 1377 2443 virtutibus
1392 2427 1398 2443 :
1415 2425 1485 2444 nunc
1496 2416 1554 2455 jam
1567 2423 1645 2455 post—

78 2468 161 2497 quam
174 2470 234 2498 quae
247 2459 410 2490 desideravit
423 2461 570 2499 adstruxit,
586 2463 712 2492 hortatur
729 2474 784 2501 eos,
800 2470 830 2492 ut
847 2463 1063 2493 animadvertant
1077 2474 1105 2492 ea
1120 2473 1179 2502 quae
1197 2462 1252 2491 illis
1267 2462 1424 2491 annuntiata
1438 2469 1511 2501 sunt,
1527 2462 1619 2492 dicens
1639 2476 1645 2491 :

79 2507 238 2546 Propterea
260 2508 461 2538 abundantius
484 2517 594 2549 oportet
610 2512 764 2540 observare
789 2522 840 2541 nos
863 2522 909 2547 ea,
934 2523 999 2552 qnoe
1016 2512 1196 2545 audivimus,
1225 2510 1353 2550 nesorte
1367 2509 1537 2551 effluamus.
1556 2510 1648 2546 Quare

79 2553 262 2584 abundantius
275 2554 369 2584 dixit?
385 2556 442 2586 Hoc
454 2564 504 2591 est,
519 2569 600 2596 quam
615 2558 640 2587 in
656 2558 714 2598 lege
724 2559 874 2589 solebamus
888 2571 894 2587 z
910 2559 955 2589 sed
971 2569 1065 2588 nomen
1081 2558 1148 2598 legis
1163 2557 1297 2596 obticuit;
1312 2568 1374 2587 nam
1388 2565 1414 2587 et
1427 2558 1454 2587 in
1464 2557 1646 2588 adstructione

1511 2612 1530 2640 4

200 2618 273 2636 Tou.
300 2619 353 2638 ΧΗ.
