1906 2846
131 907 197 928 Psizl.
211 913 246 936 ¹7.

128 939 217 960 2¹,25.

130 1109 212 1136 Ephes.
221 1108 269 1130 33,

282 178 352 223 ,448
628 187 657 210 5.

281 252 340 280 bus.
353 251 401 279 024.

283 311 380 331 ornnes
393 306 517 329 sanctos.
533 299 669 327 Salutant
682 307 735 325 vos
746 297 782 325 de
792 297 885 324 Italia
892 297 1014 335 fratres.

417 250 548 279 Salutate
562 257 660 276 omnes
676 249 842 286 praepositos
861 253 972 275 vestros
989 252 1016 275 et

282 352 330 380 2⁷5.
343 352 446 379 Gratia
464 359 529 377 cum
551 349 681 376 omnibus
700 348 795 375 vobis.
809 347 916 374 Amen.
933 345 1018 375 Vides

282 399 415 439 quomodo
436 398 555 427 ostendat
571 398 698 426 virtutem
713 407 797 434 neque
812 407 845 425 ex
863 397 919 424 Deo
932 395 1018 424 omni-

282 460 332 486 no,
349 459 433 487 neque
451 459 483 477 cx
501 448 576 477 nobis
598 447 684 475 solum
705 457 760 475 csse
784 445 892 475 ortam?
905 445 1018 475 dicendo

281 501 506 539 eni1n‚Integros
520 499 680 538 vos-faciat
695 500 724 526 in
737 499 814 525 omni
832 498 905 525 bono
923 508 1016 536 opere,

281 558 306 580 ct
327 558 429 587 caetera,
451 550 501 578 hoe
525 548 671 587 significat,
684 558 714 576 ac
739 547 761 576 si
776 547 1018 576 diceret:Habctis

282 599 391 638 quidem
412 599 555 635 virtutem3
578 607 644 635 opus
667 603 756 625 autem
774 595 879 624 habetis
903 596 1017 635 comple-

282 656 377 678 mento.
388 650 455 677 Cum
467 648 532 677 dicit
546 654 643 683 autem,
657 648 745 686 Opere
756 653 782 675 et
794 646 877 674 verbo
893 646 972 683 bono,
983 645 1017 674 si-

281 699 419 737 gnificavit
434 706 458 727 ct
473 699 556 727 vitum
571 705 595 726 ct
609 697 732 735 dogmata
748 703 819 725 recta
836 706 891 724 esse
910 696 1015 725 debere.

281 750 361 778 Recte
374 749 452 777 etiam
466 749 516 777 hoc
528 747 651 776 addidit:
664 748 791 775 faciens
803 748 833 775 in
845 748 929 775 vobis
940 747 1019 785 quod

279 800 396 838 placeat
409 809 507 827 coram
522 809 559 827 se.
572 799 678 827 Coram
693 807 722 826 se
733 809 741 824 .-
754 797 810 826 haec
824 797 895 825 euim
906 803 945 825 est
958 797 1018 826 vir-

280 855 324 877 tus
335 849 452 877 maxima
462 850 546 877 facere
559 848 629 886 quod
644 848 745 887 placeat
760 857 849 876 coram
863 848 920 875 Deo
933 858 938 874 :
951 846 1019 875 sicut

281 900 361 928 etiam
377 899 442 928 dicit
454 899 584 938 propheta
597 910 602 926 :
613 899 776 927 Secundum
786 900 943 937 puritatem
959 907 1020 925 ma-

283 960 371 977 nuum
397 960 526 978 mearum
544 951 574 977 in
596 954 748 987 conspectu
773 948 922 976 oculorum
945 949 1018 986 ejus.

283 1001 351 1029 Cum
365 1007 418 1029 tam
435 1001 519 1029 multa
536 1007 624 1029 autem
643 999 800 1038 scripsisset,
822 1009 906 1038 pauca
920 1009 950 1027 ea
965 1008 1021 1026 esse

282 1049 363 1087 dixit,
375 1049 397 1078 si
407 1049 529 1079 videlicet
540 1049 708 1078 conserantur
723 1058 784 1076 cum
795 1048 827 1076 iis
838 1058 897 1085 quae
912 1054 967 1075 erat
978 1047 1020 1075 di-

282 1107 372 1129 cturus
385 1113 390 1128 :
405 1099 473 1128 sicut
488 1100 567 1128 ctiam
582 1099 646 1127 alibi
661 1098 738 1133 dicit,
757 1098 835 1126 Sicut
853 1099 953 1135 scripsi
968 1107 1020 1125 vo-

283 1152 325 1179 bis
338 1152 368 1178 in
381 1152 459 1178 brevi
470 1161 479 1178 :
491 1156 577 1188 prout
587 1150 706 1188 potestis
719 1148 844 1186 legentes
858 1147 1021 1185 intelligere

279 1201 466 1238 prudentiam
486 1210 580 1228 meam
602 1201 633 1227 in
652 1199 791 1234 mysterio
812 1197 930 1225 Christi.
949 1195 1020 1226 Vide

281 1256 371 1278 autem
385 1250 442 1288 ejus
457 1248 622 1288 sapientiam.
638 1248 697 1276 Non
711 1246 797 1284 dixit,
815 1248 894 1285 Rogo
915 1256 968 1274 vos
989 1251 1019 1274 ut

281 1301 436 1340 sufferatis
454 1301 575 1327 verbum
597 1297 799 1333 admonitionis,
815 1297 877 1333 sed,
895 1297 1016 1333 Solatii,

281 1348 332 1377 hoc
352 1355 403 1384 est,
418 1346 829 1383 consolationis,adhortationis.
847 1347 906 1374 Non
921 1352 1017 1385 potest,

281 1398 378 1436 inquit,
391 1399 533 1436 quisquam
548 1397 687 1435 defatigari
708 1396 860 1435 prolixitate
876 1396 1017 1424 dictorum.

281 1445 354 1479 Quid
371 1455 450 1483 ergo.
444 1445 456 1462 ³
469 1444 577 1472 hoccine
587 1450 642 1472 ciat
657 1442 729 1480 quod
744 1449 773 1470 ut
787 1448 973 1470 avcisaientnr
980 1441 1017 1468 fa-

683 186 823 209 JOANMS
849 184 1029 208 cntu'sos'r.

1059 185 1201 208 Ancum?
1207 199 1214 208 .
1243 183 1305 207 CON
1311 184 1510 209 STAN'HNOP.

1072 248 1127 279 πῶς
1142 246 1256 275 δείκνυσι
1272 246 1319 281 τὴν
1336 246 1430 285 ἀρετὴν
1445 246 1503 275 οὔτε
1519 248 1548 275 ἐκ
1568 249 1612 275 τοῦ
1627 247 1696 276 Θεοῦ
1715 246 1745 275 τὸ
1765 246 1833 281 ὅλον,

1072 292 1131 320 οὔτε
1141 292 1167 325 ἐξ
1179 294 1255 330 ἡμῶν
1272 292 1348 330 μόνον
1370 291 1596 331 κατορθουμένην;
1611 293 1649 330 τῷ
1668 291 1719 331 γὰρ
1739 293 1834 327 εἰπεῖν,

1073 338 1239 376 Καταρτίσαι
1252 341 1319 376 ὓμᾶς
1333 339 1359 366 ἐν
1372 338 1450 366 παντὶ
1463 337 1530 376 ἔργῳ
1545 338 1634 376 ἀγαθῷ
1643 359 1650 372 ,
1661 338 1705 366 καὶ
1716 337 1749 366 τὰ
1761 337 1834 373 ἑξῆς,

1071 386 1147 412 τοῦτο
1162 384 1249 418 δηλοῐ’
1266 384 1329 413 ὡσεὶ
1349 383 1447 421 ἔλεγεν,
1462 382 1535 422 ἔχετε
1553 382 1599 420 μὲν
1622 382 1728 421 ἀρετὴν,
1751 383 1835 411 δεῖσθε

1073 429 1100 458 δὲ
1119 429 1288 468 πληρώσεως.
1316 429 1406 458 Εἰπὼν
1428 429 1454 457 δὲ
1478 429 1546 469 ἔργῳ
1570 428 1615 457 καὶ
1639 428 1708 467 λόγῳ
1731 429 1836 467 ἀγαθῷ,

1073 475 1166 508 ἔδειξεν
1178 475 1218 504 ὅτι
1233 475 1277 504 καὶ
1293 475 1348 513 βίον
1361 475 1435 514 ὀρθὸν
1451 475 1521 513 ἔχειν
1533 475 1570 502 δεῖ
1584 473 1628 502 καὶ
1640 473 1767 511 δόγματα.
1782 474 1836 501 Κα-

1072 522 1122 553 λῶς
1135 521 1161 550 δὲ
1174 521 1319 560 προσέθηκε
1338 521 1383 554 τὸ,
1404 522 1492 549 Ποιῶν
1514 521 1539 548 ἐν
1562 521 1623 557 ὑμῖν
1644 519 1674 548 τὸ
1699 518 1836 558 εὐάρεστον

1072 565 1182 595 ἐνώπιον
1197 567 1284 595 αὐτοῦ.
1296 565 1426 595 Ἐνώπιον
1442 566 1534 600 αὐτοῦ,
1549 564 1627 604 φησίν
1637 576 1643 582 ·
1664 564 1730 600 αὕτη
1753 563 1805 603 γὰρ
1818 566 1835 598 ἡ

1075 612 1185 651 μεγίστη
1207 612 1287 652 ἀρετὴ
1297 634 1304 647 ,
1319 617 1402 642 ποιεῖν
1418 611 1527 640 ἐνώπιον
1541 615 1587 640 τοῦ
1600 613 1669 640 Θεοῦ
1692 611 1721 640 τὸ
1746 610 1838 649 εὐάρε-

1073 670 1133 688 στον
1143 670 1149 676 ·
1163 658 1231 687 καθὰ
1245 658 1289 687 καὶ
1302 660 1315 687 ὁ
1329 657 1465 697 προφήτης
1475 658 1544 696 λέγει
1556 668 1562 674 ”
1584 655 1638 685 Καὶ
1652 655 1720 684 κατὰ
1727 655 1775 691 τὴν
1787 667 1839 684 κα-

1073 704 1215 743 θαριότητα
1235 706 1287 733 τῶν
1305 706 1401 743 χειρῶν
1427 716 1475 741 μου
1495 702 1605 732 ἐνώπιον
1626 704 1678 730 τῶν
1697 701 1838 740 ὀφθαλμῶν

1073 751 1159 779 αὑτοῦ.
1170 752 1294 779 Τοσαῦτα
1308 751 1335 779 δὲ
1349 750 1452 788 γράψας
1461 772 1468 785 ,
1482 750 1557 788 ὀλίγα
1568 748 1634 777 αὐτὰ
1647 748 1740 787 ἔφησεν
1755 741 1821 775 εἶναι
1831 766 1838 780 ,

1073 797 1209 835 σύγκρισιν
1221 798 1302 824 ποιῶν
1316 795 1380 834 πρὸς
1395 795 1411 823 ἃ
1425 795 1518 832 ἔμελλε
1533 794 1617 832 λέγειν
1626 806 1632 812 ·
1647 793 1715 823 καθὰ
1725 791 1769 820 καὶ
1789 793 1838 820 ἆλ-

1073 844 1156 881 λαχοῧ
1168 853 1248 881 φησι,
1268 840 1363 873 Καθὼς
1383 841 1485 880 ἔγραψα
1500 843 1560 878 ὑμῖν
1577 842 1603 869 ἐν
1622 840 1715 879 ὀλίγῳ·
1736 840 1800 880 πρὸς
1824 838 1838 868 ὃ

1073 888 1182 916 δύνασθε
1205 886 1426 926 ἀναγινώσκοντες
1450 888 1542 921 νοῆσαι
1557 886 1604 921 τὴν
1620 885 1721 915 σύνεσίν
1740 897 1790 923 μου
1811 887 1836 914 ἐν

1072 935 1109 972 τῷ
1122 933 1257 972 μυστηρίῳ
1269 936 1313 962 τοῦ
1323 934 1447 971 Χριστοῦ.
1458 932 1511 961 Καὶ
1522 932 1570 971 ὅρα
1581 933 1659 960 αὐτοῦ
1672 931 1720 966 τὴν
1734 930 1836 969 σοφίαν.

1073 981 1113 1008 Οὐ
1127 980 1211 1018 λέγει,
1226 980 1380 1017 Παρακαλῶ
1395 981 1475 1016 ὑμᾶς,
1494 978 1619 1017 ἀνέχεσθε
1639 979 1684 1006 τοῦ
1701 976 1778 1015 λόγου
1790 978 1837 1010 τῆς

1073 1025 1264 1063 παραινέσεως,
1280 1024 1363 1060 ἀλλὰ,
1382 1025 1436 1053 Τοῦ
1455 1024 1532 1061 λόγου
1555 1025 1602 1058 τῆς
1626 1020 1837 1061 παρακλήσεως·

1073 1071 1208 1106 τουτέστι,
1224 1073 1271 1105 τῆς
1281 1070 1464 1108 παραμυθίας,
1477 1072 1525 1104 τῆς
1536 1070 1694 1107 προτροπῆς.
1710 1066 1796 1096 Οὖκ”
1782 1078 1837 1105 εχει

1073 1128 1128 1149 τις,
1143 1116 1220 1154 φησὶ,
1237 1116 1301 1154 πρὸς
1315 1116 1344 1144 τὸ
1365 1126 1448 1153 μηκος
1466 1116 1646 1153 ἀπαγορεῦσαι
1665 1115 1717 1142 τῶν
1730 1111 1838 1151 λεχθέν-

1073 1173 1135 1189 των.
1148 1162 1183 1190 Τι
1195 1163 1254 1196 οὖν;
1269 1173 1313 1189 και
1327 1163 1402 1189 τοῦτο
1421 1163 1453 1195 ἠν
1469 1160 1482 1189 ὂ
1494 1159 1577 1188 ἐποίει
1599 1158 1689 1191 αὐτους
1705 1157 1838 1213 ἀποστρέ-

1073 1210 1184 1245 φεσθαι;
1200 1208 1346 1244 Ουδαμως·
1363 1207 1419 1234 ἀλλ’
1432 1207 1460 1234 οὐ
1478 1205 1598 1243 βούλεται
1620 1206 1706 1235 αὐτοῖς
1725 1203 1838 1236 ἐνδείξα-

1073 1256 1133 1281 σΟαι
1143 1276 1151 1289 ,
1164 1254 1209 1281 καὶ
1221 1254 1302 1280 εἰπεῖν
1315 1252 1355 1280 ὅτι
1369 1253 1549 1289 ὁλιγοψυχεὶτε
1561 1262 1567 1268 ·
1582 1252 1634 1278 τῶν
1646 1248 1698 1289 γὰρ
1714 1248 1836 1277 τοιούτων

1073 1299 1137 1326 ἴδιον
1151 1298 1180 1326 τὸ
1193 1298 1229 1336 μὴ
1243 1297 1382 1336 ἀνέχεσθαι
1402 1297 1478 1334 λόγου
1493 1298 1604 1335 μακροῦ.
1625 1295 1773 1324 Γινώσκετε
1793 1293 1836 1322 τὸν

1074 1343 1183 1382 ἀδελφὸν
1199 1343 1327 1380 Τιμόθεον
1341 1342 1546 1380 ἀπολελυμένον,
1560 1343 1616 1380 μεθ’
1627 1337 1672 1376 οῧ,
1687 1340 1731 1369 ἐὰν
1745 1340 1836 1379 τάχιον

1073 1389 1198 1428 ἔρχηται,
1219 1389 1318 1427 ὄψομαι
1338 1389 1414 1422 ὑμᾶς.
1429 1389 1516 1416 Τοῦτο
1539 1387 1626 1416 ἱκανὸν
1638 1386 1731 1419 αὐτοὺς
1748 1389 1838 1415 πεῖσαι

1073 1437 1236 1472 καθυφεῖναι,
1250 1436 1271 1462 εἷ
1283 1433 1385 1471 ἕτοιμός
1394 1436 1486 1463 ἐστινξ
1476 1435 1557 1462 ἐλθεῖν
1574 1432 1639 1470 μετὰ
1654 1435 1699 1461 τοῦ
1711 1433 1838 1470 μαθητου.

281 1490 386 1518 ciebat?
401 1467 533 1518 iilinime:
546 1500 597 1518 non
614 1496 700 1517 tamen
720 1488 757 1516 eis
773 1487 831 1516 vult
845 1487 982 1515 ostendere
993 1493 1017 1514 et
1029 1508 1063 1528 316
1074 1480 1240 1509 Amometus
1255 1492 1312 1512 τους
1325 1479 1505 1517 ἡγουμένους
1496 1481 1579 1517 υμῶν,
1593 1478 1639 1507 καὶ
1660 1478 1760 1509 ’Νάνας
1779 1475 1838 1509 τους

280 1536 385 1571 dicem,
396 1536 496 1564 Pusillo
509 1537 572 1564 estis
586 1536 691 1563 animo:
707 1545 769 1562 nam
785 1544 877 1562 eorum
895 1533 1018 1571 quisunt
1037 1538 1057 1559 A
1074 1525 1170 1564 ἇγῑθυς-
1186 1524 1259 1563 Ορα
1283 1538 1340 1558 πως
1364 1525 1456 1557 αὖτους
1478 1525 1612 1562 ἐτίμησεν,
1635 1523 1659 1552 εἴ
1678 1535 1708 1561 γε
1731 1522 1838 1555 ἐκείνοις

281 1582 413 1620 ejusmodi
431 1589 470 1610 cst
491 1581 629 1620 [vr-opiium
646 1590 697 1608 non
716 1580 783 1608 serre
797 1580 904 1618 longam
918 1580 1018 1608 oratio-

282 1638 350 1656 neni.
372 1629 541 1667 Cognoscite
564 1628 688 1665 fratrem
716 1627 896 1654 Timotheum
915 1628 1017 1654 dimis-

282 1683 355 1708 sum,
373 1684 437 1702 cum
449 1684 515 1712 quo,
530 1675 555 1701 si
565 1673 686 1701 celerius
698 1674 820 1708 venerit,
835 1672 939 1701 videbo
954 1682 1017 1700 vos.

1073 1574 1221 1602 ἐπέστειλεν
1238 1574 1293 1602 ἀντ’
1313 1573 1427 1602 ἐκείνων.
1442 1572 1637 1606 Ἀσπάζονταιε
1628 1576 1695 1610 υμᾶς
1708 1573 1733 1600 οἱ
1749 1572 1778 1599 ἐκ
1792 1572 1839 1604 τῆς

1072 1623 1197 1656 Ἰταλίας.
1213 1622 1247 1651 Ἡ
1262 1622 1340 1662 χάρις
1355 1622 1421 1659 μετὰ
1435 1622 1539 1651 πάντων
1552 1623 1634 1659 ὓμῶν.
1646 1620 1737 1658 Ἀμήν.
1751 1619 1838 1658 ’Όπερ

1071 1667 1103 1706 ἦν
1119 1671 1203 1699 κοινὸν
1220 1671 1354 1705 ἁπάντων,
1364 1673 1440 1699 τοῦτο
1456 1669 1561 1709 ὕστερον
1578 1665 1659 1698 εἶπεν.
1672 1668 1706 1697 Ἡ
1719 1668 1797 1708 χάρις
1810 1667 1837 1696 δὲ

696 1773 872 1801 MUTIANO
894 1772 1150 1802 SCHOLASTICO
1172 1773 1423 1802 INTERPRETE.

282 1862 424 1892 dimissum
443 1862 510 1891 dicit
530 1862 564 1890 ab
583 1862 709 1891 Athenis:
725 1872 787 1890 nam
803 1869 829 1891 et
842 1863 870 1891 in
884 1863 1065 1902 apostolorum
1087 1864 1199 1892 Actibus
1220 1864 1257 1892 sic
1271 1864 1392 1893 habetur.
1405 1865 1548 1902 Salutate,
1561 1864 1659 1903 inquit,
1673 1865 1842 1903 praepositos

281 1917 407 1947 vestros,
422 1917 449 1938 et
462 1920 560 1938 omnes
573 1916 690 1938 sanctos
702 1921 710 1936 .-
723 1910 857 1939 salutant
868 1921 920 1939 vos
935 1921 1034 1940 omnes
1051 1922 1087 1939 ex
1100 1912 1200 1940 Italia.
1215 1912 1322 1941 Gratia
1335 1922 1401 1940 cum
1416 1913 1548 1941 omnibus
1562 1913 1656 1941 vobis.
1667 1911 1776 1940 Amen.
1795 1911 1840 1939 In-

282 1957 364 1986 tueris
374 1957 489 1996 qualiter
500 1956 615 1986 ostendit
630 1957 777 1996 ingenerari
791 1968 868 1996 posse
879 1958 1016 1993 virtutem,
1042 1969 1125 1996 neque
1138 1970 1172 1988 ex
1184 1960 1240 1988 Deo
1255 1959 1323 1988 dicit
1334 1959 1440 1988 totum?
1450 1970 1534 1998 neque
1544 1970 1577 1988 ex
1591 1959 1667 1988 nobis
1677 1969 1734 1987 eam
1746 1956 1841 1998 perfici

283 2011 395 2033 tantum.
408 2004 529 2033 Primum
543 2004 666 2040 dicendo,
682 2006 720 2033 Ut
729 2005 864 2044 perficiat
877 2015 931 2034 vos
945 2008 977 2034 in
990 2009 1070 2035 omni
1082 2017 1166 2046 opere
1180 2008 1263 2042 bono,
1280 2007 1331 2036 hoc
1346 2007 1479 2047 significat
1490 2019 1496 2035 ε
1508 2007 1618 2037 Habetis
1630 2006 1740 2046 quidem
1753 2005 1841 2035 virtu-

283 2059 348 2089 tem,
360 2052 486 2090 indigetis
499 2059 587 2080 autem
599 2052 801 2091 complemento.
812 2052 885 2087 Quid
896 2060 983 2081 autem
995 2060 1033 2082 est
1044 2053 1117 2092 quod
1127 2053 1210 2090 dicit,
1220 2056 1258 2082 In
1273 2057 1353 2083 omni
1362 2065 1446 2094 opere
1461 2057 1545 2089 bono,
1561 2061 1589 2083 et
1602 2064 1732 2083 sermone
1744 2055 1817 2082 bono
1827 2056 1841 2080 ?

285 2100 322 2127 Ut
334 2099 416 2128 vitam
427 2099 528 2128 scilicet
545 2107 643 2128 rectam
654 2099 782 2128 haherent
797 2107 822 2129 et
838 2100 973 2139 dogmata.
985 2101 1140 2130 Secundum
1151 2102 1316 2130 voluntatem
1330 2103 1395 2141 ejus,
1410 2102 1507 2140 inquit,
1511 2103 1632 2142 faciens
1647 2103 1679 2130 in
1694 2102 1778 2129 vohis
1789 2101 1840 2128 be-

286 2147 462 2185 neplacitum
476 2149 507 2175 in
522 2153 675 2186 conspectu
687 2149 759 2187 ejus.
776 2147 839 2176 Haec
854 2148 954 2188 quippe
967 2149 1085 2177 maxime
1100 2149 1188 2177 virtus
1205 2156 1244 2178 est
1262 2150 1347 2178 facere
1364 2149 1559 2189 beneplacitum
1572 2149 1599 2178 in
1612 2155 1753 2188 conspectu
1768 2147 1838 2184 Dei;

285 2193 430 2222 secundum
444 2194 517 2232 quod
530 2194 610 2222 etiam
623 2194 752 2234 propheta
767 2195 986 2233 loquiturdicens
1001 2207 1006 2223 :
1018 2197 1058 2225 Et
1073 2197 1230 2225 secundum
1244 2198 1430 2231 munditiam,
1440 2196 1543 2234 inquit,
1556 2205 1694 2224 manuum
1710 2204 1841 2223 mearum

285 2242 318 2268 in
341 2247 492 2279 conspectu
514 2241 663 2269 oculorum
677 2243 749 2280 ejus.
772 2243 859 2271 Tanta
874 2249 962 2270 tamen
981 2242 1099 2271 scribens
1116 2243 1252 2282 apostolus
1266 2254 1350 2283 parva
1365 2243 1411 2272 illa
1426 2254 1481 2272 esse
1499 2242 1589 2277 dixit,
1603 2242 1631 2270 in
1645 2241 1841 2281 comparatione

286 2287 385 2315 scilicet
397 2298 488 2316 eorum
497 2298 556 2326 quae
570 2287 692 2316 dicturus
707 2295 781 2316 crzat
793 2289 939 2317 secundum
953 2289 1027 2328 quod
1040 2296 1065 2318 et
1079 2290 1144 2318 alibi
1158 2290 1247 2319 dixit:
1261 2291 1340 2319 Sicut
1354 2292 1458 2329 scripsi
1468 2291 1574 2318 vobis
1563 2300 1594 2317 m
1608 2289 1730 2323 modico,
1741 2297 1841 2317 secun-

287 2333 356 2360 dum
373 2334 451 2371 quod
459 2335 579 2371 potestis
592 2334 716 2372 legentes
729 2335 891 2374 intelligere
900 2336 1087 2374 prudentiam
1102 2347 1196 2365 meam
1214 2339 1246 2365 in
1263 2339 1403 2374 mysterio
1417 2338 1535 2365 Christi.
1550 2336 1586 2365 Et
1607 2334 1668 2364 vide
1683 2333 1841 2373 sapientiam

289 2380 363 2417 ejus·
380 2390 431 2408 non
446 2380 532 2417 dixit,
553 2381 670 2410 Obsccio
684 2392 732 2409 vos
753 2383 883 2411 sustinere
904 2384 1016 2412 verbum
1030 2384 1233 2422 admonitionis;
1245 2384 1307 2418 sed,
1318 2385 1461 2414 Sustinete
1480 2385 1602 2412 verbum
1618 2382 1840 2413 consolationis,

290 2424 339 2453 hoc
351 2432 388 2454 est
402 2427 514 2455 verbum
527 2428 623 2463 solatii,
636 2428 750 2456 verbum
761 2428 928 2457 hortationis,
941 2431 999 2459 Non
1014 2438 1098 2469 potest
1112 2432 1265 2470 quisquam,
1278 2431 1373 2470 inquit,
1384 2430 1580 2470 longitudinem
1595 2429 1723 2458 sermonis
1736 2428 1839 2457 abnue-

290 2481 328 2521 re,
339 2472 391 2522 nisi
405 2473 430 2501 in
440 2474 576 2512 patientia.
587 2475 644 2503 Hoc
658 2475 756 2515 quippe
769 2483 824 2505 crat
835 2477 908 2514 quod
922 2487 965 2505 eos
979 2479 1094 2507 aversari
1109 2479 1231 2508 faciebat.
1242 2480 1302 2508 Non
1315 2479 1375 2508 vult
1389 2479 1439 2508 hoc
1448 2477 1592 2513 ostendere,
1603 2476 1650 2505 sed
1664 2476 1776 2504 latenter
1788 2475 1840 2504 hoc

291 2517 357 2571 dicit
370 2529 375 2544 ε
388 2525 522 2557 tamquam
537 2521 557 2548 si
569 2521 680 2555 diceret,
696 2522 755 2550 Etsi
770 2522 954 2561 pusillanimes
965 2524 1028 2553 estis
1039 2536 1045 2552 :
1058 2525 1154 2554 talium
1176 2525 1248 2554 enim
1266 2535 1318 2554 non
1342 2532 1380 2553 est
1400 2525 1468 2553 serre
1485 2522 1611 2553 sermonis
1632 2521 1837 2560 longitudinem.

293 2566 469 2604 eognoscite,
482 2566 714 2607 inqiiitflsratr'em
728 2571 907 2600 Timotheum
921 2572 1070 2601 dimissum
1085 2583 1154 2609 esse,
1171 2583 1236 2602 cum
1249 2583 1305 2612 quo
1315 2595 1323 2610 7
1338 2575 1363 2602 si
1375 2573 1506 2601 celeriter
1523 2571 1646 2609 venerit,
1657 2570 1762 2599 videbo
1775 2579 1836 2598 vos.
