1886 2846
130 369 197 390 Helm.
216 371 250 394 13.

132 402 166 422 ¹3.

125 733 184 754 lhirt⁴
196 733 217 755 5.
228 738 263 755 iz.

124 763 232 785 e13.12.

123 798 143 813 et
155 795 177 816 6.
198 801 232 816 ¹2·

112 1645 178 1667 flam.
185 1646 205 1667 5.
215 1652 252 1667 20.

287 199 308 233 <3
622 214 649 237 s.
683 215 823 239 Jomms
849 217 1029 240 cnm'sosr.

281 275 395 305 adstruit
406 299 414 313 ,
425 276 555 316 docetque
566 279 662 307 nostris
674 279 753 308 rebus
765 281 959 309 venerationem
971 280 1016 309 dc-

279 321 352 358 beri,
373 332 422 351 non
438 323 557 352 Judaicis
573 336 579 351 :
596 324 685 353 adhuc
698 326 768 354 cniiu
787 326 916 365 templum
931 326 1017 354 stabat

280 377 341 395 cum
356 368 411 397 suis
430 369 569 398 sacrificiis
591 381 597 397 :
619 376 781 409 quapropter
795 371 861 400 dicit
881 383 887 398 :
913 373 1015 399 Exea—

280 423 344 442 mus
354 415 443 452 igitur
456 421 539 443 ειη-α
555 422 653 444 castra
661 438 670 453 ,
687 419 870 455 opprobrium
880 419 941 455 ejus
949 427 1015 454 por-

277 462 380 485 tantes.
390 457 446 486 Hoc
452 457 530 487 etiam
538 459 561 487 ei
572 458 778 488 adversabatur:
790 460 934 488 verisimile
945 459 1013 486 enim

277 509 333 530 crat
349 503 480 540 quosdam
494 503 582 532 dicere
595 516 601 531 z
615 505 645 533 Si
662 504 717 533 haec
730 505 826 533 umbra
842 512 942 532 tantum
953 510 1013 531 suut

276 554 302 575 et
316 547 415 586 imago,
431 549 476 586 qui
489 549 520 577 fit
534 556 562 577 ut
573 560 623 577 non
637 550 811 588 praeterierint
834 559 917 586 neque
931 558 1014 576 cesse-

275 592 329 620 rint
343 593 400 631 jam
415 601 514 622 exortae
532 594 587 622 luci
609 595 736 629 veritatis,
754 594 799 622 sed
817 594 842 621 in
858 603 906 621 suo
921 592 1012 630 vigore

275 646 442 676 perseverent
461 639 474 667 Ρ
496 639 530 667 Et
549 639 599 668 hoc
614 650 719 677 quoque
738 639 834 667 sensim
854 644 1012 666 eventurum
1029 646 1048 669 Ε

276 693 324 712 suo
345 691 462 723 tempore
483 685 644 713 subindicat.
667 684 746 720 Quod
770 691 857 712 autem
875 683 903 711 in
922 683 975 712 fide
988 691 1012 712 et

276 728 470 756 afflictionibus
483 729 561 766 longo
574 736 689 767 tempore
706 733 884 763 versarentur,
895 727 1012 756 declarat

275 773 389 803 dicens:
411 775 483 803 Cum
505 775 634 802 debeatis
659 784 712 811 pro
735 775 869 811 temporis
897 775 1012 802 ratione

274 820 404 848 doctores
415 829 474 847 esse
479 831 490 852 ;
502 826 535 852 et,
544 819 619 857 JVes
615 824 676 845 orte
682 820 719 846 sit
730 820 761 845 in
770 818 870 856 aliquo
881 825 1011 847 vestrum

273 875 323 893 cor
337 865 446 892 malum
461 864 666 903 infidelitati55
687 870 722 899 et,
748 864 914 892 Imitatores
927 864 1011 901 sacti

271 912 338 938 estis
358 920 464 945 eorum,
482 911 532 947 qui
544 919 596 946 per
607 908 702 946 fidem
718 918 754 936 ac
768 910 944 946 patientiam
958 910 1008 937 lze-

271 956 422 984 reditatem
439 956 663 992 promissionum
677 957 847 993 consequuti
869 962 945 984 sunt.

301 1050 310 1061 e
331 1042 366 1076 [B
379 1063 386 1072 ,
399 1042 491 1066 Veron.
512 1048 536 1067 et
549 1050 627 1075 marg.
641 1042 718 1067 Savil.
732 1046 770 1068 τὸν
782 1046 923 1072 ἐνοστηκότκ.
937 1049 973 1070 καὶ
986 1047 1019 1071 ''oei

268 1092 292 1107 π.
306 1093 356 1115 χρ,
369 1080 427 1105 fort.
446 1081 545 1106 rectius.
563 1081 626 1105 Cum
644 1080 723 1106 altero
735 1080 801 1106 enim
814 1090 865 1106 non
876 1091 944 1115 aeque
957 1083 1019 1108 bene

534 1266 689 1295 HOMILIA
708 1267 731 1295 I.

266 1360 331 1388 CAP.
357 1360 380 1388 1.
410 1369 427 1387 v
449 1361 475 1387 1.
498 1359 702 1398 stIultisariam
726 1359 884 1398 multisque
909 1360 1001 1388 modis
1021 1364 1040 1386 Λ

303 1405 372 1432 olim
396 1405 476 1433 Deus
500 1404 620 1443 loquens
640 1406 771 1442 patribus
793 1406 824 1432 in
840 1405 998 1443 prophetis,

303 1452 457 1479 novissime
470 1450 570 1478 diebus
586 1451 649 1478 istis
665 1451 800 1488 loquutus
814 1457 856 1478 est
871 1452 953 1479 nobis
968 1453 1000 1478 in

303 1496 382 1524 Filio
396 1507 404 1522 :
421 1498 449 1524 9.
467 1505 551 1534 quem
565 1498 715 1524 constituit
733 1496 867 1524 heredem
879 1498 997 1525 univer-

302 1551 408 1576 sorum,
420 1552 473 1580 per
487 1542 655 1581 quemfecit
667 1547 694 1570 et
709 1541 828 1570 saecula.

303 1635 329 1662 1.
342 1634 444 1663 Revera
457 1634 504 1663 ubi
513 1633 660 1663 abundavit
672 1640 820 1673 peccatum,
832 1633 997 1673 superabun-

262 1678 338 1708 davit
350 1687 375 1708 et
390 1680 484 1718 gratia.
500 1680 558 1708 Hoc
581 1680 665 1719 igitur
676 1680 721 1708 hic
735 1690 842 1718 quoque
864 1680 891 1708 in
906 1690 997 1719 prooe-

262 1725 315 1754 mio
339 1725 489 1754 subindicat
508 1725 601 1754 heatus
622 1725 731 1761 Paulus,
745 1725 863 1754 scribens
883 1726 916 1754 ad
941 1725 998 1754 He-

262 1771 355 1800 braeos.
370 1773 438 1801 Nam
452 1773 578 1810 quoniam
600 1780 656 1801 erat
670 1773 818 1802 verisimile
839 1772 911 1812 ipsos
924 1772 998 1802 affli-

262 1824 317 1846 ctos
339 1824 364 1846 et
376 1828 390 1846 a
405 1817 483 1846 malis
495 1824 616 1855 vexatos,
630 1826 655 1846 ct
668 1828 708 1846 res
730 1830 764 1846 ex
777 1819 821 1848 his
832 1819 996 1858 judicantes,

261 1863 413 1892 existimare
428 1863 527 1902 seipsos
547 1863 670 1892 omnibus
687 1863 747 1892 aliis
761 1863 888 1901 minores,
905 1870 995 1892 osten-

260 1907 302 1937 dit
323 1908 373 1936 hac
396 1908 498 1937 ratione
520 1919 563 1937 eos
588 1908 676 1947 potius
697 1909 827 1947 majorem
839 1916 996 1947 assequutos

259 1964 315 1982 esse
326 1954 438 1993 gratiam
450 1961 475 1982 et
489 1953 568 1982 valde
578 1961 791 1992 exsuperantem,
806 1965 840 1983 cx
851 1954 910 1994 ipso
921 1965 996 1983 exor-

260 2000 306 2029 dio
320 2000 445 2030 orationis
467 2001 585 2029 excitans
608 1994 768 2030 auditorem.¹
786 2002 929 2041 Propterea
952 2001 996 2029 di-

260 2045 296 2074 cit
313 2058 320 2073 :
337 2047 538 2086 Multisariam
552 2046 705 2084 multisque
719 2047 811 2076 modis
832 2047 903 2075 olim
915 2047 995 2075 Deus

1059 216 1201 240 ARCfflEP
1208 232 1215 239 .
1243 216 1513 239 CONSTAN'HNOP.

1073 281 1178 315 στήκει,
1192 280 1236 308 καὶ
1258 279 1290 307 τὰ
1310 291 1361 307 των
1385 281 1491 308 θυσιῶν
1515 279 1554 308 διὸ
1575 281 1619 308 καὶ
1641 280 1730 319 ἔλεγε,
1745 281 1840 310 Τοίνυν

1071 327 1095 353 ἐ
1086 324 1275 364 ζερχωμεθα”’
1250 336 1308 359 εςω,
1319 325 1362 353 τὸν
1376 325 1522 363 ὀνειδισμὸν
1538 327 1615 354 αὐτοῦ
1629 326 1758 365 φέροντες.
1773 328 1838 356 Ἢν-

1072 374 1189 398 αντιοῦτο
1204 370 1230 398 δὲ
1246 372 1316 409 αὐτῳ
1329 382 1374 399 και
1387 374 1477 400 τοῦτο·
1493 372 1561 405 εἷκὸς
1574 372 1624 411 γὰρ
1645 375 1676 407 ἠν
1698 374 1781 402 εἰπεῖν
1795 385 1839 402 τι-

1071 427 1130 451 νας,
1152 414 1192 444 ὁ’τι
1217 417 1239 444 εἰ
1260 418 1344 444 ταῦτα
1366 416 1442 453 σκιὰ,
1462 419 1485 445 εἰ
1510 421 1593 446 ταῦτα
1619 417 1706 453 εἰκὼν,
1730 420 1786 451 πῶς
1809 420 1838 447 οὗ

1070 460 1269 499 παρεχώρησεν,
1280 461 1337 489 οὐδὲ
1349 461 1477 498 ὑπεξέστη
1493 464 1541 497 τῆς
1561 464 1685 498 ἀληθείας
1698 463 1837 503 φανείσης,

1069 507 1127 533 ἀλλ’
1143 505 1181 534 ἔτι
1197 509 1281 535 ταῦτα
1300 509 1385 543 ἀνθεῖ,
1400 508 1454 536 Και
1475 512 1551 538 τοῦτο
1572 508 1599 537 δὲ
1621 509 1710 548 ἠρέμα
1731 509 1837 548 ᾐνίξατο

1067 550 1189 588 ἐσόμενον
1209 564 1253 580 και
1268 552 1331 581 αὐτὸ
1346 554 1381 585 εἷς
1396 553 1486 591 καιρὸν
1503 554 1564 583 ετὸν
1579 556 1755 594 προσήκοντα.
1770 555 1834 584 ’Ότι

1067 596 1094 624 οὲ
1106 596 1186 626 πολυν
1198 598 1291 636 χρόνον
1307 600 1375 636 εἰχον
1390 601 1416 627 ἐν
1428 611 1461 637 τη
1476 599 1563 628 πίστει
1575 601 1620 629 καὶ
1633 606 1691 633 ταῖς
1705 600 1834 640 θλίψεσιν,

1067 643 1184 678 ἔστ’λωσε
1206 643 1305 682 λέγων·

1067 687 1110 716 διὰ
1133 688 1176 717 τὸν
1197 690 1305 728 χρόνον·
1326 690 1384 726 καὶ,
1408 690 1520 725 Μήποτε
1544 690 1617 720 ἔσται
1638 691 1664 719 ἔν
1686 703 1738 720 τινι
1758 693 1832 728 ὑμῶν

1066 734 1160 772 καρδία
1179 734 1281 774 πονηρὰ
1303 735 1440 768 ἀπιστίας·
1461 736 1520 772 καὶ,
1544 736 1669 775 Μιμηταὶ
1691 737 1829 776 ἐγενήθητε

1066 782 1118 808 τῶν
1142 781 1185 809 διὰ
1211 780 1392 819 μακροθυμίας
1420 783 1651 821 κληρονομούντων
1675 782 1722 816 τὰς
1749 784 1831 821 ἔπαγ-

1328 644 1494 682 Οφείλοντες
1517 645 1568 684 γὰρ
1592 649 1656 674 εἰναι
1680 647 1833 676 διδάσκαλοι

1064 825 1161 862 γελίας.

1070 1050 1187 1074 convenit
1197 1051 1294 1084 ἠρέμα.]

1343 1267 1476 1296 ΟΜΙᾹΙΑ
1498 1267 1532 1295 α’.

1058 1359 1220 1398 Πολυμερῶς
1235 1358 1280 1387 καὶ
1298 1359 1470 1397 πολυτρόπως
1490 1359 1574 1388 πάλαι
1588 1361 1602 1387 ὃ
1625 1359 1692 1391 Θεὸς
1706 1359 1822 1395 λαλήσας

1096 1409 1149 1437 τοῖς
1173 1404 1302 1444 πατράσιν
1327 1406 1353 1433 ἐν
1375 1409 1427 1436 τοῖς
1449 1404 1611 1443 προφήταις,
1624 1405 1689 1433 *ἐπ’
1703 1405 1822 1444 ἐσχάτων

1095 1453 1145 1479 τῶν
1169 1453 1221 1488 ἦμε
1211 1453 1274 1489 ρῶν
1296 1450 1393 1479 τούτων
1417 1449 1543 1485 ελαίλησεν
1563 1453 1626 1488 ἡμῖν
1648 1452 1674 1479 ἐν
1695 1451 1772 1489 Υιῷ·
1793 1451 1820 1480 ὃν

1093 1496 1169 1531 ἔθηκε
1184 1496 1346 1535 κληρονόμον
1357 1497 1479 1531 πάντων,
1495 1497 1527 1525 δι’
1543 1498 1572 1525 οὗ
1587 1507 1632 1524 και
1644 1508 1703 1529 τους
1724 1498 1820 1530 αἰῶνας

1093 1542 1225 1577 εποίησεν.

1093 1634 1198 1667 Ὄντως
1213 1634 1277 1663 ὅπου
1293 1634 1449 1663 ἐπλεόνασεν
1464 1636 1480 1669 ἡ
1501 1633 1629 1673 ἁμαρτία,
1647 1633 1819 1674 ὑπερεπερίσ-

1054 1693 1144 1711 σευσεν
1159 1683 1175 1715 ἡ
1190 1680 1275 1720 χάρις.
1289 1681 1375 1709 Τοῦτο
1386 1692 1446 1734 γουν
1458 1692 1502 1708 και
1517 1682 1651 1709 ἐνταῦθα’
1639 1692 1666 1709 εν
1680 1682 1718 1708 τῶ
1732 1691 1819 1719 προοι-

1055 1727 1107 1767 μίυ
1130 1726 1271 1755 αἰνιττεται
1291 1728 1305 1754 ὃ
1326 1725 1453 1764 μακάριος
1473 1726 1579 1758 Παυλος
1599 1726 1664 1765 πρὸς
1678 1710 1819 1764 Ἱέὸραίους

1052 1773 1222 1802 ἐπιστέλλων.
1239 1770 1349 1806 Επειδὴ
1374 1770 1425 1810 γὰρ
1441 1771 1507 1803 εἰκὸς
1529 1774 1560 1806 ἠν
1582 1770 1675 1804 αὐτους
1694 1783 1722 1799 τε
1723 1772 1820 1800 ταλαι-

1051 1818 1222 1858 πωρημένους
1237 1818 1282 1846 καὶ
1296 1817 1508 1856 τετρυχωμένους
1520 1816 1571 1845 ὑπο
1588 1828 1641 1845 των
1656 1819 1760 1853 κακῶν,
1773 1817 1818 1846 καὶ

1052 1864 1104 1892 ἀπὸ
1115 1862 1213 1891 τούτων
1225 1863 1258 1891 τὰ
1272 1863 1418 1901 πράγματα
1438 1862 1588 1900 κρίνοντας,
1599 1862 1745 1900 λογίζεσθαι
1757 1864 1819 1891 ἑαυ-

1051 1908 1110 1941 τοὺς
1129 1909 1254 1940 ἐλάττους
1274 1907 1379 1935 πάντων
1398 1907 1450 1935 τῶν
1472 1907 1573 1943 ἄλλων,
1596 1907 1711 1936 δείκνυσι
1732 1907 1816 1946 ταύτῃ

1051 1955 1149 1992 μᾶλλον
1170 1953 1285 1992 μείζονος
1304 1952 1515 1986 ἀπολελαυκότας
1533 1953 1640 1992 χάριτος
1654 1953 1699 1981 καὶ
1717 1953 1818 1992 σφόδρα

1050 1999 1245 2039 ὑπερεχούσης,
1261 1999 1306 2027 ἀπ’
1321 2000 1398 2033 αὐτῆς
1415 2001 1460 2027 τοῦ
1473 1998 1550 2036 λόγου
1564 2000 1611 2033 τ’ἤς
1626 1998 1746 2034 εἷσὸολῆς
1765 2000 1818 2027 διε·

1051 2046 1145 2087 γείρων
1165 2046 1209 2075 τὸν
1231 2045 1372 2084 ἀκροατήν.
1389 2044 1440 2073 Διὰ
1463 2044 1540 2074 τοῦτό
1560 2056 1641 2083 φησι·
1655 2046 1817 2084 Πολυμερῶς

294 2135 306 2148 “
324 2134 404 2167 [cod.
418 2144 463 2160 ms.
476 2135 567 2168 ubique
582 2141 606 2159 et
625 2135 666 2159 lzic
678 2140 700 2159 et
714 2137 740 2159 in
752 2137 910 2169 sequentibus
922 2141 1068 2161 constanter
1075 2138 1111 2163 ἐπ’
1120 2139 1227 2169 ἐσχάτου.
1243 2134 1327 2159 Hales·
1343 2134 1385 2159 Sic
1397 2135 1436 2165 B-]

678 2226 853 2255 MUTIANO
874 2226 1127 2257 SCHOLASTICO
1149 2224 1403 2255 INTERPRETE.

300 2307 468 2348 Multifarie
478 2312 506 2335 et
521 2305 619 2334 multis
634 2305 726 2334 modis
742 2305 811 2333 olim
827 2306 906 2334 Deus
919 2307 1054 2345 loquutus
1067 2311 1108 2334 est
1121 2305 1254 2344 patribus
1269 2303 1374 2332 nostris
1387 2305 1418 2331 in
1430 2303 1576 2342 prophetis
1589 2314 1597 2330 .·
1609 2305 1641 2331 in
1655 2305 1817 2334 novissimis

260 2362 357 2384 autem
371 2355 470 2382 diebus
494 2353 629 2392 loquutus
651 2358 693 2381 est
714 2353 797 2380 nobis
817 2354 849 2380 in
865 2353 943 2380 Filio
969 2363 1019 2381 suo
1039 2365 1046 2380 .-

259 2405 347 2431 etiam
363 2401 471 2430 soecula
483 2400 570 2440 fecit.
588 2400 658 2428 Vere
672 2399 717 2427 ubi
739 2398 888 2427 abundavit
901 2399 1041 2436 delictum7

1064 2363 1148 2391 quem
1172 2353 1322 2380 constituit
1347 2351 1479 2378 heredem
1504 2352 1644 2387 omnium,
1664 2361 1816 2389 perquem

1057 2397 1286 2439 superabundavit
1298 2404 1323 2426 et
1338 2397 1435 2436 gratia.
1454 2397 1512 2426 Hoc
1534 2397 1614 2426 etiam
1636 2397 1681 2425 hic
1704 2397 1732 2425 in
1755 2398 1814 2436 ipso

258 2448 369 2478 exordio
382 2448 501 2477 scribens
513 2447 547 2476 ad
564 2446 688 2475 Hebraeos
700 2446 793 2475 beatus
809 2446 909 2475 Paulus
923 2446 1050 2475 insinuat.
1068 2446 1204 2483 Quoniam
1223 2445 1294 2474 enim
1308 2444 1388 2473 valde
1404 2444 1498 2474 afflicti
1520 2451 1595 2473 erant
1619 2443 1711 2472 multis
1734 2444 1813 2473 malis

258 2507 318 2535 quae
332 2495 386 2524 ilh's
399 2494 560 2529 acciderant,
580 2501 606 2523 et
620 2493 698 2522 valde
711 2493 827 2530 contriti,
840 2500 870 2522 ut
884 2501 990 2533 possent
1002 2505 1035 2522 cx
1056 2493 1105 2522 hoe
1120 2501 1214 2533 putare
1225 2504 1252 2522 se
1266 2492 1401 2521 inferiores
1418 2492 1518 2521 caeteris
1531 2502 1561 2519 ac
1577 2490 1725 2519 miseriores
1739 2491 1813 2520 exsi-

258 2548 325 2570 stere
337 2552 343 2568 τ
359 2540 474 2569 ostendit
486 2540 524 2569 eis
535 2551 582 2579 per
595 2539 645 2568 hoe
657 2550 699 2568 eos
714 2540 798 2579 magis
811 2540 912 2579 majore
926 2540 1010 2578 gratia
1025 2540 1136 2578 perfrui,
1150 2546 1179 2568 ut
1199 2550 1233 2568 ex
1246 2539 1304 2578 ipso
1319 2538 1448 2567 sermonis
1458 2537 1534 2566 initio
1544 2537 1655 2575 erigeret
1665 2536 1808 2566 auditores.

259 2589 400 2626 Propterea
415 2597 479 2625 ergo
494 2586 559 2616 dicit
573 2599 578 2614 ε
595 2587 762 2627 ΛῙιιΖιξῘανίε
774 2594 801 2617 et
812 2587 910 2617 multis
921 2588 1013 2617 modis
1025 2587 1094 2615 olim
1107 2588 1185 2617 Deus
1198 2588 1333 2625 loquutus
1343 2593 1384 2615 est
1392 2586 1525 2625 patribus
1538 2586 1641 2613 nostris
1651 2586 1680 2611 in
1687 2584 1809 2622 propbe—
