1886 2846
431 153 461 175 tx
492 153 596 176 lil'ls'l'.
629 153 672 176 At)
700 153 867 176 ΙΙΕΒῖΗίΟὸ.

76 226 126 247 τως
140 215 224 243 ἐκεῖνο
245 216 324 253 ἐρεῖς,
339 214 369 243 τὸ
391 217 477 246 σκιαῖς
499 214 543 242 καὶ
568 215 713 253 σουδαρίοις
742 213 847 253 νεκροὺς

74 263 191 300 ἀνιστξὶν,

113 359 159 388 Ἂν
174 355 218 387 οὖν
234 370 275 388 σοι
299 359 373 392 δείξω
383 381 390 394 ,
405 358 445 388 ὅτι
459 360 549 397 πολλῷ
564 359 655 387 τούτου
673 359 759 396 μεῖζόν
777 360 847 388 ἐστιν

73 405 160 445 ἕτερον
177 404 315 443 χάρισμα,
328 404 373 433 καὶ
397 404 451 437 ἐξόν
468 416 508 433 σοι
524 404 624 439 λαὸεἱν,
642 406 670 434 οὖ
689 404 845 442 λαμὸάνιιη,

73 450 180 483 δικαίως
205 450 249 479 καὶ
271 450 369 479 τούτων
390 450 588 490 ἀπεστέρησαι,
612 450 636 478 τί
664 451 747 490 ἐρεῑς;
772 449 847 485 Πλὴν

72 499 148 526 τοῦτο
163 497 192 525 τὸ
205 497 326 536 χάρισμα
341 498 391 535 οὐχ
407 496 459 533 ἑνὶ,
473 496 531 525 οὐδὲ
544 496 669 535 δευτέρῳ,
686 496 755 525 ἀλλὰ
766 500 846 525 πᾶσιν

71 543 170 576 ἔξεστιν
180 543 259 582 ἔχειν.
274 538 343 571 Οἶδα
362 542 401 571 ὅτι
420 542 549 581 κεχήνατε
565 542 610 570 καὶ
626 541 800 580 ἐξεπλάγητε,
825 542 848 571 εἴ
866 546 884 568 1)

72 600 101 626 γε
117 587 238 626 μέλλοιτε
253 588 426 623 ἀκούσεσθαι,
443 587 484 616 ὅτι
498 587 595 621 ἔξεστιν
615 590 676 625 ὑμῖν
693 589 780 625 μεῖζον
792 588 847 626 χά-

73 645 154 672 ρισμα
168 633 238 673 ἔχειν
254 636 297 662 τοῦ
314 633 419 673 νεκροὺς
434 635 551 672 ἀνιστᾷν,
573 633 617 661 καὶ
633 632 743 670 τυφλοὺς
755 635 845 671 ὀμμα-

72 683 142 716 roffi,
153 680 198 708 καὶ
208 681 294 709 ἐκεῖνα
309 685 392 708 ποιεῖν
406 680 422 707 ἃ
434 679 478 707 καὶ
491 679 535 707 ἐπὶ
550 681 602 708 τῶν
614 679 769 708 ἀποστόλων
782 691 787 697 ·
802 679 847 708 καὶ

71 726 141 765 τάχα
152 727 196 755 καὶ
212 726 322 755 ἄπιστον
338 727 400 764 ὑμῖν
415 720 572 754 εἶναιδοκεῖ.
589 725 624 754 Τί
639 720 681 753 οὖν
697 726 771 754 τοῦτό
791 727 847 757 ἐστι

71 772 101 800 τὸ
114 771 251 811 χάρισμας
274 771 308 799 ‘ll
331 771 432 809 ἀγάπη.
447 771 527 799 Ἀλλὰ
543 770 704 800 πιστεύσατε(
719 782 777 808 μοι·
800 774 847 800 οὐκ

71 817 134 855 ἐμὸς
144 818 197 858 γὰρ
211 814 284 850 οὗτος
296 820 308 846 ὁ
320 817 395 855 λόγος
405 839 412 852 ,
432 817 503 846 ἀλλὰ
518 820 562 846 τοῦ
578 818 695 857 Χριστοῦ
709 817 752 846 διὰ
774 817 847 846 Παύ-

70 863 116 893 λου
133 863 320 902 φθεγγομένου.
345 863 381 892 Τί
407 863 458 902 γάρ
473 874 552 902 φησις
568 863 686 901 Ζηλοῧτε
705 863 738 891 τὰ
765 863 846 902 χαρί-

72 921 161 947 σματα
178 910 211 939 τὰ
226 910 380 950 κρείττονα,
409 909 452 938 καὶ
473 908 511 937 ἔτι
539 911 597 938 καθ’
613 909 762 949 ὑπερὸολὴν
788 909 846 938 ὁδὸν

71 959 132 994 ὑμῖν
150 954 276 993 δείκνυμι.
301 955 338 984 Τι’
360 956 441 990 ἐστιν,
466 954 529 984 Ἔτι
548 957 606 983 καθ’
628 954 792 993 ὑπερέολῆν;
809 954 847 983 “Ὸ

70 1002 141 1041 λέγει
153 1001 268 1030 τοιοῦτόν
281 1003 352 1030 ἐστι·
369 1001 501 1039 Κορίνθιοι
517 1000 585 1038 μέγα
601 1000 723 1039 ἐφρόνουν
739 1001 782 1028 ἐπὶ
794 1003 847 1033 τοῖς
866 1012 884 1033 Α

69 1048 218 1087 χαρίσμασι
232 1046 306 1082 τότε,
331 1046 376 1075 καὶ
391 1049 414 1075 οἱ
430 1046 534 1084 ἔχοντες
554 1046 690 1084 γλώσσας,
710 1046 740 1074 τὸ
757 1045 846 1084 ἐλάχι-

69 1105 129 1123 στον
144 1093 280 1132 χάρισμα,
305 1094 457 1132 ἕφυσιοῧντο
471 1092 540 1121 κατὰ
563 1094 616 1120 τῶν
642 1093 751 1120 λοιπῶν.
768 1091 846 1130 Λέγει

68 1135 127 1174 οἶν,
141 1139 208 1172 ὅλως
219 1138 306 1168 Θέλετε
319 1138 488 1178 [apicum-:23
503 1137 554 1176 ἐγὼ
570 1137 689 1175 δείκνυμι
707 1139 768 1175 ὑμῖν
787 1136 844 1165 ὁδὸν

67 1184 252 1225 χαρισμάτων,
275 1186 324 1224 οὐχ
351 1185 442 1217 ἁπλῶς
467 1184 665 1224 ὑπερέχουσαν,
688 1183 756 1212 ἀλλὰ
786 1185 845 1212 καθ’

66 1231 224 1271 ὑπερὸολήν.
242 1226 308 1260 Εἶτά
326 1243 406 1270 φησιν
417 1252 424 1265 ,
436 1230 503 1260 Ἐὰν
513 1235 571 1263 ταῖς
586 1229 720 1268 γλώσσαις
732 1232 784 1259 τῶν
800 1231 846 1268 ἀγ-

66 1276 151 1316 γέλων
162 1278 251 1313 λαλῶ,
262 1277 368 1315 ἀγάπην
382 1277 409 1306 δὲ
425 1276 462 1314 μὴ
478 1276 532 1315 ἔχω
544 1299 551 1311 ,
562 1275 636 1305 οὐδέν
651 1277 706 1314 εἶμι
715 1286 722 1294 ·
741 1275 787 1304 καὶ
799 1275 845 1304 ἐὰν

67 1323 121 1362 ἔχω
144 1322 245 1359 πίστιν,
261 1322 329 1352 ὥστε
351 1323 399 1362 ὅρη
426 1322 600 1360 μεθιστάνειν,
619 1322 725 1360 ἀγάπην
752 1321 780 1350 δὲ
807 1321 843 1360 μὴ

67 1369 136 1408 ἔχω,
157 1368 230 1398 οὐδέν
255 1370 321 1407 εἶμι.
344 1364 421 1401 Εἶδες
441 1368 580 1407 χείρω-μμ
605 1369 710 1396 Οὐκοῦν
727 1367 843 1402 ζήλωσον

865 984 887 1001 36

1602 143 1621 162 ,-

897 153 974 176 ew.
1006 155 1040 177 ll.
1070 154 1187 178 ttoattt„
1220 155 1266 178 ΙΗ-
1600 156 1639 178 A(

901 222 926 244 ct
940 214 1056 244 sudariis
1079 216 1196 246 excitare
1215 222 1335 244 mortuos
1347 239 1355 252 ,
1376 225 1409 244 an
1430 215 1530 244 habere
1544 215 1644 245 donum

902 263 1030 292 doctrinm
1043 264 1056 292 Ξ)
1086 265 1165 293 Dices
1190 263 1299 292 omuino
1310 286 1317 300 ‚
1342 263 1446 292 umbris
1471 270 1497 292 ct
1529 263 1646 293 sudariis

902 316 1026 339 mortuos
1037 310 1166 338 excitare.

941 358 970 385 6.
987 356 1017 385 Si
1030 367 1094 395 ergo
1109 356 1158 385 tihi
1171 356 1322 392 ostendero,
1335 355 1407 395 quod
1419 356 1533 385 alterum
1544 355 1645 384 donum

902 402 999 431 esthuc
1013 402 1092 441 longe
1106 403 1203 441 majus,
1224 410 1324 431 etcum
1340 402 1388 430 tibi
1410 402 1488 431 liceat
1508 402 1644 441 accipere,

902 449 923 477 si
943 459 994 478 non
1009 448 1118 488 accipis,
1132 449 1204 488 juste
1222 459 1248 478 cs
1266 449 1304 477 eis
1316 449 1438 487 privatus
1451 461 1456 476 ε
1469 448 1536 487 quid
1551 448 1645 477 dices?

904 495 938 524 Et
950 495 1000 524 hoc
1011 495 1113 524 donum
1128 505 1180 524 non
1194 495 1276 524 uniet
1291 495 1380 532 alteri,
1395 495 1440 524 sed
1458 495 1584 524 omnibus
1599 495 1647 524 ha-

902 542 964 571 bere
980 541 1050 570 licet.
1072 541 1135 571 Scio
1155 551 1202 570 vos
1215 548 1322 581 stupere
1343 548 1368 570 ct
1388 541 1527 578 admirari,
1541 541 1561 570 si
1584 541 1647 570 estis

901 587 1020 616 audituri
1040 587 1111 626 qnod
1131 587 1209 616 liceat
1224 587 1302 616 vobis
1316 587 1415 616 habere
1437 588 1524 626 majus
1544 587 1646 616 donum

901 644 982 672 quam
997 634 1124 663 suscitare
1137 640 1266 669 mortuos,
1285 640 1311 662 et
1325 632 1413 663 visum
1432 633 1496 662 darc
1519 633 1604 667 caecis,
1622 640 1647 661 et

902 680 948 708 illa
963 681 1048 709 facere
1063 690 1122 718 quae
1141 679 1238 708 fiebant
1260 686 1379 718 tempore
1401 680 1582 719 apostolorum
1601 686 1647 708 :ct

901 726 1012 754 sortasse
1029 725 1079 754 hoc
1097 725 1205 754 videtur
1223 725 1301 754 vobis
1322 725 1491 754 incredibile.
1508 725 1590 761 Quod
1609 732 1647 753 est

902 783 964 810 ergo
985 772 1035 800 hoc.
1056 771 1179 801 donum?
1194 771 1306 800 Caritas.
1319 770 1372 801 Sed
1387 771 1455 799 mihi
1471 770 1578 805 credite,
1594 781 1646 799 non

901 825 940 846 cst
949 828 1024 846 incus
1033 828 1131 852 sermo,
1145 817 1190 845 scd
1203 817 1302 846 Christi
1315 816 1447 854 loquentis
1463 828 1509 856 per
1520 817 1647 845 Paulum.

902 863 974 898 Quid
991 864 1062 893 enini
1079 863 1166 892 dicit?
1179 864 1374 891 lEmulamini
1387 864 1567 892 charismata
1586 873 1644 891 me·
1663 878 1681 892 t.
1699 870 1751 896 Cor.
1766 877 1802 893 ιε.

903 910 989 944 liora,
1007 916 1033 938 et
1047 910 1145 938 adhuc
1159 919 1301 937 summam
1316 911 1400 937 viam
1419 910 1503 938 vobis
1518 910 1646 938 ostendo.
1659 903 1697 924 3¹·

903 954 976 988 Quid
988 961 1036 988 est,
1051 955 1161 982 Adhuc
1175 957 1342 982 smnmam?
1355 953 1434 990 Quod
1447 954 1513 983 divit
1529 961 1566 983 est
1577 955 1647 993 ejus—

903 1000 974 1028 modi
989 1012 995 1028 :
1008 999 1139 1028 Corinthii
1155 1010 1183 1028 se
1197 999 1274 1028 valde
1291 1000 1430 1038 jactabant
1450 1007 1474 1029 et
1488 1000 1541 1029 sibi
1560 1000 1649 1040 place-

901 1046 966 1074 bant
979 1052 1089 1085 proptcr
1100 1044 1270 1079 charismata,
1285 1052 1309 1073 et
1322 1045 1366 1082 qui
1382 1046 1489 1083 linguas
1501 1046 1647 1081 habebant,

902 1091 976 1130 quod
990 1098 1029 1119 est
1051 1090 1192 1119 minimum
1211 1090 1322 1125 donum,
1343 1091 1506 1120 inflabantur
1519 1091 1649 1120 adversus

901 1145 1019 1167 caetcros.
1042 1137 1115 1166 Dicit
1131 1146 1205 1175 ergo,
1230 1135 1322 1165 Vultis
1342 1137 1450 1165 omnino
1468 1138 1647 1168 charismata?

900 1195 949 1223 ego
963 1183 1073 1213 ostendo
1088 1183 1159 1212 viam
1177 1181 1380 1217 charismatum,
1392 1193 1444 1211 non
1460 1184 1545 1212 solum
1559 1185 1647 1214 excel—

899 1232 1007 1267 lentem,
1020 1229 1065 1259 sed
1076 1229 1155 1258 etiam
1169 1239 1313 1258 summam.
1328 1228 1433 1257 Deinde
1447 1229 1523 1266 dicit,
1539 1231 1568 1259 Si
1584 1232 1644 1259 Ιιίι-
1660 1237 1736 1259 1[,.ι3.
1750 1244 1801 1260 1.2.

898 1280 963 1317 gut‘s
978 1278 1084 1316 loquar
1100 1276 1282 1315 angelorum,
1302 1277 1457 1304 caritatem
1473 1283 1570 1304 autem
1589 1288 1646 1306 non

899 1325 1034 1358 habeam,
1057 1322 1134 1350 nihil
1159 1332 1223 1350 sum
1237 1333 1245 1348 :
1262 1323 1332 1349 etsi
1354 1321 1480 1350 habeam
1496 1322 1592 1362 fidem
1615 1330 1646 1351 ιιι

899 1376 1011 1399 montes
1024 1368 1214 1407 transferam,
1231 1369 1385 1396 caritatem
1401 1374 1499 1395 autem
1518 1378 1576 1396 non
1593 1369 1646 1397 ha-

900 1420 995 1453 beam,
1019 1417 1096 1445 nihil
1111 1426 1186 1445 sum.
1204 1414 1306 1445 Vidisti
1332 1414 1486 1443 charisma?
1508 1415 1647 1446 AEmulare
1657 1428 1742 1450 cmm,
1769 1435 1800 1451 e„

898 1462 950 1491 hoc
965 1461 1115 1494 charisma;
1131 1460 1182 1489 hoc
1205 1460 1292 1498 majus
1306 1466 1344 1488 est
1362 1470 1442 1497 quam
1462 1468 1581 1490 mortuos
1597 1471 1645 1490 ex·
1658 1461 1764 1482 ⁰¹¹⁴¹⁵⁵²¹¹²

1658 1492 1758 1512 munium

1658 1524 1776 1550 optimum.

67 1417 143 1444 τοῦτο
155 1415 185 1444 τὸ
201 1414 331 1454 χάρισμα.
346 1416 432 1444 Τοῦτο
442 1417 487 1442 τοῦ
498 1413 604 1454 νεκροὺς
615 1413 723 1453 ἐγείρειν
738 1414 825 1450 μεῖζον
837 1425 843 1431 ·

67 1464 142 1490 τοῦτο
164 1463 216 1490 τῶν
238 1461 325 1489 ἄλλων
343 1460 467 1489 ἁπάντων
491 1461 582 1500 πολλῷ
598 1460 710 1498 βέλτιον.
737 1459 790 1488 Καὶ
804 1458 845 1488 ὅτι

67 1510 145 1536 τοῦτο
161 1507 241 1539 οὕτως
256 1507 329 1546 ἔχει,
344 1507 457 1535 ἄκουσον
470 1506 496 1534 τί
511 1517 590 1544 φησιν
616 1508 630 1534 ὁ
658 1505 772 1544 Χριστὸς
793 1511 846 1538 τοῖς
864 1516 881 1538 Β
900 1507 990 1540 citare,
1013 1506 1064 1534 hoc
1087 1505 1148 1534 aliis
1170 1504 1297 1534 omnibus
1319 1511 1357 1533 est
1380 1504 1457 1543 longe
1476 1505 1582 1534 metius.
1612 1506 1645 1535 Et

70 1555 200 1591 μαθηταῖς
215 1553 411 1592 διαλεγόμενος·
422 1553 470 1582 Ἔν
481 1552 565 1591 τούτῳ
575 1551 722 1590 γνώσονται
734 1552 846 1589 πάντες,
899 1551 971 1590 quod
986 1550 1036 1580 hoc
1053 1549 1089 1578 ita
1102 1549 1212 1586 habeat,
1227 1549 1290 1578 audi
1304 1548 1369 1588 quid
1384 1549 1456 1578 dicat
1471 1548 1595 1579 Christus
1607 1550 1647 1578 lo-

490 1670 664 1699 MUTIANO
685 1669 937 1699 SCllOLASTlCO
959 1668 1213 1697 IN'I'ERPRETE.

69 1778 189 1807 suscitari
204 1800 210 1813 ‚
227 1788 260 1806 an
272 1776 384 1805 doccudi
397 1776 530 1805 charisma
543 1775 697 1815 possidere?
707 1775 807 1814 Utique
824 1774 893 1804 illud
907 1774 984 1813 eligis
993 1796 1002 1811 ,
1020 1780 1048 1802 ut
1060 1779 1180 1802 mortuos
1193 1779 1264 1801 tactu
1280 1772 1452 1801 sudariorum
1465 1778 1573 1801 tuorum
1584 1796 1592 1811 ,
1611 1781 1637 1801 et

70 1825 166 1855 umbra
179 1825 298 1864 corporis
314 1824 352 1853 tui
365 1823 514 1853 resuscites.

110 1873 140 1903 Si
152 1879 241 1902 autem
257 1871 306 1900 tibi
321 1878 516 1906 monstravero,
534 1870 663 1909 quoniam
678 1870 729 1898 isto
743 1869 904 1898 charismate
924 1876 962 1897 est
978 1868 1053 1897 aliud
1075 1867 1209 1897 charisma
1232 1867 1319 1896 multo
1340 1867 1474 1906 superius,
1493 1867 1565 1905 quod
1584 1867 1644 1906 tibi,

70 1920 136 1950 dum
153 1930 257 1949 sumere
268 1919 358 1956 liceat,
373 1929 425 1948 non
441 1919 561 1958 appetis:
574 1928 662 1946 nonne
673 1918 746 1957 juste
766 1917 824 1946 istis
838 1917 939 1945 coeteris
954 1915 1160 1945 charismatibus
1177 1915 1325 1943 vacuat-is?
1338 1915 1396 1943 Hoc
1410 1922 1500 1943 autem
1513 1915 1645 1944 charisma

70 1967 143 2007 quod
157 1967 229 2004 dico,
241 1977 292 1995 non
309 1967 366 2003 uni,
380 1977 431 1995 non
447 1965 535 2000 alteri,
552 1965 598 1994 scd
613 1965 716 1994 cunctis
732 1974 885 1993 concessum
902 1970 941 1992 est
956 1963 1102 2003 possidere.
1116 1962 1178 1991 Scio
1193 1961 1293 2001 quippe
1303 1961 1378 2000 quod
1389 1962 1483 1990 attenti
1496 1962 1558 1990 sacti
1570 1963 1643 2000 estis,

69 2022 95 2044 et
109 2022 218 2055 stupore
232 2013 357 2054 possessi.
370 2013 400 2043 Si
415 2024 478 2053 ergo
493 2012 646 2047 audieritis,
663 2012 726 2051 quia
741 2012 804 2040 licet
823 2010 899 2040 vobis
919 2011 1006 2049 majus
1021 2010 1154 2038 charisma
1169 2008 1305 2048 possidere
1320 2019 1400 2046 quam
1416 2016 1536 2037 mortuos
1557 2009 1644 2037 susci-

69 2068 136 2099 tare,
152 2071 233 2100 quam
249 2071 379 2089 caecorum
397 2060 489 2088 oculos
513 2059 674 2095 reformare,
687 2069 767 2097 quam
783 2058 829 2086 illa
853 2064 946 2086 αιτιοι-ει
964 2057 1061 2091 facere,
1079 2066 1138 2094 quae
1156 2055 1207 2083 sub
1223 2055 1350 2094 apostolis
1365 2055 1433 2082 sacta
1450 2062 1643 2093 memorantur,

71 2109 190 2138 fortassis
210 2107 291 2137 etiam
309 2107 440 2138 credibile
455 2117 506 2136 non
524 2107 633 2147 putatis.
647 2106 723 2143 Quid
740 2116 804 2145 crgo
821 2112 858 2134 cst
874 2105 925 2134 hoc
948 2104 1103 2134 charisma?
1120 2103 1230 2133 Scilicet
1252 2102 1359 2132 caritas.
1377 2101 1431 2130 Sed
1447 2102 1548 2131 credite
1563 2104 1643 2138 mihi,

71 2154 134 2193 quia
151 2155 199 2184 iste
214 2164 300 2183 sermo
313 2164 365 2182 non
380 2161 419 2183 est
433 2164 522 2189 meus,
537 2152 583 2182 sed
599 2152 716 2186 Christi,
733 2163 781 2192 per
794 2152 911 2180 Paulum
932 2151 1083 2191 apostolum
1099 2150 1177 2178 nobis
1191 2147 1362 2189 praedicatus.
1387 2148 1460 2183 Quid
1475 2159 1538 2188 ergo
1550 2149 1644 2179 dixit?

74 2202 269 2230 AEmulamini
281 2202 464 2230 charismata
476 2202 610 2237 meliora,
624 2208 650 2230 et
663 2201 760 2229 adhuc
771 2201 991 2229 eminentiorem
1006 2201 1088 2227 viam
1101 2200 1186 2227 vobis
1198 2197 1374 2225 demonstro.
1387 2195 1459 2231 Quid
1470 2195 1548 2231 dicit,
1562 2199 1643 2226 Emi-

75 2248 234 2275 nentiorem
249 2249 354 2275 viam?
367 2247 501 2276 Corinthii
517 2247 619 2287 quippe
636 2247 720 2276 altum
738 2246 876 2286 sapiebant
891 2256 971 2285 super
985 2245 1063 2274 donis
1079 2244 1289 2281 muneribusque
1301 2242 1504 2279 charismatum,
1517 2250 1546 2272 ut
1560 2251 1585 2272 et
1596 2244 1642 2282 qui

72 2292 227 2330 linguarum
247 2291 381 2321 habebant
401 2293 545 2326 charisma,
560 2293 632 2331 quod
650 2300 688 2321 est
703 2292 844 2321 minimum
855 2315 863 2330 ,
878 2292 948 2321 circa
965 2291 1082 2330 reliquos
1097 2290 1268 2329 arrogantius
1285 2289 1451 2318 inflarentur.
1470 2290 1544 2319 Dicit
1558 2301 1621 2329 ergo
1635 2302 1640 2318 :

73 2339 103 2368 Si
116 2337 236 2368 studium
250 2339 440 2369 charismatum
454 2341 586 2379 qut-critis,
598 2348 622 2369 ct
637 2351 685 2380 ego
701 2340 778 2370 vobis
794 2340 932 2370 ostendam
953 2339 1026 2369 viam
1045 2338 1216 2368 charismatis
1231 2337 1388 2366 eminentem
1400 2349 1406 2364 :
1419 2348 1470 2366 non
1485 2338 1644 2377 simpliciter

74 2385 250 2425 superiorem,
262 2384 308 2414 scd
322 2385 468 2414 eminenter
484 2387 584 2415 caetcris
598 2394 778 2427 praestantem.
798 2386 899 2416 Deinde
912 2386 980 2415 dicit
993 2387 1040 2416 :Si
1055 2387 1163 2425 linguis
1173 2385 1345 2423 angelorum
1360 2384 1474 2423 loquar,
1488 2386 1640 2413 caritatem

75 2441 173 2462 autem
189 2444 247 2461 non
262 2434 398 2470 habeam,
413 2434 488 2462 nihil
502 2445 565 2463 sum
581 2447 588 2462 :
601 2442 628 2463 et
643 2437 668 2464 si
683 2435 926 2475 habeamfidem,
937 2436 980 2463 ila
994 2441 1024 2463 ιιι
1044 2440 1155 2462 montes
1171 2432 1365 2470 transferam,
1376 2433 1530 2460 caritatem
1543 2439 1639 2461 aulem

77 2492 136 2509 non
153 2482 288 2514 habeam,
303 2480 379 2509 ru'hil
392 2491 464 2510 sum.
478 2481 548 2510 Ecce
564 2482 612 2510 tibi
627 2482 759 2511 charisma
771 2481 843 2521 quod
854 2482 956 2511 cunctis
971 2482 1067 2511 eminet
1079 2493 1084 2508 :
1097 2480 1222 2509 annulare
1236 2478 1320 2507 illud:
1332 2478 1382 2507 hoc
1394 2479 1494 2518 quippe
1508 2478 1640 2508 charisma

77 2527 162 2568 majus
177 2534 226 2565 cst,
240 2538 319 2566 quatu
336 2534 453 2557 mortuos
467 2528 605 2563 suscitare,
620 2529 715 2558 melius
728 2540 808 2568 quam
824 2529 926 2568 reliqua
943 2528 1012 2558 dona
1029 2528 1171 2557 virtutum.
1187 2527 1219 2555 tit
1237 2525 1299 2564 quia
1321 2525 1359 2554 sic
1383 2532 1431 2562 est,
1449 2524 1559 2555 adverte
1574 2525 1639 2564 quid
