1886 2846
84 1534 149 1553 Psm'.

183 1532 220 1553 50.

246 202 288 244 ,τί
585 213 613 235 s.
642 213 779 237 suffixis
807 215 985 238 ‹unwsosr

240 273 355 301 ostendit
377 273 581 301 siniilitudimwn
598 281 625 302 ut
643 275 668 302 in
685 276 798 303 homine.
821 277 887 304 Num
908 275 976 313 (pind

243 319 312 347 Dens
326 326 361 347 est
378 319 403 347 in
420 320 500 352 ezelo,
520 320 568 347 hoe
587 327 624 348 est
645 321 722 349 horno
739 322 763 349 in
787 328 853 349 terra
865 344 871 355 ,
892 322 961 359 qnod
972 344 978 350 .

240 365 366 402 inquam,
383 367 475 394 :ittinct
489 366 521 394 ad
541 366 721 405 principatum
741 379 746 394 :
767 374 791 395 ct
811 368 877 395 sicut
900 368 978 395 homo

240 410 407 439 dominatum
419 411 519 439 obtinet
532 411 559 439 in
575 412 700 440 omnibus
712 424 770 450 quae
783 420 843 440 sunt
856 413 881 439 in
896 419 975 445 terra,

241 456 276 484 ita
290 457 362 484 Deus
374 456 541 485 dominatum
554 457 655 486 obtinet
667 458 693 486 in
711 458 834 486 omnibus
849 468 907 494 (μὴν,
917 464 976 485 sunt

240 502 265 530 in
278 502 342 530 caelo
354 510 378 530 et
392 503 418 531 in
431 509 508 532 terra.
525 504 654 531 Caeterum
669 504 749 531 homo
760 514 810 531 non
825 502 915 530 dictus
928 502 977 530 tuit

239 547 385 582 character,
413 558 465 579 non
492 548 581 577 dictus
607 548 657 576 suit
682 547 828 586 splendor,
857 557 908 575 non
935 546 977 575 di-

238 600 296 621 ctus
310 594 373 623 ‚fuit
398 594 481 622 forma
508 606 513 621 :
540 594 613 631 quod
629 593 736 631 quidem
758 592 861 620 indicat
883 603 976 621 essen-

239 638 314 673 tiam,
328 646 373 666 aut
387 639 591 667 similitudinem
609 649 666 675 qum
682 645 719 665 est
733 638 758 665 in
774 638 896 666 essentia.
913 638 975 666 Sic-

239 691 268 712 ut
286 695 349 723 ergo
364 686 447 713 forma
463 685 531 713 servi
548 684 615 711 nihil
631 683 706 711 aliud
728 683 873 722 exprimit,
894 695 976 722 quam

238 731 371 759 hominem
393 731 418 758 in
442 730 515 758 nullo
540 729 706 757 differentem
734 741 740 757 :
767 729 802 756 ita
823 729 902 757 etiam
922 730 975 758 sor-

238 787 280 805 ma
298 778 347 805 Dei
366 776 433 804 nihil
456 775 529 803 aliud
549 774 675 813 exprimit
695 786 775 813 quam
796 776 892 805 Deum.
921 778 976 814 Qui

237 830 303 848 cum
314 823 362 857 siz,
379 819 473 856 inquit,
487 819 624 856 splendor
638 819 749 856 glorice.
766 819 838 848 Vide
854 821 919 858 quid
932 821 974 849 fa-

237 864 287 891 viat
304 864 411 891 Paulus.
431 862 499 889 Cum
519 862 644 897 dixisset,
664 864 722 900 Qui
741 873 805 891 cum
825 865 862 892 sit
876 865 974 902 splen-

236 907 289 934 dor
306 906 397 944 gloria:
408 928 415 939 ‚
432 905 573 944 subjunxit
591 916 683 934 rursus
700 918 706 933 :
720 906 803 935 Sedet
818 908 858 934 ad
872 908 974 936 dexte-

236 960 300 977 ram
314 951 475 988 majestatis
490 961 498 976 .-
515 949 541 977 in
557 949 656 987 quibus
671 960 735 978 usus
748 957 787 978 est
801 951 971 986 nominibus,

236 1004 366 1032 nusquam
386 994 495 1022 invento
515 994 621 1022 nomine
641 995 769 1023 essentiae.
791 996 883 1034 Neque
904 997 974 1026 enim
991 1008 1009 1032 c

235 1039 371 1076 majestas,
385 1049 469 1076 neque
482 1038 592 1067 dextera
605 1039 719 1067 ostendit
731 1049 824 1068 nomen
833 1039 905 1077 quod
916 1042 975 1070 vult

234 1081 338 1118 dicere,
360 1082 406 1110 sed
425 1093 520 1110 nomen
540 1093 592 1110 non
609 1090 695 1121 potest
715 1083 843 1112 invenire.
864 1084 920 1112 Hoc
935 1092 974 1113 est

234 1125 304 1153 enim
318 1126 391 1163 quod
410 1125 532 1154 dicebam
546 1126 580 1154 ab
594 1126 687 1162 initio,
705 1127 803 1164 Aliqua
817 1137 886 1166 saepe
900 1128 973 1166 cogi-

235 1175 321 1198 tamus
340 1176 365 1197 et
383 1169 576 1207 intelligimus,
596 1176 623 1198 et
643 1179 695 1198 non
713 1180 854 1209 possumus
872 1171 970 1209 eloqui.

234 1214 302 1241 Nam
314 1223 398 1250 neque
413 1214 485 1241 Deus
500 1223 594 1241 nomen
605 1219 643 1241 est
658 1214 786 1249 essentiae,
802 1225 886 1252 neque
900 1215 973 1244 illins

234 1257 352 1285 essentiae
367 1263 452 1295 potest
471 1267 565 1285 nomen
584 1257 693 1286 omnino
708 1258 832 1287 inveniri.
851 1259 886 1287 Et
907 1260 973 1297 quid

234 1299 332 1328 mirum
345 1300 367 1328 si
380 1300 405 1328 in
418 1301 485 1337 Deo,
499 1311 558 1328 cum
571 1311 618 1328 nec
632 1300 658 1329 in
673 1301 767 1339 angelo
778 1301 912 1330 inveneris
927 1313 972 1331 no-

234 1354 311 1379 men,
329 1344 401 1381 quod
423 1344 554 1382 significet
570 1345 710 1373 essentiam
727 1346 739 1373 Ρ
759 1345 869 1374 sortasse
883 1353 971 1375 autem

235 1387 318 1416 necin
334 1388 422 1415 anima
438 1399 443 1414 :
458 1398 509 1416 non
524 1388 593 1416 enim
610 1388 676 1416 mihi
694 1389 800 1417 videtur
814 1389 863 1418 hoc
878 1400 971 1418 nomen

234 1431 291 1469 ejus
301 1430 437 1459 ostendere
451 1431 606 1467 essentiam,
617 1432 663 1460 scd
674 1433 729 1461 vim
744 1433 874 1472 spirandi.
892 1433 973 1462 Eam-

234 1473 295 1501 dem
311 1474 382 1502 enim
396 1481 420 1502 ct
433 1475 565 1509 animam,
582 1482 607 1503 et
628 1486 689 1512 eor,
710 1482 734 1503 et
755 1483 867 1505 mentem
883 1478 972 1506 vocari

234 1516 353 1545 videris:
371 1518 428 1546 Cor
441 1518 511 1545 enim
526 1518 630 1556 inquit,
646 1520 785 1547 mundum
802 1530 868 1548 crea
883 1523 913 1548 in
929 1532 973 1549 me

235 1561 323 1589 Deus.
339 1562 397 1589 Non
408 1562 495 1589 solum
512 1572 574 1590 vero
589 1562 649 1599 ista,
665 1563 711 1591 sed
724 1570 749 1591 et
763 1563 888 1602 spiritum
904 1565 973 1593 mul-

235 1604 267 1632 tis
292 1603 318 1632 in
339 1603 404 1632 locis
428 1604 527 1633 videris
550 1616 608 1634 eam
627 1607 765 1645 appellari.
788 1608 976 1646 Portansqne

236 1649 334 1676 omnia
357 1650 446 1677 verbo
469 1651 588 1678 ‘virtutis
608 1660 676 1678 suoe.
694 1650 778 1680 Vides
796 1651 862 1689 quid
886 1651 977 1681 dicit?

1018 215 1170 239 Aufinum.

1200 216 1304 240 coxrss'
1313 218 1382 241 ΧΝΊἸ
1391 218 1451 241 NOI’
1460 234 1465 240 .

1034 289 1074 309 τος
1086 281 1184 315 κρατεῖ,
1195 277 1261 305 οὕτω
1275 279 1318 306 καὶ
1333 281 1346 307 ὁ
1357 280 1422 312 Θεὸς
1433 281 1536 308 πάντων
1549 284 1637 318 κρατεῖ
1653 282 1702 308 τῶν
1719 281 1743 308 ἐν
1760 281 1796 318 τῷ

1033 323 1133 361 οὐρανῷ
1149 323 1252 350 καὶτῶν
1266 324 1307 351 ἐπὶ
1324 326 1369 358 τῆς
1383 328 1438 362 γῆς.
1452 325 1550 357 Ἄλλως
1570 326 1595 353 δὲ
1607 348 1613 358 ,
1630 328 1643 353 ὁ
1659 325 1795 364 ἄνθρωπος

1032 369 1078 395 οὐκ
1091 368 1192 405 εἴρηται
1204 369 1345 407 χαρικτὴρ,
1360 371 1405 398 οὐκ
1426 371 1528 409 εἴρηται
1543 371 1706 409 ἀπαύγασμα
1719 393 1726 405 ,
1750 372 1795 399 οὐκ

998 415 1012 436 [t
1032 412 1133 451 εἴρηται
1147 414 1243 452 μορφή·
1253 414 1317 453 ὅπερ
1329 414 1376 448 τὴν
1387 416 1474 444 οὐσίαν
1487 417 1614 454 ἐμφαίνει,
1624 416 1640 450 ἢ
1652 416 1697 444 καὶ
1711 417 1798 453 ὁμοιό·

1031 469 1099 491 τητα
1109 457 1156 492 τὴν
1168 460 1227 486 κατ’
1236 458 1334 486 οὐσίαν.
1347 458 1453 498 Ἵὶσπερ
1464 457 1506 489 οὖν
1517 464 1533 495 ἡ
1547 461 1633 500 μορφὴ
1649 464 1693 490 τοῦ
1706 461 1797 490 δούλου

1032 503 1102 531 οὐδὲν
1115 504 1179 532 ἄλλο
1191 504 1310 542 ἐμφαίνει
1323 504 1340 538 ἢ
1352 505 1487 543 ἄνθρωπον
1499 507 1702 545 ἀπαράλλακτον
1712 518 1718 524 ·
1729 506 1798 535 οὕτω

1031 549 1075 576 καὶ
1087 551 1102 583 ἡ
1115 549 1202 588 μορφὴ
1215 553 1259 577 τοῦ
1270 551 1340 578 Θεοῦ
1350 550 1420 578 οὐδὲν
1432 550 1495 580 ἄλλο
1506 552 1623 590 ἐμφαίνει
1634 552 1651 586 ἢ
1662 552 1738 581 Θεόν.
1747 552 1798 583 Ὃς

1030 594 1065 622 ὢν
1079 595 1254 633 ἀπαύγασμα,
1268 596 1346 634 φησὶ,
1358 598 1404 630 τῆς
1416 596 1498 631 δόξης.
1509 596 1581 636 “Ὀρα
1595 598 1639 626 τὸν
1653 599 1758 627 Παῦλον
1771 598 1796 626 τί

1029 644 1107 668 ποιεῖ.
1122 641 1225 676 Εἰπὼν,
1243 641 1294 674 “Ὸς
1315 641 1351 669 ὢν
1381 642 1543 680 ἀπαύγασμα
1559 645 1605 677 τῆς
1628 643 1716 678 δόξης,
1730 644 1795 679 ἐπή-

1029 697 1093 724 γαγε
1113 686 1202 722 πάλιν,
1222 687 1361 716 Ἐκάθισεν
1388 689 1414 715 ἐν
1435 687 1505 726 δεξιᾷ
1519 690 1565 722 τῆς
1592 689 1794 726 μεγαλωσύνης·

1029 731 1171 769 ι’ὀνόμασιν
1187 732 1249 764 οἵοις
1263 732 1408 771 κέχρηται,
1424 734 1539 770 οὐδαμοῦ
1552 736 1598 768 τῆς
1613 733 1701 766 οὐσίας
1716 735 1795 769 αὐτῆς

1029 778 1110 815 ὄνομα
1126 777 1217 817 εὑρών.
1239 778 1309 806 Οὔτε
1322 778 1372 816 γὰρ
1388 780 1404 813 ἡ
1425 778 1614 816 μεγαλωσύνη,
1634 779 1692 808 οὔτε
1704 782 1720 814 ἡ
1734 780 1794 813 δόξα

1027 822 1058 850 τὸ
1078 822 1159 860 ὄνομα
1173 823 1348 862 παρίστησιν,
1373 824 1386 852 ὃ
1411 824 1531 862 βούλεται
1546 826 1642 860 εἰπεῖν,
1668 826 1726 853 ἀλλ’
1749 827 1795 853 οὐκ

1028 867 1082 906 ἔχει
1097 869 1179 906 ὄνομα
1199 871 1292 907 εὑρεῖν.
1305 868 1391 897 Τοῦτο
1404 869 1455 908 γάρ
1475 871 1544 898 ἐστιν
1558 870 1571 898 ὃ
1586 870 1673 908 ἔλεγον
1690 869 1715 903 ἐξ
1743 871 1794 909 ἅρ-

1027 917 1077 953 χῆς
1087 936 1094 949 ,
1106 915 1146 943 ὅτι
1160 915 1286 947 πολλάκις
1298 915 1355 943 τινὰ
1367 918 1483 952 νοοῦμεν,
1494 915 1537 943 καὶ
1549 917 1576 944 οὗ
1589 915 1719 953 δυνάμεθα
1731 916 1796 954 φρά-

1027 962 1094 993 ζειν·
1109 960 1166 988 ἐπεὶ
1180 960 1238 988 οὐδὲ
1255 960 1298 995 τὸ,
1317 960 1397 996 Θεὸς,
1413 961 1495 998 ὄνομα
1522 961 1609 993 οὐσίας
1628 961 1715 995 ἐστὶν,
1736 962 1795 990 οὐδὲ

1028 1005 1097 1034 ἔστιν
1113 1006 1179 1038 ὅλως
1195 1007 1243 1039 τῆς
1268 1005 1356 1038 οὐσίας
1371 1005 1470 1041 ἐκείνης
1491 1006 1573 1043 ὄνομα
1592 1008 1683 1046 εὑρεῖν.
1701 1006 1753 1034 Καὶ
1769 1006 1795 1034 τί

1028 1051 1177 1089 θαυμαστὸν
1192 1053 1214 1079 εἰ
1227 1051 1269 1079 ἐπὶ
1284 1052 1366 1086 Θεοῦ,
1378 1051 1442 1080 ὅπου
1457 1063 1486 1089 γε
1501 1051 1558 1079 οὐδὲ
1571 1052 1614 1080 ε’πὶ
1626 1051 1736 1090 ἀγγέλου
1753 1052 1795 1081 εὕ-

1029 1108 1067 1136 ροι
1078 1109 1117 1128 τις
1128 1097 1157 1124 ἂν
1167 1097 1249 1134 ὄνομα
1260 1098 1306 1131 τῆς
1320 1096 1408 1128 οὐσίας
1431 1096 1588 1132 δηλωτικόν,
1605 1097 1676 1135 τάχα
1694 1097 1721 1126 δὲ
1737 1097 1794 1126 οὐδὲ

1026 1143 1069 1171 ἐπὶ
1089 1145 1189 1182 ψυχῆς
1210 1143 1237 1170 οὐ
1256 1143 1306 1180 γάρ
1328 1154 1372 1179 μοι
1391 1143 1460 1170 δοκεῖ
1474 1145 1549 1171 τοῦτο
1562 1142 1592 1171 τὸ
1608 1143 1690 1180 ὄνομα
1703 1154 1794 1181 παρα-

1026 1190 1147 1217 στατικὸν
1163 1185 1228 1217 {tvm
1248 1191 1295 1223 τ’ἧς
1316 1188 1404 1220 οὐσίας
1425 1189 1518 1222 αὖτ’ἧς,
1544 1187 1613 1216 ἀλλὰ
1632 1191 1677 1216 τοῦ
1690 1188 1794 1227 ψύχειν.

1027 1235 1084 1270 Τὴν
1107 1235 1157 1273 γὰρ
1182 1234 1261 1270 αὐτὴν
1282 1234 1327 1262 καὶ
1341 1234 1444 1273 ψυχὴν,
1470 1234 1514 1262 καὶ
1535 1233 1661 1272 καρδίαν,
1677 1234 1721 1262 καὶ
1736 1238 1794 1263 νοῦν

1027 1281 1190 1318 καλουμένην
1205 1281 1255 1309 ἴδοι
1269 1292 1308 1312 τις
1323 1281 1366 1309 ἄν·
1389 1279 1506 1319 Καρδίαν
1520 1279 1585 1318 γὰρ,
1601 1279 1684 1318 φησὶ,
1705 1282 1794 1308 καθα-

1029 1325 1075 1365 ρὰν
1097 1325 1185 1354 κτίσον
1209 1327 1234 1354 ἐν
1258 1326 1331 1362 ἐμοὶ,
1360 1328 1373 1353 ὁ
1397 1325 1473 1357 Θεός.
1498 1326 1538 1353 Οὖ
1558 1325 1635 1361 μόνον
1651 1324 1677 1352 δὲ
1693 1327 1792 1359 ταῦτα,

1028 1371 1095 1400 ἀλλὰ
1119 1372 1163 1400 καὶ
1188 1375 1290 1408 πνεῦμα
1310 1372 1446 1409 πολλαχοῦ
1467 1370 1517 1398 ἴδοι
1539 1382 1577 1401 τις
1602 1370 1632 1398 ἂν
1650 1370 1794 1408 λεγομένην

1029 1419 1118 1451 αὐτήν.
1138 1417 1233 1455 Φέρων
1259 1428 1287 1444 τε
1301 1416 1334 1444 τὰ
1348 1416 1435 1444 πάντα
1460 1418 1498 1455 τῷ
1523 1415 1621 1455 ῥήματι
1647 1418 1694 1450 τῆς
1719 1416 1794 1444 euvei*

1029 1476 1097 1500 μεως
1122 1465 1208 1491 αὐτοῦ.
1237 1462 1319 1502 εΟρξίς
1339 1462 1364 1490 τί
1388 1473 1475 1500 <pm-23

268 1738 279 1755 ¹¹
297 1737 391 1770 [marg.
405 1738 480 1762 Stivil.
495 1743 538 1772 ἔρα
551 1743 601 1768 οἵοις
614 1744 645 1765 ἂν.
661 1751 725 1775 κεχρ.
737 1740 779 1765 Sic
792 1740 885 1773 legerat.
897 1742 1042 1773 Munianus]

654 1839 830 1867 MUTIANO
853 1839 1106 1867 SCHOIASTICO
1130 1837 1379 1867 tNTERPRETE.

232 1927 418 1956 demonstrari.
437 1926 517 1962 Quod
529 1927 600 1955 enim
616 1934 653 1956 est
668 1928 741 1956 Deus
753 1928 778 1956 in
792 1929 868 1965 caeto,
881 1929 931 1957 hoc
944 1929 1023 1957 horno
1037 1928 1143 1957 videtur
1158 1937 1212 1956 esse
1226 1928 1252 1955 in
1267 1927 1359 1963 terris,
1370 1926 1517 1955 secundum
1529 1926 1709 1965 principatum
1722 1926 1793 1955 dieo.

233 1974 309 2003 Sicut
321 1973 391 2001 enim
403 1973 528 2001 omnibus
544 1984 602 2011 qnae
618 1974 644 2002 in
660 1974 736 2002 terris
751 1982 827 2012 sunt,
850 1976 899 2003 iste
921 1975 1074 2003 dominatur
1090 1987 1094 2002 :
1116 1975 1153 2003 sic
1168 1981 1192 2003 et
1209 1975 1282 2002 Deus
1296 1974 1415 2002 omnium
1431 1973 1573 2002 caelestium
1590 1979 1614 2001 et
1629 1973 1792 2001 terrestrium

232 2019 394 2048 dominatur.
407 2020 466 2048 Huc
479 2020 592 2055 accedit,
610 2021 671 2058 quia
682 2021 763 2049 homo
776 2032 826 2050 non
840 2029 877 2050 est
888 2022 977 2051 dictus
987 2023 1136 2058 character,
1149 2032 1200 2050 non
1212 2028 1250 2049 est
1262 2020 1411 2059 appellatus
1421 2020 1504 2048 forma
1515 2042 1522 2055 ‚
1539 2019 1609 2057 quod
1624 2020 1741 2048 declarat
1755 2030 1794 2047 es-

233 2065 354 2099 sentiam,
372 2065 415 2094 vcl
436 2065 639 2095 similitudinem
659 2078 718 2105 quae
734 2068 880 2097 secundum
894 2069 1086 2108 proprietatem
1105 2075 1207 2096 constat
1223 2067 1348 2095 cssemiae.
1365 2066 1440 2095 Sicut
1454 2066 1524 2094 enim
1540 2066 1625 2093 forma
1639 2066 1708 2094 servi
1726 2065 1794 2093 nihil

233 2111 307 2140 aliud
321 2112 468 2150 significat,
482 2123 562 2150 quam
575 2113 709 2142 hominem
722 2115 830 2153 proprie
843 2127 848 2142 :
861 2115 898 2144 sic
908 2123 933 2144 et
947 2117 1031 2144 forma
1045 2115 1094 2143 Dei
1109 2115 1177 2143 nihil
1190 2113 1263 2142 aliud
1279 2113 1443 2149 manifestat,
1459 2123 1540 2150 quam
1551 2113 1648 2141 Deum.
1669 2113 1726 2150 Qui
1739 2118 1793 2147 est,

234 2158 335 2195 inquit,
346 2159 483 2197 splendor
491 2161 601 2198 gloriae.
616 2161 730 2189 Attende
745 2161 809 2198 quid
822 2162 859 2190 ait
871 2163 972 2191 Paulus
988 2175 994 2190 :
1014 2163 1070 2200 Qui
1081 2168 1133 2196 est,
1149 2161 1246 2199 inquit,
1259 2160 1397 2199 splendor
1405 2159 1524 2197 glorioe;
1534 2164 1558 2186 et
1568 2158 1708 2197 subjungit
1717 2157 1794 2186 dein-

233 2204 268 2232 de
281 2217 286 2232 :
298 2205 485 2245 Sederefecit
499 2209 531 2234 in
544 2208 664 2235 dextera
681 2209 844 2246 majestatis
860 2220 928 2238 snoe.
948 2209 1020 2239 Vide
1037 2209 1162 2248 qualibus
1179 2209 1265 2236 utitur
1279 2206 1448 2241 nominihus,
1459 2205 1522 2244 quia
1537 2215 1588 2233 non
1603 2205 1691 2244 potuit
1707 2215 1794 2233 rerum

235 2251 341 2279 nomina
356 2252 465 2291 propria
483 2253 606 2292 reperire.
621 2254 714 2292 Neque
734 2254 805 2282 enim
825 2256 969 2294 majestatis
989 2257 1113 2292 nomine,
1129 2265 1213 2293 neque
1234 2253 1325 2292 glorire
1343 2252 1417 2290 quod
1440 2251 1609 2280 desiderabat
1631 2251 1762 2290 expressit
1788 2263 1794 2277 :

235 2298 286 2326 hoc
302 2305 339 2326 est
358 2299 428 2327 enim
442 2300 513 2337 quod
528 2311 609 2339 supra
622 2301 679 2339 jam
693 2300 751 2329 dixi
769 2313 774 2328 :
790 2302 852 2338 quia
869 2303 965 2342 saepins
980 2302 1105 2341 quaedam
1122 2302 1198 2331 nobis
1212 2307 1374 2337 occurrunt,
1397 2310 1456 2337 quae
1477 2298 1652 2337 intelligimus
1672 2297 1779 2336 quidem
1790 2318 1797 2329 ‚

237 2345 282 2372 sed
297 2343 409 2373 indicari
427 2347 546 2375 oratione
561 2357 612 2375 non
626 2355 734 2385 queunt.
750 2349 819 2376 Nam
835 2359 881 2377 nec
897 2350 946 2377 Dei
963 2350 1125 2378 vocabulum
1139 2349 1219 2377 index
1232 2347 1340 2387 proprie
1357 2352 1457 2374 constat
1468 2345 1603 2382 essentiam
1620 2355 1702 2382 neque
1712 2344 1797 2372 omni-

236 2401 270 2418 no
290 2390 364 2419 illius
382 2393 499 2421 essentiae
516 2394 655 2433 proprium
670 2401 755 2433 potest
770 2396 857 2424 ullum
878 2397 1041 2424 vocabulum
1059 2396 1179 2435 reperiri.
1195 2397 1229 2425 Et
1250 2394 1316 2433 quid
1336 2394 1435 2422 mirum
1450 2393 1471 2421 si
1487 2393 1513 2421 in
1535 2393 1591 2420 Deo
1609 2392 1647 2419 sic
1660 2398 1715 2427 est,
1736 2401 1796 2419 eum

236 2446 320 2473 neque
336 2438 361 2465 in
379 2440 471 2477 angelo
486 2441 627 2480 proprium
642 2452 736 2470 nomen
754 2442 875 2471 invenias
888 2466 894 2477 ‚
911 2443 983 2480 qnod
999 2445 1054 2482 ejus
1077 2443 1194 2471 declares
1208 2442 1369 2471 essentiam?
1392 2440 1512 2468 Arbitror
1527 2445 1615 2467 autem
1635 2437 1697 2475 quia
1713 2447 1797 2475 neque

237 2483 331 2510 animm
347 2492 449 2522 reperta
464 2493 501 2514 est
513 2495 574 2526 apta
589 2488 779 2518 denominatio.
800 2491 858 2518 Non
871 2490 978 2518 videtur
991 2491 1056 2518 mihi
1072 2490 1121 2519 hoc
1136 2500 1246 2525 nomen,
1260 2488 1331 2527 quod
1343 2489 1442 2526 integre
1453 2485 1627 2515 substantiam
1640 2485 1696 2523 ejus
1707 2492 1795 2513 osten-

238 2529 335 2556 (l³¹***
351 2540 411 2559 nam
427 2533 546 2561 eamdem
564 2545 619 2564 rem
631 2542 655 2564 et
669 2536 785 2565 animam
804 2543 828 2565 et
841 2547 885 2565 cor
900 2544 923 2565 et
939 2545 1052 2565 mentem
1071 2537 1189 2565 invenies
1204 2535 1335 2565 nominari
1354 2547 1358 2562 :
1378 2536 1445 2571 Cor,
1460 2532 1557 2571 inquit,
1576 2532 1714 2559 mundum
1728 2542 1794 2559 crea

237 2578 269 2604 ιἰι
282 2587 326 2604 me
336 2578 422 2607 Deus.
433 2578 483 2607 sed
496 2580 572 2609 etiam
586 2582 709 2620 spiritum
724 2583 821 2612 dictam
838 2584 988 2622 frequenter
1003 2584 1128 2614 invenies.
1143 2586 1260 2620 Ferens,
1274 2583 1369 2621 inquit,
1388 2583 1484 2609 omnia
1501 2581 1588 2608 verbo
1601 2581 1716 2607 vir-lutis
1727 2589 1792 2607 sure.
