<?xml version="1.0" encoding="UTF-8"?>
<!DOCTYPE html PUBLIC "-//W3C//DTD XHTML 1.0 Transitional//EN"
    "http://www.w3.org/TR/xhtml1/DTD/xhtml1-transitional.dtd">
<html xmlns="http://www.w3.org/1999/xhtml" xml:lang="en" lang="en">
 <head>
  <title>
</title>
<meta http-equiv="Content-Type" content="text/html;charset=utf-8" />
  <meta name='ocr-system' content='tesseract 3.04.00' />
  <meta name='ocr-capabilities' content='ocr_page ocr_carea ocr_par ocr_line ocrx_word'/>
</head>
<body>
  <div class='ocr_page' id='page_1' title='image "./operaomniaquaeex12johnuoft/operaomniaquaeex12johnuoft_0128.png"; bbox 0 0 1886 2846; ppageno 0'>
   <div class='ocr_carea' id='block_1_1' title="bbox 108 454 175 475">
    <p class='ocr_par' dir='ltr' id='par_1_1' title="bbox 108 454 175 475">
     <span class='ocr_line' id='line_1_1' title="bbox 108 454 175 475; baseline -0.03 0"><span class='ocrx_word' id='word_1_1' title='bbox 108 454 175 475; x_wconf 48' lang='lat' dir='ltr'>llvb.</span> 
     </span>
    </p>
   </div>
   <div class='ocr_carea' id='block_1_2' title="bbox 212 453 247 475">
    <p class='ocr_par' dir='ltr' id='par_1_2' title="bbox 212 453 247 475">
     <span class='ocr_line' id='line_1_2' title="bbox 212 453 247 475; baseline 0.029 -1"><span class='ocrx_word' id='word_1_2' title='bbox 212 453 247 475; x_wconf 76' lang='lat'>13.</span> 
     </span>
    </p>
   </div>
   <div class='ocr_carea' id='block_1_3' title="bbox 263 184 324 226">
    <p class='ocr_par' dir='ltr' id='par_1_3' title="bbox 263 184 324 226">
     <span class='ocr_line' id='line_1_3' title="bbox 263 184 324 226; baseline -0.016 -10"><span class='ocrx_word' id='word_1_3' title='bbox 263 184 324 226; x_wconf 73' lang='lat' dir='ltr'>¹¹⁴i</span> 
     </span>
    </p>
   </div>
   <div class='ocr_carea' id='block_1_4' title="bbox 256 253 996 749">
    <p class='ocr_par' dir='ltr' id='par_1_4' title="bbox 256 253 996 749">
     <span class='ocr_line' id='line_1_4' title="bbox 257 253 994 294; baseline -0.004 -12"><span class='ocrx_word' id='word_1_4' title='bbox 257 261 301 282; x_wconf 83' lang='lat' dir='ltr'>tur</span> <span class='ocrx_word' id='word_1_5' title='bbox 311 253 480 286; x_wconf 80' lang='lat' dir='ltr'>mundanus;</span> <span class='ocrx_word' id='word_1_6' title='bbox 496 254 552 294; x_wconf 73' lang='lat' dir='ltr'>ipsc</span> <span class='ocrx_word' id='word_1_7' title='bbox 563 262 652 283; x_wconf 76' lang='lat' dir='ltr'>autem</span> <span class='ocrx_word' id='word_1_8' title='bbox 665 255 784 294; x_wconf 77' lang='lat' dir='ltr'>permisit</span> <span class='ocrx_word' id='word_1_9' title='bbox 799 254 903 293; x_wconf 83' lang='lat' dir='ltr'>nuptias</span> <span class='ocrx_word' id='word_1_10' title='bbox 918 266 924 281; x_wconf 91' lang='lat'>:</span> <span class='ocrx_word' id='word_1_11' title='bbox 939 254 994 292; x_wconf 80' lang='lat' dir='ltr'>ipsc</span> 
     </span>
     <span class='ocr_line' id='line_1_5' title="bbox 256 300 995 339; baseline -0.004 -12"><span class='ocrx_word' id='word_1_12' title='bbox 256 310 320 338; x_wconf 66' lang='lat' dir='ltr'>crgo</span> <span class='ocrx_word' id='word_1_13' title='bbox 333 310 424 329; x_wconf 80' lang='lat' dir='ltr'>omnes</span> <span class='ocrx_word' id='word_1_14' title='bbox 439 300 564 339; x_wconf 81' lang='lat' dir='ltr'>perdidit.</span> <span class='ocrx_word' id='word_1_15' title='bbox 585 301 614 329; x_wconf 75' lang='lat' dir='ltr'>Si</span> <span class='ocrx_word' id='word_1_16' title='bbox 631 300 700 329; x_wconf 83' lang='lat' dir='ltr'>enim</span> <span class='ocrx_word' id='word_1_17' title='bbox 725 300 783 328; x_wconf 80' lang='lat' dir='ltr'>lieri</span> <span class='ocrx_word' id='word_1_18' title='bbox 799 310 849 328; x_wconf 78' lang='lat' dir='ltr'>non</span> <span class='ocrx_word' id='word_1_19' title='bbox 866 305 949 338; x_wconf 72' lang='lat' dir='ltr'>potest</span> <span class='ocrx_word' id='word_1_20' title='bbox 967 304 995 325; x_wconf 91' lang='lat' dir='ltr'>ut</span> 
     </span>
     <span class='ocr_line' id='line_1_6' title="bbox 257 345 992 384; baseline -0.005 -10"><span class='ocrx_word' id='word_1_21' title='bbox 257 355 318 374; x_wconf 85' lang='lat' dir='ltr'>cnm</span> <span class='ocrx_word' id='word_1_22' title='bbox 335 346 504 374; x_wconf 81' lang='lat' dir='ltr'>matrimonio</span> <span class='ocrx_word' id='word_1_23' title='bbox 525 347 603 375; x_wconf 79' lang='lat' dir='ltr'>saciat</span> <span class='ocrx_word' id='word_1_24' title='bbox 623 357 681 384; x_wconf 69' lang='lat' dir='ltr'>quat·</span> <span class='ocrx_word' id='word_1_25' title='bbox 703 353 764 375; x_wconf 85' lang='lat' dir='ltr'>sunt</span> <span class='ocrx_word' id='word_1_26' title='bbox 787 345 992 377; x_wconf 75' lang='lat' dir='ltr'>monachorum,</span> 
     </span>
     <span class='ocr_line' id='line_1_7' title="bbox 259 390 996 430; baseline -0.005 -11"><span class='ocrx_word' id='word_1_27' title='bbox 259 391 393 430; x_wconf 71' lang='lat' dir='ltr'>perierunt</span> <span class='ocrx_word' id='word_1_28' title='bbox 408 393 495 420; x_wconf 79' lang='lat' dir='ltr'>omnia</span> <span class='ocrx_word' id='word_1_29' title='bbox 513 399 538 420; x_wconf 83' lang='lat' dir='ltr'>ct</span> <span class='ocrx_word' id='word_1_30' title='bbox 552 392 587 421; x_wconf 85' lang='lat' dir='ltr'>ad</span> <span class='ocrx_word' id='word_1_31' title='bbox 607 392 742 420; x_wconf 78' lang='lat' dir='ltr'>interitum</span> <span class='ocrx_word' id='word_1_32' title='bbox 757 390 860 419; x_wconf 72' lang='lat' dir='ltr'>redacta</span> <span class='ocrx_word' id='word_1_33' title='bbox 882 395 955 425; x_wconf 78' lang='lat' dir='ltr'>sunt,</span> <span class='ocrx_word' id='word_1_34' title='bbox 971 394 996 416; x_wconf 84' lang='lat' dir='ltr'>et</span> 
     </span>
     <span class='ocr_line' id='line_1_8' title="bbox 259 434 995 476; baseline -0.005 -11"><span class='ocrx_word' id='word_1_35' title='bbox 259 443 346 465; x_wconf 73' lang='lat' dir='ltr'>coacta</span> <span class='ocrx_word' id='word_1_36' title='bbox 366 444 403 465; x_wconf 80' lang='lat' dir='ltr'>est</span> <span class='ocrx_word' id='word_1_37' title='bbox 425 438 512 466; x_wconf 76' lang='lat' dir='ltr'>virtus</span> <span class='ocrx_word' id='word_1_38' title='bbox 532 438 558 466; x_wconf 89' lang='lat' dir='ltr'>in</span> <span class='ocrx_word' id='word_1_39' title='bbox 579 438 722 476; x_wconf 72' lang='lat' dir='ltr'>angustias.</span> <span class='ocrx_word' id='word_1_40' title='bbox 745 434 884 470; x_wconf 82' lang='lat' dir='ltr'>Quomodo</span> <span class='ocrx_word' id='word_1_41' title='bbox 906 440 995 462; x_wconf 83' lang='lat' dir='ltr'>autem</span> 
     </span>
     <span class='ocr_line' id='line_1_9' title="bbox 259 479 995 522; baseline -0.007 -11"><span class='ocrx_word' id='word_1_42' title='bbox 259 490 320 511; x_wconf 85' lang='lat' dir='ltr'>sunt</span> <span class='ocrx_word' id='word_1_43' title='bbox 336 483 503 512; x_wconf 73' lang='lat' dir='ltr'>honorabiles</span> <span class='ocrx_word' id='word_1_44' title='bbox 519 484 633 522; x_wconf 65' lang='lat' dir='ltr'>nupfim,</span> <span class='ocrx_word' id='word_1_45' title='bbox 650 493 707 520; x_wconf 78' lang='lat' dir='ltr'>quae</span> <span class='ocrx_word' id='word_1_46' title='bbox 722 481 798 509; x_wconf 84' lang='lat' dir='ltr'>nobis</span> <span class='ocrx_word' id='word_1_47' title='bbox 813 486 915 508; x_wconf 82' lang='lat' dir='ltr'>tantum</span> <span class='ocrx_word' id='word_1_48' title='bbox 931 479 995 507; x_wconf 81' lang='lat' dir='ltr'>asse-</span> 
     </span>
     <span class='ocr_line' id='line_1_10' title="bbox 258 523 994 568; baseline -0.004 -13"><span class='ocrx_word' id='word_1_49' title='bbox 258 535 320 556; x_wconf 87' lang='lat' dir='ltr'>runt</span> <span class='ocrx_word' id='word_1_50' title='bbox 343 528 563 568; x_wconf 58' lang='lat' dir='ltr'>imm-dimenmm</span> <span class='ocrx_word' id='word_1_51' title='bbox 576 529 589 556; x_wconf 69' lang='lat'>9</span> <span class='ocrx_word' id='word_1_52' title='bbox 604 527 676 562; x_wconf 83' lang='lat' dir='ltr'>Quid</span> <span class='ocrx_word' id='word_1_53' title='bbox 695 536 756 564; x_wconf 73' lang='lat' dir='ltr'>ergo</span> <span class='ocrx_word' id='word_1_54' title='bbox 775 523 917 553; x_wconf 86' lang='lat' dir='ltr'>dicendum</span> <span class='ocrx_word' id='word_1_55' title='bbox 933 524 994 553; x_wconf 78' lang='lat' dir='ltr'>est?</span> 
     </span>
     <span class='ocr_line' id='line_1_11' title="bbox 261 569 996 612; baseline -0.005 -10"><span class='ocrx_word' id='word_1_56' title='bbox 261 573 330 601; x_wconf 76' lang='lat' dir='ltr'>Fieri</span> <span class='ocrx_word' id='word_1_57' title='bbox 347 580 443 612; x_wconf 68' lang='lat' dir='ltr'>potest,</span> <span class='ocrx_word' id='word_1_58' title='bbox 459 580 537 611; x_wconf 78' lang='lat' dir='ltr'>atque</span> <span class='ocrx_word' id='word_1_59' title='bbox 551 573 617 600; x_wconf 75' lang='lat' dir='ltr'>adeo</span> <span class='ocrx_word' id='word_1_60' title='bbox 631 571 710 599; x_wconf 76' lang='lat' dir='ltr'>valde</span> <span class='ocrx_word' id='word_1_61' title='bbox 725 570 796 603; x_wconf 80' lang='lat' dir='ltr'>fieri,</span> <span class='ocrx_word' id='word_1_62' title='bbox 813 576 842 597; x_wconf 84' lang='lat' dir='ltr'>ut</span> <span class='ocrx_word' id='word_1_63' title='bbox 855 569 901 607; x_wconf 86' lang='lat' dir='ltr'>qni</span> <span class='ocrx_word' id='word_1_64' title='bbox 915 569 996 598; x_wconf 86' lang='lat' dir='ltr'>habe—</span> 
     </span>
     <span class='ocr_line' id='line_1_12' title="bbox 260 614 994 653; baseline -0.005 -7"><span class='ocrx_word' id='word_1_65' title='bbox 260 628 319 646; x_wconf 86' lang='lat' dir='ltr'>mus</span> <span class='ocrx_word' id='word_1_66' title='bbox 332 629 427 647; x_wconf 81' lang='lat' dir='ltr'>uxores</span> <span class='ocrx_word' id='word_1_67' title='bbox 436 642 442 653; x_wconf 84' lang='lat'>,</span> <span class='ocrx_word' id='word_1_68' title='bbox 456 619 581 646; x_wconf 66' lang='lat' dir='ltr'>virtutem</span> <span class='ocrx_word' id='word_1_69' title='bbox 597 624 726 645; x_wconf 79' lang='lat' dir='ltr'>secu-mur</span> <span class='ocrx_word' id='word_1_70' title='bbox 740 622 764 643; x_wconf 89' lang='lat' dir='ltr'>et</span> <span class='ocrx_word' id='word_1_71' title='bbox 776 624 958 651; x_wconf 76' lang='lat' dir='ltr'><strong>exerceamus,</strong></span> <span class='ocrx_word' id='word_1_72' title='bbox 972 614 994 642; x_wconf 91' lang='lat' dir='ltr'>si</span> 
     </span>
     <span class='ocr_line' id='line_1_13' title="bbox 259 659 994 699; baseline -0.007 -7"><span class='ocrx_word' id='word_1_73' title='bbox 259 664 384 692; x_wconf 67' lang='lat' dir='ltr'>velimus.</span> <span class='ocrx_word' id='word_1_74' title='bbox 411 663 574 699; x_wconf 74' lang='lat' dir='ltr'>Quomodo?</span> <span class='ocrx_word' id='word_1_75' title='bbox 597 662 625 690; x_wconf 78' lang='lat' dir='ltr'>Si</span> <span class='ocrx_word' id='word_1_76' title='bbox 643 661 767 688; x_wconf 85' lang='lat' dir='ltr'>habentes</span> <span class='ocrx_word' id='word_1_77' title='bbox 790 670 887 688; x_wconf 80' lang='lat' dir='ltr'>uxores</span> <span class='ocrx_word' id='word_1_78' title='bbox 911 659 994 688; x_wconf 88' lang='lat' dir='ltr'>simus</span> 
     </span>
     <span class='ocr_line' id='line_1_14' title="bbox 259 707 995 749; baseline -0.004 -11"><span class='ocrx_word' id='word_1_79' title='bbox 259 718 394 749; x_wconf 82' lang='lat' dir='ltr'>tamquam</span> <span class='ocrx_word' id='word_1_80' title='bbox 407 721 457 739; x_wconf 79' lang='lat' dir='ltr'>non</span> <span class='ocrx_word' id='word_1_81' title='bbox 469 710 603 745; x_wconf 72' lang='lat' dir='ltr'>habentes,</span> <span class='ocrx_word' id='word_1_82' title='bbox 619 708 639 735; x_wconf 90' lang='lat' dir='ltr'>si</span> <span class='ocrx_word' id='word_1_83' title='bbox 653 717 704 735; x_wconf 92' lang='lat' dir='ltr'>non</span> <span class='ocrx_word' id='word_1_84' title='bbox 717 707 837 735; x_wconf 80' lang='lat' dir='ltr'>laetemur</span> <span class='ocrx_word' id='word_1_85' title='bbox 846 707 881 735; x_wconf 90' lang='lat' dir='ltr'>ob</span> <span class='ocrx_word' id='word_1_86' title='bbox 890 717 995 746; x_wconf 82' lang='lat' dir='ltr'>posses-</span> 
     </span>
    </p>
   </div>
   <div class='ocr_carea' id='block_1_5' title="bbox 172 755 995 793">
    <p class='ocr_par' dir='ltr' id='par_1_5' title="bbox 172 755 995 793">
     <span class='ocr_line' id='line_1_15' title="bbox 172 755 995 793; baseline -0.004 -7"><span class='ocrx_word' id='word_1_87' title='bbox 172 782 178 792; x_wconf 74' lang='grc'>,</span> <span class='ocrx_word' id='word_1_88' title='bbox 211 789 216 793; x_wconf 93' lang='lat'>.</span> <span class='ocrx_word' id='word_1_89' title='bbox 260 757 355 790; x_wconf 83' lang='lat' dir='ltr'>siones,</span> <span class='ocrx_word' id='word_1_90' title='bbox 377 758 397 785; x_wconf 83' lang='lat' dir='ltr'>si</span> <span class='ocrx_word' id='word_1_91' title='bbox 413 755 511 784; x_wconf 86' lang='lat' dir='ltr'>mundo</span> <span class='ocrx_word' id='word_1_92' title='bbox 532 762 638 783; x_wconf 79' lang='lat' dir='ltr'>utamur</span> <span class='ocrx_word' id='word_1_93' title='bbox 653 761 790 792; x_wconf 78' lang='lat' dir='ltr'>tamquam</span> <span class='ocrx_word' id='word_1_94' title='bbox 811 764 862 782; x_wconf 90' lang='lat' dir='ltr'>non</span> <span class='ocrx_word' id='word_1_95' title='bbox 883 760 995 783; x_wconf 80' lang='lat' dir='ltr'>utentes.</span> 
     </span>
    </p>
   </div>
   <div class='ocr_carea' id='block_1_6' title="bbox 254 799 995 1289">
    <p class='ocr_par' dir='ltr' id='par_1_6' title="bbox 254 799 995 1289">
     <span class='ocr_line' id='line_1_16' title="bbox 259 799 995 841; baseline -0.005 -9"><span class='ocrx_word' id='word_1_96' title='bbox 259 805 287 832; x_wconf 79' lang='lat' dir='ltr'>Si</span> <span class='ocrx_word' id='word_1_97' title='bbox 305 804 350 841; x_wconf 85' lang='lat' dir='ltr'>qui</span> <span class='ocrx_word' id='word_1_98' title='bbox 374 810 461 830; x_wconf 82' lang='lat' dir='ltr'>autem</span> <span class='ocrx_word' id='word_1_99' title='bbox 484 800 602 840; x_wconf 79' lang='lat' dir='ltr'>impediti</span> <span class='ocrx_word' id='word_1_100' title='bbox 628 801 734 828; x_wconf 79' lang='lat' dir='ltr'>fuerunt</span> <span class='ocrx_word' id='word_1_101' title='bbox 748 810 762 828; x_wconf 90' lang='lat' dir='ltr'>a</span> <span class='ocrx_word' id='word_1_102' title='bbox 777 800 887 840; x_wconf 86' lang='lat' dir='ltr'>nuptiis,</span> <span class='ocrx_word' id='word_1_103' title='bbox 911 799 995 828; x_wconf 91' lang='lat' dir='ltr'>sciant</span> 
     </span>
     <span class='ocr_line' id='line_1_17' title="bbox 257 845 994 887; baseline -0.003 -11"><span class='ocrx_word' id='word_1_104' title='bbox 257 849 328 887; x_wconf 81' lang='lat' dir='ltr'>qnod</span> <span class='ocrx_word' id='word_1_105' title='bbox 344 848 442 887; x_wconf 75' lang='lat' dir='ltr'>nuptia:</span> <span class='ocrx_word' id='word_1_106' title='bbox 457 858 508 876; x_wconf 90' lang='lat' dir='ltr'>non</span> <span class='ocrx_word' id='word_1_107' title='bbox 521 847 594 875; x_wconf 82' lang='lat' dir='ltr'>suere</span> <span class='ocrx_word' id='word_1_108' title='bbox 605 846 807 886; x_wconf 81' lang='lat' dir='ltr'>impedimento,</span> <span class='ocrx_word' id='word_1_109' title='bbox 821 846 867 875; x_wconf 85' lang='lat' dir='ltr'>sed</span> <span class='ocrx_word' id='word_1_110' title='bbox 880 845 994 874; x_wconf 87' lang='lat' dir='ltr'>liberum</span> 
     </span>
     <span class='ocr_line' id='line_1_18' title="bbox 256 891 995 931; baseline -0.005 -8"><span class='ocrx_word' id='word_1_111' title='bbox 256 894 396 923; x_wconf 74' lang='lat' dir='ltr'>arbitrium</span> <span class='ocrx_word' id='word_1_112' title='bbox 412 892 482 931; x_wconf 87' lang='lat' dir='ltr'>quod</span> <span class='ocrx_word' id='word_1_113' title='bbox 500 892 568 921; x_wconf 84' lang='lat' dir='ltr'>male</span> <span class='ocrx_word' id='word_1_114' title='bbox 583 902 662 920; x_wconf 84' lang='lat' dir='ltr'>usum</span> <span class='ocrx_word' id='word_1_115' title='bbox 676 899 714 920; x_wconf 86' lang='lat' dir='ltr'>est</span> <span class='ocrx_word' id='word_1_116' title='bbox 729 891 830 931; x_wconf 89' lang='lat' dir='ltr'>nuptiis</span> <span class='ocrx_word' id='word_1_117' title='bbox 849 903 855 919; x_wconf 77' lang='lat' dir='ltr'><em>z</em></span> <span class='ocrx_word' id='word_1_118' title='bbox 873 901 934 920; x_wconf 91' lang='lat' dir='ltr'>nam</span> <span class='ocrx_word' id='word_1_119' title='bbox 949 901 995 920; x_wconf 90' lang='lat' dir='ltr'>ne-</span> 
     </span>
     <span class='ocr_line' id='line_1_19' title="bbox 254 936 992 977; baseline -0.001 -11"><span class='ocrx_word' id='word_1_120' title='bbox 254 949 306 977; x_wconf 81' lang='lat' dir='ltr'>que</span> <span class='ocrx_word' id='word_1_121' title='bbox 320 939 412 967; x_wconf 76' lang='lat' dir='ltr'>vinum</span> <span class='ocrx_word' id='word_1_122' title='bbox 425 938 487 966; x_wconf 84' lang='lat' dir='ltr'>facit</span> <span class='ocrx_word' id='word_1_123' title='bbox 503 937 672 973; x_wconf 84' lang='lat' dir='ltr'>ebrietatem,</span> <span class='ocrx_word' id='word_1_124' title='bbox 684 937 731 966; x_wconf 87' lang='lat' dir='ltr'>sed</span> <span class='ocrx_word' id='word_1_125' title='bbox 747 937 846 965; x_wconf 89' lang='lat' dir='ltr'>malurn</span> <span class='ocrx_word' id='word_1_126' title='bbox 858 937 941 965; x_wconf 82' lang='lat' dir='ltr'>animi</span> <span class='ocrx_word' id='word_1_127' title='bbox 953 936 992 965; x_wconf 90' lang='lat' dir='ltr'>in-</span> 
     </span>
     <span class='ocr_line' id='line_1_20' title="bbox 254 981 994 1023; baseline -0.004 -10"><span class='ocrx_word' id='word_1_128' title='bbox 254 985 389 1020; x_wconf 81' lang='lat' dir='ltr'>stitutum,</span> <span class='ocrx_word' id='word_1_129' title='bbox 404 991 429 1013; x_wconf 85' lang='lat' dir='ltr'>et</span> <span class='ocrx_word' id='word_1_130' title='bbox 449 984 506 1023; x_wconf 83' lang='lat' dir='ltr'>ejus</span> <span class='ocrx_word' id='word_1_131' title='bbox 526 993 590 1011; x_wconf 86' lang='lat' dir='ltr'>usus</span> <span class='ocrx_word' id='word_1_132' title='bbox 613 993 693 1022; x_wconf 86' lang='lat' dir='ltr'>supra</span> <span class='ocrx_word' id='word_1_133' title='bbox 717 982 838 1011; x_wconf 85' lang='lat' dir='ltr'>modum.</span> <span class='ocrx_word' id='word_1_134' title='bbox 855 981 994 1011; x_wconf 83' lang='lat' dir='ltr'>Moderate</span> 
     </span>
     <span class='ocr_line' id='line_1_21' title="bbox 255 1027 994 1068; baseline -0.001 -11"><span class='ocrx_word' id='word_1_135' title='bbox 255 1037 327 1058; x_wconf 82' lang='lat' dir='ltr'>utere</span> <span class='ocrx_word' id='word_1_136' title='bbox 339 1029 450 1068; x_wconf 76' lang='lat' dir='ltr'>nuptiis,</span> <span class='ocrx_word' id='word_1_137' title='bbox 463 1036 488 1057; x_wconf 87' lang='lat' dir='ltr'>et</span> <span class='ocrx_word' id='word_1_138' title='bbox 500 1028 552 1057; x_wconf 89' lang='lat' dir='ltr'>eris</span> <span class='ocrx_word' id='word_1_139' title='bbox 566 1028 670 1067; x_wconf 85' lang='lat' dir='ltr'>primus</span> <span class='ocrx_word' id='word_1_140' title='bbox 683 1028 710 1056; x_wconf 90' lang='lat' dir='ltr'>iu</span> <span class='ocrx_word' id='word_1_141' title='bbox 725 1037 806 1066; x_wconf 81' lang='lat' dir='ltr'>regno</span> <span class='ocrx_word' id='word_1_142' title='bbox 820 1027 956 1062; x_wconf 77' lang='lat' dir='ltr'>caelorum,</span> <span class='ocrx_word' id='word_1_143' title='bbox 968 1035 994 1056; x_wconf 86' lang='lat' dir='ltr'>et</span> 
     </span>
     <span class='ocr_line' id='line_1_22' title="bbox 255 1073 993 1112; baseline -0.004 -8"><span class='ocrx_word' id='word_1_144' title='bbox 255 1076 350 1104; x_wconf 82' lang='lat' dir='ltr'>frueris</span> <span class='ocrx_word' id='word_1_145' title='bbox 363 1076 440 1104; x_wconf 91' lang='lat' dir='ltr'>bonis</span> <span class='ocrx_word' id='word_1_146' title='bbox 454 1075 579 1104; x_wconf 86' lang='lat' dir='ltr'>omnibus</span> <span class='ocrx_word' id='word_1_147' title='bbox 597 1086 602 1101; x_wconf 89' lang='lat'><strong>:</strong></span> <span class='ocrx_word' id='word_1_148' title='bbox 615 1084 675 1112; x_wconf 86' lang='lat' dir='ltr'>quae</span> <span class='ocrx_word' id='word_1_149' title='bbox 689 1073 769 1102; x_wconf 87' lang='lat' dir='ltr'>detur</span> <span class='ocrx_word' id='word_1_150' title='bbox 780 1073 856 1101; x_wconf 87' lang='lat' dir='ltr'>nobis</span> <span class='ocrx_word' id='word_1_151' title='bbox 869 1073 993 1101; x_wconf 85' lang='lat' dir='ltr'>omnibus</span> 
     </span>
     <span class='ocr_line' id='line_1_23' title="bbox 255 1119 993 1161; baseline -0.005 -10"><span class='ocrx_word' id='word_1_152' title='bbox 255 1122 388 1161; x_wconf 78' lang='lat' dir='ltr'>consequi,</span> <span class='ocrx_word' id='word_1_153' title='bbox 404 1122 488 1160; x_wconf 80' lang='lat' dir='ltr'>gratia</span> <span class='ocrx_word' id='word_1_154' title='bbox 502 1127 526 1149; x_wconf 89' lang='lat' dir='ltr'>et</span> <span class='ocrx_word' id='word_1_155' title='bbox 538 1120 700 1159; x_wconf 75' lang='lat' dir='ltr'>benignitate</span> <span class='ocrx_word' id='word_1_156' title='bbox 712 1119 823 1148; x_wconf 87' lang='lat' dir='ltr'>Domini</span> <span class='ocrx_word' id='word_1_157' title='bbox 836 1119 917 1147; x_wconf 81' lang='lat' dir='ltr'>nostri</span> <span class='ocrx_word' id='word_1_158' title='bbox 930 1120 993 1149; x_wconf 86' lang='lat' dir='ltr'>Jesu</span> 
     </span>
     <span class='ocr_line' id='line_1_24' title="bbox 255 1165 994 1205; baseline -0.005 -8"><span class='ocrx_word' id='word_1_159' title='bbox 255 1168 371 1203; x_wconf 84' lang='lat' dir='ltr'>Christi,</span> <span class='ocrx_word' id='word_1_160' title='bbox 387 1177 449 1196; x_wconf 89' lang='lat' dir='ltr'>cum</span> <span class='ocrx_word' id='word_1_161' title='bbox 461 1177 514 1205; x_wconf 86' lang='lat' dir='ltr'>quo</span> <span class='ocrx_word' id='word_1_162' title='bbox 528 1166 600 1194; x_wconf 83' lang='lat' dir='ltr'>Patri</span> <span class='ocrx_word' id='word_1_163' title='bbox 622 1166 753 1204; x_wconf 87' lang='lat' dir='ltr'>simulque</span> <span class='ocrx_word' id='word_1_164' title='bbox 767 1172 857 1194; x_wconf 85' lang='lat' dir='ltr'>sancto</span> <span class='ocrx_word' id='word_1_165' title='bbox 881 1165 994 1204; x_wconf 87' lang='lat' dir='ltr'>Spiritui</span> 
     </span>
     <span class='ocr_line' id='line_1_25' title="bbox 255 1211 993 1253; baseline -0.005 -10"><span class='ocrx_word' id='word_1_166' title='bbox 255 1214 356 1253; x_wconf 84' lang='lat' dir='ltr'>gloria,</span> <span class='ocrx_word' id='word_1_167' title='bbox 379 1219 508 1253; x_wconf 82' lang='lat' dir='ltr'>potestas,</span> <span class='ocrx_word' id='word_1_168' title='bbox 531 1212 625 1247; x_wconf 86' lang='lat' dir='ltr'>honor,</span> <span class='ocrx_word' id='word_1_169' title='bbox 646 1221 716 1240; x_wconf 88' lang='lat' dir='ltr'>nunc</span> <span class='ocrx_word' id='word_1_170' title='bbox 739 1218 764 1239; x_wconf 86' lang='lat' dir='ltr'>ct</span> <span class='ocrx_word' id='word_1_171' title='bbox 788 1221 901 1250; x_wconf 87' lang='lat' dir='ltr'>semper,</span> <span class='ocrx_word' id='word_1_172' title='bbox 925 1218 949 1239; x_wconf 85' lang='lat' dir='ltr'>et</span> <span class='ocrx_word' id='word_1_173' title='bbox 968 1211 993 1240; x_wconf 88' lang='lat' dir='ltr'>in</span> 
     </span>
     <span class='ocr_line' id='line_1_26' title="bbox 256 1258 651 1289; baseline -0.008 0"><span class='ocrx_word' id='word_1_174' title='bbox 256 1260 351 1289; x_wconf 85' lang='lat' dir='ltr'>saecula</span> <span class='ocrx_word' id='word_1_175' title='bbox 366 1258 533 1288; x_wconf 74' lang='lat' dir='ltr'>saeculorum.</span> <span class='ocrx_word' id='word_1_176' title='bbox 556 1260 651 1286; x_wconf 70' lang='lat' dir='ltr'>Amen.</span> 
     </span>
    </p>
   </div>
   <div class='ocr_carea' id='block_1_7' title="bbox 287 1347 947 1381">
    <p class='ocr_par' dir='ltr' id='par_1_7' title="bbox 287 1347 947 1381">
     <span class='ocr_line' id='line_1_27' title="bbox 287 1347 947 1381; baseline -0.002 -8"><span class='ocrx_word' id='word_1_177' title='bbox 287 1357 297 1368; x_wconf 65' lang='grc' dir='ltr'><strong>ι</strong></span> <span class='ocrx_word' id='word_1_178' title='bbox 315 1348 472 1381; x_wconf 74' lang='lat' dir='ltr'>[Articulum</span> <span class='ocrx_word' id='word_1_179' title='bbox 486 1357 537 1373; x_wconf 83' lang='lat' dir='ltr'>om.</span> <span class='ocrx_word' id='word_1_180' title='bbox 552 1347 674 1373; x_wconf 80' lang='lat' dir='ltr'>Commel.</span> <span class='ocrx_word' id='word_1_181' title='bbox 685 1356 741 1372; x_wconf 82' lang='lat' dir='ltr'>eum</span> <span class='ocrx_word' id='word_1_182' title='bbox 753 1354 859 1380; x_wconf 80' lang='lat' dir='ltr'>utroque</span> <span class='ocrx_word' id='word_1_183' title='bbox 870 1347 947 1381; x_wconf 90' lang='lat' dir='ltr'>Cod.]</span> 
     </span>
    </p>
   </div>
   <div class='ocr_carea' id='block_1_8' title="bbox 590 181 1467 217">
    <p class='ocr_par' dir='ltr' id='par_1_8' title="bbox 590 181 1467 217">
     <span class='ocr_line' id='line_1_28' title="bbox 590 181 1467 217; baseline -0.002 0"><span class='ocrx_word' id='word_1_184' title='bbox 590 193 619 217; x_wconf 78' lang='lat' dir='ltr'>S·</span> <span class='ocrx_word' id='word_1_185' title='bbox 644 192 781 217; x_wconf 62' lang='lat' dir='ltr'>Joxxxts</span> <span class='ocrx_word' id='word_1_186' title='bbox 808 193 986 216; x_wconf 63' lang='lat' dir='ltr'>cnm&#39;sosl‘.</span> <span class='ocrx_word' id='word_1_187' title='bbox 1018 191 1170 214; x_wconf 75' lang='lat' dir='ltr'>Anctltffl‘.</span> <span class='ocrx_word' id='word_1_188' title='bbox 1199 181 1467 215; x_wconf 46' lang='grc' dir='ltr'>ΕΟΝΞΤΑΝΤΙΝΟΡ.Ἰ</span> 
     </span>
    </p>
   </div>
   <div class='ocr_carea' id='block_1_9' title="bbox 1046 251 1811 520">
    <p class='ocr_par' dir='ltr' id='par_1_9' title="bbox 1046 251 1811 520">
     <span class='ocr_line' id='line_1_29' title="bbox 1047 251 1809 292; baseline 0 -12"><span class='ocrx_word' id='word_1_189' title='bbox 1047 253 1081 284; x_wconf 76' lang='grc' dir='ltr'>εἷς</span> <span class='ocrx_word' id='word_1_190' title='bbox 1095 252 1182 280; x_wconf 80' lang='grc' dir='ltr'>στενὸν</span> <span class='ocrx_word' id='word_1_191' title='bbox 1199 252 1370 287; x_wconf 71' lang='grc' dir='ltr'>κατεκλείσθη</span> <span class='ocrx_word' id='word_1_192' title='bbox 1382 253 1414 281; x_wconf 74' lang='grc' dir='ltr'>τὰ</span> <span class='ocrx_word' id='word_1_193' title='bbox 1427 255 1474 288; x_wconf 70' lang='grc' dir='ltr'>τῆς</span> <span class='ocrx_word' id='word_1_194' title='bbox 1484 254 1588 292; x_wconf 70' lang='grc' dir='ltr'>ἀρετῆς.</span> <span class='ocrx_word' id='word_1_195' title='bbox 1602 254 1663 285; x_wconf 79' lang='grc' dir='ltr'>Πῶς</span> <span class='ocrx_word' id='word_1_196' title='bbox 1675 252 1700 282; x_wconf 72' lang='grc' dir='ltr'>δὲ</span> <span class='ocrx_word' id='word_1_197' title='bbox 1714 253 1758 282; x_wconf 75' lang='grc' dir='ltr'>καὶ</span> <span class='ocrx_word' id='word_1_198' title='bbox 1772 251 1809 280; x_wconf 81' lang='grc' dir='ltr'>τί·</span> 
     </span>
     <span class='ocr_line' id='line_1_30' title="bbox 1048 295 1809 337; baseline 0 -12"><span class='ocrx_word' id='word_1_199' title='bbox 1048 309 1105 335; x_wconf 77' lang='grc' dir='ltr'>μιος</span> <span class='ocrx_word' id='word_1_200' title='bbox 1113 300 1126 325; x_wconf 79' lang='grc' dir='ltr'>ὁ</span> <span class='ocrx_word' id='word_1_201' title='bbox 1133 296 1232 335; x_wconf 77' lang='grc' dir='ltr'>γάμος,</span> <span class='ocrx_word' id='word_1_202' title='bbox 1242 300 1256 326; x_wconf 85' lang='grc' dir='ltr'><strong>ὁ</strong></span> <span class='ocrx_word' id='word_1_203' title='bbox 1266 301 1384 327; x_wconf 77' lang='grc' dir='ltr'>τοσοῦτον</span> <span class='ocrx_word' id='word_1_204' title='bbox 1399 299 1544 336; x_wconf 80' lang='grc' dir='ltr'>ἐμποδίζων</span> <span class='ocrx_word' id='word_1_205' title='bbox 1555 302 1618 337; x_wconf 81' lang='grc' dir='ltr'>ἡμῖν</span> <span class='ocrx_word' id='word_1_206' title='bbox 1628 299 1676 334; x_wconf 77' lang='grc' dir='ltr'>;Ἰ“ί</span> <span class='ocrx_word' id='word_1_207' title='bbox 1687 295 1730 327; x_wconf 63' lang='grc' dir='ltr'>οὖν</span> <span class='ocrx_word' id='word_1_208' title='bbox 1740 298 1809 326; x_wconf 78' lang='grc' dir='ltr'>ἐστὶν</span> 
     </span>
     <span class='ocr_line' id='line_1_31' title="bbox 1048 342 1810 383; baseline 0 -12"><span class='ocrx_word' id='word_1_209' title='bbox 1048 345 1146 377; x_wconf 82' lang='grc' dir='ltr'>εἶπεῖν;</span> <span class='ocrx_word' id='word_1_210' title='bbox 1173 342 1299 378; x_wconf 75' lang='grc' dir='ltr'>Δυνατὸν,</span> <span class='ocrx_word' id='word_1_211' title='bbox 1315 343 1359 371; x_wconf 76' lang='grc' dir='ltr'>καὶ</span> <span class='ocrx_word' id='word_1_212' title='bbox 1379 344 1479 383; x_wconf 73' lang='grc' dir='ltr'>σφόδρα</span> <span class='ocrx_word' id='word_1_213' title='bbox 1502 344 1609 374; x_wconf 80' lang='grc' dir='ltr'>δυνατὸν</span> <span class='ocrx_word' id='word_1_214' title='bbox 1626 344 1670 372; x_wconf 80' lang='grc' dir='ltr'>καὶ</span> <span class='ocrx_word' id='word_1_215' title='bbox 1686 347 1810 382; x_wconf 80' lang='grc' dir='ltr'>γυναῖκας</span> 
     </span>
     <span class='ocr_line' id='line_1_32' title="bbox 1047 388 1810 427; baseline 0.001 -11"><span class='ocrx_word' id='word_1_216' title='bbox 1047 388 1155 426; x_wconf 76' lang='grc' dir='ltr'>ἔχοντας</span> <span class='ocrx_word' id='word_1_217' title='bbox 1171 388 1220 423; x_wconf 74' lang='grc' dir='ltr'>τὴν</span> <span class='ocrx_word' id='word_1_218' title='bbox 1241 389 1336 427; x_wconf 78' lang='grc' dir='ltr'>ἀρετὴν</span> <span class='ocrx_word' id='word_1_219' title='bbox 1360 389 1489 426; x_wconf 81' lang='grc' dir='ltr'>μετιέναι,</span> <span class='ocrx_word' id='word_1_220' title='bbox 1513 389 1556 418; x_wconf 75' lang='grc' dir='ltr'>ἐὰν</span> <span class='ocrx_word' id='word_1_221' title='bbox 1573 389 1700 427; x_wconf 67' lang='grc' dir='ltr'>θέλωμεν.</span> <span class='ocrx_word' id='word_1_222' title='bbox 1730 390 1792 420; x_wconf 75' lang='grc' dir='ltr'>Πῶς</span> <span class='ocrx_word' id='word_1_223' title='bbox 1803 399 1810 423; x_wconf 87' lang='grc'>;</span> 
     </span>
     <span class='ocr_line' id='line_1_33' title="bbox 1047 429 1810 474; baseline -0.003 -10"><span class='ocrx_word' id='word_1_224' title='bbox 1047 434 1112 464; x_wconf 77' lang='grc' dir='ltr'>Ἐὰν</span> <span class='ocrx_word' id='word_1_225' title='bbox 1127 433 1231 474; x_wconf 82' lang='grc' dir='ltr'>ἔχοντες</span> <span class='ocrx_word' id='word_1_226' title='bbox 1245 439 1355 473; x_wconf 79' lang='grc' dir='ltr'>γυναῖκα</span> <span class='ocrx_word' id='word_1_227' title='bbox 1366 456 1374 470; x_wconf 93' lang='lat'>‚</span> <span class='ocrx_word' id='word_1_228' title='bbox 1388 436 1423 467; x_wconf 81' lang='grc' dir='ltr'>ὡς</span> <span class='ocrx_word' id='word_1_229' title='bbox 1441 434 1477 473; x_wconf 83' lang='grc' dir='ltr'>μὴ</span> <span class='ocrx_word' id='word_1_230' title='bbox 1492 434 1595 474; x_wconf 79' lang='grc' dir='ltr'>ἔχοντες</span> <span class='ocrx_word' id='word_1_231' title='bbox 1609 429 1695 473; x_wconf 67' lang='grc' dir='ltr'>ὦμεν·</span> <span class='ocrx_word' id='word_1_232' title='bbox 1716 433 1760 462; x_wconf 77' lang='grc' dir='ltr'>ἐὰν</span> <span class='ocrx_word' id='word_1_233' title='bbox 1773 433 1810 472; x_wconf 80' lang='grc' dir='ltr'>μὴ</span> 
     </span>
     <span class='ocr_line' id='line_1_34' title="bbox 1046 480 1811 520; baseline -0.003 -10"><span class='ocrx_word' id='word_1_234' title='bbox 1046 481 1181 520; x_wconf 78' lang='grc' dir='ltr'>χαίρωμεν</span> <span class='ocrx_word' id='word_1_235' title='bbox 1194 481 1237 510; x_wconf 77' lang='grc' dir='ltr'>ἐπὶ</span> <span class='ocrx_word' id='word_1_236' title='bbox 1251 480 1390 516; x_wconf 76' lang='grc' dir='ltr'>κτήσεσιν,</span> <span class='ocrx_word' id='word_1_237' title='bbox 1406 480 1450 509; x_wconf 83' lang='grc' dir='ltr'>ἐὰν</span> <span class='ocrx_word' id='word_1_238' title='bbox 1466 482 1504 519; x_wconf 84' lang='grc' dir='ltr'>τῷ</span> <span class='ocrx_word' id='word_1_239' title='bbox 1528 481 1619 519; x_wconf 83' lang='grc' dir='ltr'>κόσμῳ</span> <span class='ocrx_word' id='word_1_240' title='bbox 1632 480 1759 520; x_wconf 78' lang='grc' dir='ltr'>χρώμεθα</span> <span class='ocrx_word' id='word_1_241' title='bbox 1776 481 1811 511; x_wconf 80' lang='grc' dir='ltr'>ὡς</span> 
     </span>
    </p>
   </div>
   <div class='ocr_carea' id='block_1_10' title="bbox 1012 525 1812 566">
    <p class='ocr_par' dir='ltr' id='par_1_10' title="bbox 1012 525 1812 566">
     <span class='ocr_line' id='line_1_35' title="bbox 1012 525 1812 566; baseline -0.004 -10"><span class='ocrx_word' id='word_1_242' title='bbox 1012 533 1030 556; x_wconf 91' lang='lat' dir='ltr'>C</span> <span class='ocrx_word' id='word_1_243' title='bbox 1047 526 1084 565; x_wconf 83' lang='grc' dir='ltr'>μὴ</span> <span class='ocrx_word' id='word_1_244' title='bbox 1110 526 1322 566; x_wconf 73' lang='grc' dir='ltr'>καταχρώμενοι.</span> <span class='ocrx_word' id='word_1_245' title='bbox 1350 527 1383 555; x_wconf 85' lang='grc' dir='ltr'>Εἰ</span> <span class='ocrx_word' id='word_1_246' title='bbox 1403 525 1431 554; x_wconf 81' lang='grc' dir='ltr'>δέ</span> <span class='ocrx_word' id='word_1_247' title='bbox 1448 538 1515 558; x_wconf 84' lang='grc' dir='ltr'>τινες</span> <span class='ocrx_word' id='word_1_248' title='bbox 1537 526 1738 560; x_wconf 81' lang='grc' dir='ltr'>ἐνεποδίσθησαν</span> <span class='ocrx_word' id='word_1_249' title='bbox 1761 525 1812 554; x_wconf 77' lang='grc' dir='ltr'>ὑπὸ</span> 
     </span>
    </p>
   </div>
   <div class='ocr_carea' id='block_1_11' title="bbox 1046 571 1811 1016">
    <p class='ocr_par' dir='ltr' id='par_1_11' title="bbox 1046 571 1811 1016">
     <span class='ocr_line' id='line_1_36' title="bbox 1047 571 1809 611; baseline -0.001 -11"><span class='ocrx_word' id='word_1_250' title='bbox 1047 572 1145 611; x_wconf 81' lang='grc' dir='ltr'>γάμου,</span> <span class='ocrx_word' id='word_1_251' title='bbox 1168 572 1294 602; x_wconf 59' lang='lat' dir='ltr'>{eim-mv</span> <span class='ocrx_word' id='word_1_252' title='bbox 1316 572 1356 600; x_wconf 78' lang='grc' dir='ltr'>ὅτι</span> <span class='ocrx_word' id='word_1_253' title='bbox 1380 572 1429 611; x_wconf 76' lang='grc' dir='ltr'>οὐχ</span> <span class='ocrx_word' id='word_1_254' title='bbox 1441 573 1455 600; x_wconf 86' lang='grc' dir='ltr'><strong>ὁ</strong></span> <span class='ocrx_word' id='word_1_255' title='bbox 1469 571 1552 610; x_wconf 84' lang='grc' dir='ltr'>γάμος</span> <span class='ocrx_word' id='word_1_256' title='bbox 1570 571 1705 609; x_wconf 83' lang='grc' dir='ltr'>ἐμπόδιον,</span> <span class='ocrx_word' id='word_1_257' title='bbox 1719 572 1777 599; x_wconf 84' lang='grc' dir='ltr'>ἀλλ’</span> <span class='ocrx_word' id='word_1_258' title='bbox 1792 572 1809 605; x_wconf 79' lang='grc' dir='ltr'>ἡ</span> 
     </span>
     <span class='ocr_line' id='line_1_37' title="bbox 1046 615 1810 658; baseline -0.004 -11"><span class='ocrx_word' id='word_1_259' title='bbox 1046 618 1196 658; x_wconf 79' lang='grc' dir='ltr'>προαίρεσις</span> <span class='ocrx_word' id='word_1_260' title='bbox 1209 621 1226 653; x_wconf 84' lang='grc' dir='ltr'>ἡ</span> <span class='ocrx_word' id='word_1_261' title='bbox 1240 619 1328 650; x_wconf 80' lang='grc' dir='ltr'>κακῶς</span> <span class='ocrx_word' id='word_1_262' title='bbox 1342 617 1497 656; x_wconf 76' lang='grc' dir='ltr'>χρησαμένη</span> <span class='ocrx_word' id='word_1_263' title='bbox 1518 618 1555 656; x_wconf 77' lang='grc' dir='ltr'>τῷ</span> <span class='ocrx_word' id='word_1_264' title='bbox 1575 615 1652 655; x_wconf 85' lang='grc' dir='ltr'>γάμῳ</span> <span class='ocrx_word' id='word_1_265' title='bbox 1663 627 1669 634; x_wconf 90' lang='grc'><em>·</em></span> <span class='ocrx_word' id='word_1_266' title='bbox 1682 615 1739 645; x_wconf 78' lang='grc' dir='ltr'>ἐπεὶ</span> <span class='ocrx_word' id='word_1_267' title='bbox 1753 616 1810 645; x_wconf 81' lang='grc' dir='ltr'>οὐδὲ</span> 
     </span>
     <span class='ocr_line' id='line_1_38' title="bbox 1046 659 1810 701; baseline -0.003 -9"><span class='ocrx_word' id='word_1_268' title='bbox 1046 666 1059 692; x_wconf 84' lang='grc' dir='ltr'><strong>ὁ</strong></span> <span class='ocrx_word' id='word_1_269' title='bbox 1074 659 1140 696; x_wconf 73' lang='grc' dir='ltr'>οἶνος</span> <span class='ocrx_word' id='word_1_270' title='bbox 1153 669 1223 693; x_wconf 78' lang='grc' dir='ltr'>ποιεῖ</span> <span class='ocrx_word' id='word_1_271' title='bbox 1246 667 1257 680; x_wconf 74' lang='lat'>⁸</span> <span class='ocrx_word' id='word_1_272' title='bbox 1268 663 1316 698; x_wconf 75' lang='grc' dir='ltr'>τὴν</span> <span class='ocrx_word' id='word_1_273' title='bbox 1330 663 1422 701; x_wconf 81' lang='grc' dir='ltr'>μέθην,</span> <span class='ocrx_word' id='word_1_274' title='bbox 1439 663 1497 692; x_wconf 78' lang='grc' dir='ltr'>ἀλλ’</span> <span class='ocrx_word' id='word_1_275' title='bbox 1512 665 1529 697; x_wconf 83' lang='grc' dir='ltr'>ἠ</span> <span class='ocrx_word' id='word_1_276' title='bbox 1548 661 1618 696; x_wconf 83' lang='grc' dir='ltr'>κακὴ</span> <span class='ocrx_word' id='word_1_277' title='bbox 1644 661 1810 701; x_wconf 79' lang='grc' dir='ltr'>προαίρεσις,</span> 
     </span>
     <span class='ocr_line' id='line_1_39' title="bbox 1047 706 1811 750; baseline -0.004 -12"><span class='ocrx_word' id='word_1_278' title='bbox 1047 709 1091 738; x_wconf 78' lang='grc' dir='ltr'>καὶ</span> <span class='ocrx_word' id='word_1_279' title='bbox 1115 710 1144 738; x_wconf 85' lang='grc' dir='ltr'>τὸ</span> <span class='ocrx_word' id='word_1_280' title='bbox 1165 709 1233 750; x_wconf 83' lang='grc' dir='ltr'>πέρα</span> <span class='ocrx_word' id='word_1_281' title='bbox 1247 712 1291 738; x_wconf 77' lang='grc' dir='ltr'>τοῦ</span> <span class='ocrx_word' id='word_1_282' title='bbox 1307 709 1402 749; x_wconf 82' lang='grc' dir='ltr'>μέτρου</span> <span class='ocrx_word' id='word_1_283' title='bbox 1420 711 1549 748; x_wconf 73' lang='grc' dir='ltr'>χρῆσθαι·</span> <span class='ocrx_word' id='word_1_284' title='bbox 1567 707 1634 746; x_wconf 78' lang='grc' dir='ltr'>μετὰ</span> <span class='ocrx_word' id='word_1_285' title='bbox 1648 706 1811 746; x_wconf 81' lang='grc' dir='ltr'>συμμετρίας</span> 
     </span>
     <span class='ocr_line' id='line_1_40' title="bbox 1047 751 1810 794; baseline -0.003 -12"><span class='ocrx_word' id='word_1_286' title='bbox 1047 756 1084 793; x_wconf 83' lang='grc' dir='ltr'>τῷ</span> <span class='ocrx_word' id='word_1_287' title='bbox 1098 755 1176 794; x_wconf 81' lang='grc' dir='ltr'>γάμῳ</span> <span class='ocrx_word' id='word_1_288' title='bbox 1189 757 1260 794; x_wconf 78' lang='grc' dir='ltr'>χρῶ,</span> <span class='ocrx_word' id='word_1_289' title='bbox 1276 755 1320 783; x_wconf 73' lang='grc' dir='ltr'>καὶ</span> <span class='ocrx_word' id='word_1_290' title='bbox 1341 757 1443 794; x_wconf 79' lang='grc' dir='ltr'>πρῶτος</span> <span class='ocrx_word' id='word_1_291' title='bbox 1456 756 1481 783; x_wconf 76' lang='grc' dir='ltr'>ἐν</span> <span class='ocrx_word' id='word_1_292' title='bbox 1496 755 1529 792; x_wconf 79' lang='grc' dir='ltr'>τῇ</span> <span class='ocrx_word' id='word_1_293' title='bbox 1547 752 1668 793; x_wconf 73' lang='grc' dir='ltr'>βασιλείᾳ</span> <span class='ocrx_word' id='word_1_294' title='bbox 1679 752 1726 792; x_wconf 77' lang='grc' dir='ltr'>ἔσῃ</span> <span class='ocrx_word' id='word_1_295' title='bbox 1736 774 1744 789; x_wconf 88' lang='lat'><em>,</em></span> <span class='ocrx_word' id='word_1_296' title='bbox 1765 751 1810 781; x_wconf 83' lang='grc' dir='ltr'>καὶ</span> 
     </span>
     <span class='ocr_line' id='line_1_41' title="bbox 1046 794 1810 838; baseline -0.005 -9"><span class='ocrx_word' id='word_1_297' title='bbox 1046 800 1153 829; x_wconf 81' lang='grc' dir='ltr'>πάντων</span> <span class='ocrx_word' id='word_1_298' title='bbox 1167 800 1324 832; x_wconf 74' lang='grc' dir='ltr'>ἀπολαύσεις</span> <span class='ocrx_word' id='word_1_299' title='bbox 1343 801 1395 828; x_wconf 83' lang='grc' dir='ltr'>τῶν</span> <span class='ocrx_word' id='word_1_300' title='bbox 1407 801 1510 838; x_wconf 78' lang='grc' dir='ltr'>ἀγαθῶν</span> <span class='ocrx_word' id='word_1_301' title='bbox 1519 810 1525 816; x_wconf 94' lang='grc'><em>·</em></span> <span class='ocrx_word' id='word_1_302' title='bbox 1547 794 1584 827; x_wconf 71' lang='grc' dir='ltr'>ὧν</span> <span class='ocrx_word' id='word_1_303' title='bbox 1596 797 1697 837; x_wconf 84' lang='grc' dir='ltr'>γένοιτο</span> <span class='ocrx_word' id='word_1_304' title='bbox 1710 797 1810 830; x_wconf 80' lang='grc' dir='ltr'>πάντας</span> 
     </span>
     <span class='ocr_line' id='line_1_42' title="bbox 1046 842 1810 884; baseline -0.004 -10"><span class='ocrx_word' id='word_1_305' title='bbox 1046 849 1116 883; x_wconf 74' lang='grc' dir='ltr'>ἡμᾶς</span> <span class='ocrx_word' id='word_1_306' title='bbox 1131 847 1272 884; x_wconf 76' lang='grc' dir='ltr'>ἐπιτυχεῖν,</span> <span class='ocrx_word' id='word_1_307' title='bbox 1283 845 1373 883; x_wconf 72' lang='grc' dir='ltr'>χάριτι</span> <span class='ocrx_word' id='word_1_308' title='bbox 1393 845 1436 872; x_wconf 79' lang='grc' dir='ltr'>καὶ</span> <span class='ocrx_word' id='word_1_309' title='bbox 1456 843 1637 883; x_wconf 66' lang='grc' dir='ltr'>φιλανθρωπίᾳ</span> <span class='ocrx_word' id='word_1_310' title='bbox 1650 845 1695 872; x_wconf 77' lang='grc' dir='ltr'>τοῦ</span> <span class='ocrx_word' id='word_1_311' title='bbox 1713 842 1810 881; x_wconf 82' lang='grc' dir='ltr'>Κυρίου</span> 
     </span>
     <span class='ocr_line' id='line_1_43' title="bbox 1046 885 1810 929; baseline -0.005 -10"><span class='ocrx_word' id='word_1_312' title='bbox 1046 893 1122 929; x_wconf 75' lang='grc' dir='ltr'>ἡμῶν</span> <span class='ocrx_word' id='word_1_313' title='bbox 1142 892 1230 925; x_wconf 82' lang='grc' dir='ltr'>Ἰησοῦ</span> <span class='ocrx_word' id='word_1_314' title='bbox 1254 891 1383 927; x_wconf 76' lang='grc' dir='ltr'>Χριστοῦ,</span> <span class='ocrx_word' id='word_1_315' title='bbox 1398 890 1454 927; x_wconf 73' lang='grc' dir='ltr'>μεθ’</span> <span class='ocrx_word' id='word_1_316' title='bbox 1469 885 1498 918; x_wconf 61' lang='grc' dir='ltr'>οὗ</span> <span class='ocrx_word' id='word_1_317' title='bbox 1520 890 1558 927; x_wconf 84' lang='grc' dir='ltr'>τῷ</span> <span class='ocrx_word' id='word_1_318' title='bbox 1575 888 1664 927; x_wconf 76' lang='grc' dir='ltr'>Πατρὶ</span> <span class='ocrx_word' id='word_1_319' title='bbox 1691 888 1747 926; x_wconf 80' lang='grc' dir='ltr'>ἅμα</span> <span class='ocrx_word' id='word_1_320' title='bbox 1771 889 1810 927; x_wconf 81' lang='grc' dir='ltr'>τῷ</span> 
     </span>
     <span class='ocr_line' id='line_1_44' title="bbox 1046 933 1810 975; baseline -0.004 -10"><span class='ocrx_word' id='word_1_321' title='bbox 1046 936 1112 975; x_wconf 81' lang='grc' dir='ltr'>ἁγίῳ</span> <span class='ocrx_word' id='word_1_322' title='bbox 1122 935 1259 974; x_wconf 79' lang='grc' dir='ltr'>Πνεύματι</span> <span class='ocrx_word' id='word_1_323' title='bbox 1275 935 1334 968; x_wconf 76' lang='grc' dir='ltr'>δόξα</span> <span class='ocrx_word' id='word_1_324' title='bbox 1345 957 1352 970; x_wconf 90' lang='grc'><strong>,</strong></span> <span class='ocrx_word' id='word_1_325' title='bbox 1366 934 1461 973; x_wconf 81' lang='grc' dir='ltr'>κράτος</span> <span class='ocrx_word' id='word_1_326' title='bbox 1470 954 1477 968; x_wconf 88' lang='grc'><em>,</em></span> <span class='ocrx_word' id='word_1_327' title='bbox 1489 933 1554 970; x_wconf 84' lang='grc' dir='ltr'>τιμὴ</span> <span class='ocrx_word' id='word_1_328' title='bbox 1564 955 1571 968; x_wconf 85' lang='lat'>,</span> <span class='ocrx_word' id='word_1_329' title='bbox 1583 935 1626 961; x_wconf 78' lang='grc' dir='ltr'>νῦν</span> <span class='ocrx_word' id='word_1_330' title='bbox 1638 933 1683 962; x_wconf 69' lang='grc' dir='ltr'>καὶ</span> <span class='ocrx_word' id='word_1_331' title='bbox 1696 933 1751 970; x_wconf 72' lang='grc' dir='ltr'>ἀεὶ,</span> <span class='ocrx_word' id='word_1_332' title='bbox 1765 933 1810 962; x_wconf 75' lang='grc' dir='ltr'>καὶ</span> 
     </span>
     <span class='ocr_line' id='line_1_45' title="bbox 1047 978 1579 1016; baseline -0.009 -5"><span class='ocrx_word' id='word_1_333' title='bbox 1047 984 1082 1014; x_wconf 82' lang='grc' dir='ltr'>εἷς</span> <span class='ocrx_word' id='word_1_334' title='bbox 1097 981 1155 1014; x_wconf 78' lang='grc' dir='ltr'>τοὺς</span> <span class='ocrx_word' id='word_1_335' title='bbox 1172 983 1267 1013; x_wconf 78' lang='grc' dir='ltr'>αἰῶνας</span> <span class='ocrx_word' id='word_1_336' title='bbox 1283 983 1335 1009; x_wconf 75' lang='grc' dir='ltr'>τῶν</span> <span class='ocrx_word' id='word_1_337' title='bbox 1354 979 1465 1008; x_wconf 75' lang='grc' dir='ltr'>αἰώνων.</span> <span class='ocrx_word' id='word_1_338' title='bbox 1489 978 1579 1016; x_wconf 77' lang='grc' dir='ltr'>Ἀμήν.</span> 
     </span>
    </p>
   </div>
   <div class='ocr_carea' id='block_1_12' title="bbox 668 1445 1395 1475">
    <p class='ocr_par' dir='ltr' id='par_1_12' title="bbox 668 1445 1395 1475">
     <span class='ocr_line' id='line_1_46' title="bbox 668 1445 1395 1475; baseline 0 -1"><span class='ocrx_word' id='word_1_339' title='bbox 668 1446 843 1475; x_wconf 72' lang='lat' dir='ltr'>MUTIANO</span> <span class='ocrx_word' id='word_1_340' title='bbox 868 1445 1122 1475; x_wconf 68' lang='lat' dir='ltr'>SCHOLASTICO</span> <span class='ocrx_word' id='word_1_341' title='bbox 1145 1445 1395 1475; x_wconf 81' lang='lat' dir='ltr'>INTERPRETE.</span> 
     </span>
    </p>
   </div>
   <div class='ocr_carea' id='block_1_13' title="bbox 254 1536 1810 2042">
    <p class='ocr_par' dir='ltr' id='par_1_13' title="bbox 254 1536 1810 2042">
     <span class='ocr_line' id='line_1_47' title="bbox 255 1536 1809 1578; baseline -0.001 -9"><span class='ocrx_word' id='word_1_342' title='bbox 255 1547 331 1575; x_wconf 84' lang='lat' dir='ltr'>sunt,</span> <span class='ocrx_word' id='word_1_343' title='bbox 344 1538 497 1568; x_wconf 73' lang='lat' dir='ltr'>saecularem</span> <span class='ocrx_word' id='word_1_344' title='bbox 509 1544 599 1566; x_wconf 85' lang='lat' dir='ltr'>autem</span> <span class='ocrx_word' id='word_1_345' title='bbox 612 1537 746 1565; x_wconf 83' lang='lat' dir='ltr'>hominem</span> <span class='ocrx_word' id='word_1_346' title='bbox 768 1536 934 1576; x_wconf 84' lang='lat' dir='ltr'>impossibile</span> <span class='ocrx_word' id='word_1_347' title='bbox 948 1542 985 1565; x_wconf 90' lang='lat' dir='ltr'>est</span> <span class='ocrx_word' id='word_1_348' title='bbox 1000 1547 1042 1565; x_wconf 83' lang='lat' dir='ltr'>eas</span> <span class='ocrx_word' id='word_1_349' title='bbox 1057 1536 1178 1576; x_wconf 89' lang='lat' dir='ltr'>implere,</span> <span class='ocrx_word' id='word_1_350' title='bbox 1195 1547 1256 1565; x_wconf 88' lang='lat' dir='ltr'>cum</span> <span class='ocrx_word' id='word_1_351' title='bbox 1271 1537 1327 1576; x_wconf 85' lang='lat' dir='ltr'>ipse</span> <span class='ocrx_word' id='word_1_352' title='bbox 1341 1536 1448 1576; x_wconf 83' lang='lat' dir='ltr'>nuptias</span> <span class='ocrx_word' id='word_1_353' title='bbox 1455 1537 1551 1577; x_wconf 87' lang='lat' dir='ltr'>jussit,</span> <span class='ocrx_word' id='word_1_354' title='bbox 1567 1537 1626 1577; x_wconf 84' lang='lat' dir='ltr'>ipse</span> <span class='ocrx_word' id='word_1_355' title='bbox 1641 1547 1704 1578; x_wconf 79' lang='lat' dir='ltr'>ergo</span> <span class='ocrx_word' id='word_1_356' title='bbox 1718 1549 1809 1568; x_wconf 83' lang='lat' dir='ltr'>omnes</span> 
     </span>
     <span class='ocr_line' id='line_1_48' title="bbox 255 1583 1809 1627; baseline -0.001 -12"><span class='ocrx_word' id='word_1_357' title='bbox 255 1585 382 1627; x_wconf 77' lang='lat' dir='ltr'>perdidit.</span> <span class='ocrx_word' id='word_1_358' title='bbox 398 1586 426 1615; x_wconf 88' lang='lat' dir='ltr'>Si</span> <span class='ocrx_word' id='word_1_359' title='bbox 440 1585 509 1614; x_wconf 89' lang='lat' dir='ltr'>enim</span> <span class='ocrx_word' id='word_1_360' title='bbox 524 1595 576 1613; x_wconf 92' lang='lat' dir='ltr'>non</span> <span class='ocrx_word' id='word_1_361' title='bbox 592 1590 676 1623; x_wconf 84' lang='lat' dir='ltr'>potest</span> <span class='ocrx_word' id='word_1_362' title='bbox 692 1594 720 1612; x_wconf 89' lang='lat' dir='ltr'>ea</span> <span class='ocrx_word' id='word_1_363' title='bbox 736 1594 796 1612; x_wconf 91' lang='lat' dir='ltr'>cum</span> <span class='ocrx_word' id='word_1_364' title='bbox 811 1583 927 1623; x_wconf 88' lang='lat' dir='ltr'>nuptiis,</span> <span class='ocrx_word' id='word_1_365' title='bbox 945 1594 1002 1621; x_wconf 80' lang='lat' dir='ltr'>quae</span> <span class='ocrx_word' id='word_1_366' title='bbox 1015 1583 1207 1612; x_wconf 85' lang='lat' dir='ltr'>monachorum</span> <span class='ocrx_word' id='word_1_367' title='bbox 1221 1590 1296 1619; x_wconf 84' lang='lat' dir='ltr'>sunt,</span> <span class='ocrx_word' id='word_1_368' title='bbox 1312 1583 1434 1622; x_wconf 83' lang='lat' dir='ltr'>implere,</span> <span class='ocrx_word' id='word_1_369' title='bbox 1449 1584 1537 1612; x_wconf 90' lang='lat' dir='ltr'>omnia</span> <span class='ocrx_word' id='word_1_370' title='bbox 1557 1584 1693 1623; x_wconf 88' lang='lat' dir='ltr'>perierunt</span> <span class='ocrx_word' id='word_1_371' title='bbox 1707 1591 1733 1614; x_wconf 89' lang='lat' dir='ltr'>et</span> <span class='ocrx_word' id='word_1_372' title='bbox 1746 1595 1809 1614; x_wconf 90' lang='lat' dir='ltr'>cor-</span> 
     </span>
     <span class='ocr_line' id='line_1_49' title="bbox 255 1628 1810 1670; baseline -0.001 -10"><span class='ocrx_word' id='word_1_373' title='bbox 255 1639 333 1670; x_wconf 87' lang='lat' dir='ltr'>rupta</span> <span class='ocrx_word' id='word_1_374' title='bbox 347 1638 416 1667; x_wconf 85' lang='lat' dir='ltr'>sunt,</span> <span class='ocrx_word' id='word_1_375' title='bbox 431 1638 458 1659; x_wconf 85' lang='lat' dir='ltr'>et</span> <span class='ocrx_word' id='word_1_376' title='bbox 473 1631 500 1659; x_wconf 90' lang='lat' dir='ltr'>in</span> <span class='ocrx_word' id='word_1_377' title='bbox 514 1636 657 1669; x_wconf 83' lang='lat' dir='ltr'>angustum</span> <span class='ocrx_word' id='word_1_378' title='bbox 670 1629 797 1658; x_wconf 84' lang='lat' dir='ltr'>conclusit</span> <span class='ocrx_word' id='word_1_379' title='bbox 812 1639 841 1658; x_wconf 87' lang='lat' dir='ltr'>ea</span> <span class='ocrx_word' id='word_1_380' title='bbox 853 1639 911 1667; x_wconf 82' lang='lat' dir='ltr'>quae</span> <span class='ocrx_word' id='word_1_381' title='bbox 927 1629 1035 1657; x_wconf 81' lang='lat' dir='ltr'>virtutis</span> <span class='ocrx_word' id='word_1_382' title='bbox 1047 1635 1116 1657; x_wconf 87' lang='lat' dir='ltr'>sunt.</span> <span class='ocrx_word' id='word_1_383' title='bbox 1129 1628 1165 1657; x_wconf 86' lang='lat' dir='ltr'>Et</span> <span class='ocrx_word' id='word_1_384' title='bbox 1178 1628 1311 1667; x_wconf 87' lang='lat' dir='ltr'>quomodo</span> <span class='ocrx_word' id='word_1_385' title='bbox 1324 1628 1493 1657; x_wconf 81' lang='lat' dir='ltr'>honorabiles</span> <span class='ocrx_word' id='word_1_386' title='bbox 1507 1635 1568 1657; x_wconf 91' lang='lat' dir='ltr'>sunt</span> <span class='ocrx_word' id='word_1_387' title='bbox 1580 1629 1680 1668; x_wconf 88' lang='lat' dir='ltr'>nuptiae</span> <span class='ocrx_word' id='word_1_388' title='bbox 1691 1639 1749 1668; x_wconf 79' lang='lat' dir='ltr'>quae</span> <span class='ocrx_word' id='word_1_389' title='bbox 1761 1639 1810 1659; x_wconf 83' lang='lat' dir='ltr'>nos</span> 
     </span>
     <span class='ocr_line' id='line_1_50' title="bbox 255 1675 1810 1716; baseline -0.002 -9"><span class='ocrx_word' id='word_1_390' title='bbox 255 1686 358 1707; x_wconf 80' lang='lat' dir='ltr'>tantum</span> <span class='ocrx_word' id='word_1_391' title='bbox 374 1677 545 1716; x_wconf 76' lang='lat' dir='ltr'>impediunt?</span> <span class='ocrx_word' id='word_1_392' title='bbox 561 1676 636 1713; x_wconf 85' lang='lat' dir='ltr'>Quid</span> <span class='ocrx_word' id='word_1_393' title='bbox 651 1676 734 1715; x_wconf 79' lang='lat' dir='ltr'>ergo?</span> <span class='ocrx_word' id='word_1_394' title='bbox 747 1676 876 1705; x_wconf 87' lang='lat' dir='ltr'>Possihile</span> <span class='ocrx_word' id='word_1_395' title='bbox 887 1683 935 1712; x_wconf 88' lang='lat' dir='ltr'>est,</span> <span class='ocrx_word' id='word_1_396' title='bbox 949 1683 974 1704; x_wconf 84' lang='lat' dir='ltr'>ct</span> <span class='ocrx_word' id='word_1_397' title='bbox 990 1675 1068 1704; x_wconf 74' lang='lat' dir='ltr'>valde</span> <span class='ocrx_word' id='word_1_398' title='bbox 1079 1675 1218 1715; x_wconf 86' lang='lat' dir='ltr'>possibile,</span> <span class='ocrx_word' id='word_1_399' title='bbox 1231 1676 1311 1704; x_wconf 88' lang='lat' dir='ltr'>etiam</span> <span class='ocrx_word' id='word_1_400' title='bbox 1322 1675 1449 1704; x_wconf 83' lang='lat' dir='ltr'>habentes</span> <span class='ocrx_word' id='word_1_401' title='bbox 1466 1685 1561 1704; x_wconf 79' lang='lat' dir='ltr'>uxores</span> <span class='ocrx_word' id='word_1_402' title='bbox 1575 1675 1701 1704; x_wconf 84' lang='lat' dir='ltr'>virtutem</span> <span class='ocrx_word' id='word_1_403' title='bbox 1713 1685 1810 1715; x_wconf 83' lang='lat' dir='ltr'>aggre-</span> 
     </span>
     <span class='ocr_line' id='line_1_51' title="bbox 255 1721 1809 1761; baseline -0.001 -8"><span class='ocrx_word' id='word_1_404' title='bbox 255 1724 299 1761; x_wconf 79' lang='lat' dir='ltr'>di,</span> <span class='ocrx_word' id='word_1_405' title='bbox 313 1724 335 1752; x_wconf 87' lang='lat' dir='ltr'>si</span> <span class='ocrx_word' id='word_1_406' title='bbox 347 1723 520 1752; x_wconf 68' lang='lat' dir='ltr'>volucrimus,</span> <span class='ocrx_word' id='word_1_407' title='bbox 533 1722 696 1758; x_wconf 75' lang='lat' dir='ltr'>Quomodo?</span> <span class='ocrx_word' id='word_1_408' title='bbox 709 1723 737 1751; x_wconf 88' lang='lat' dir='ltr'>Si</span> <span class='ocrx_word' id='word_1_409' title='bbox 752 1722 895 1759; x_wconf 81' lang='lat' dir='ltr'>habentes,</span> <span class='ocrx_word' id='word_1_410' title='bbox 913 1729 1049 1760; x_wconf 79' lang='lat' dir='ltr'>tamquam</span> <span class='ocrx_word' id='word_1_411' title='bbox 1065 1732 1117 1750; x_wconf 91' lang='lat' dir='ltr'>non</span> <span class='ocrx_word' id='word_1_412' title='bbox 1131 1722 1258 1751; x_wconf 86' lang='lat' dir='ltr'>habentes</span> <span class='ocrx_word' id='word_1_413' title='bbox 1272 1722 1367 1760; x_wconf 77' lang='lat' dir='ltr'>simus,</span> <span class='ocrx_word' id='word_1_414' title='bbox 1382 1722 1403 1750; x_wconf 89' lang='lat' dir='ltr'>si</span> <span class='ocrx_word' id='word_1_415' title='bbox 1417 1732 1468 1755; x_wconf 86' lang='lat' dir='ltr'>non</span> <span class='ocrx_word' id='word_1_416' title='bbox 1485 1721 1650 1761; x_wconf 82' lang='lat' dir='ltr'>gaudeamus</span> <span class='ocrx_word' id='word_1_417' title='bbox 1662 1722 1688 1750; x_wconf 87' lang='lat' dir='ltr'>in</span> <span class='ocrx_word' id='word_1_418' title='bbox 1702 1721 1735 1751; x_wconf 88' lang='lat' dir='ltr'>iis</span> <span class='ocrx_word' id='word_1_419' title='bbox 1749 1731 1809 1761; x_wconf 83' lang='lat' dir='ltr'>quae</span> 
     </span>
     <span class='ocr_line' id='line_1_52' title="bbox 254 1767 1810 1809; baseline -0.001 -11"><span class='ocrx_word' id='word_1_420' title='bbox 254 1769 434 1809; x_wconf 82' lang='lat' dir='ltr'>possidemus,</span> <span class='ocrx_word' id='word_1_421' title='bbox 450 1770 471 1797; x_wconf 79' lang='lat' dir='ltr'>si</span> <span class='ocrx_word' id='word_1_422' title='bbox 487 1768 587 1797; x_wconf 89' lang='lat' dir='ltr'>mundo</span> <span class='ocrx_word' id='word_1_423' title='bbox 600 1775 716 1804; x_wconf 90' lang='lat' dir='ltr'>utamur,</span> <span class='ocrx_word' id='word_1_424' title='bbox 728 1775 864 1806; x_wconf 86' lang='lat' dir='ltr'>tamquam</span> <span class='ocrx_word' id='word_1_425' title='bbox 877 1778 929 1796; x_wconf 92' lang='lat' dir='ltr'>non</span> <span class='ocrx_word' id='word_1_426' title='bbox 945 1775 1057 1796; x_wconf 84' lang='lat' dir='ltr'>utentes.</span> <span class='ocrx_word' id='word_1_427' title='bbox 1073 1768 1101 1797; x_wconf 90' lang='lat' dir='ltr'>Si</span> <span class='ocrx_word' id='word_1_428' title='bbox 1117 1775 1205 1796; x_wconf 75' lang='lat' dir='ltr'>autem</span> <span class='ocrx_word' id='word_1_429' title='bbox 1219 1768 1302 1806; x_wconf 86' lang='lat' dir='ltr'>aliqui</span> <span class='ocrx_word' id='word_1_430' title='bbox 1314 1767 1438 1806; x_wconf 87' lang='lat' dir='ltr'>impediti</span> <span class='ocrx_word' id='word_1_431' title='bbox 1456 1774 1519 1796; x_wconf 88' lang='lat' dir='ltr'>sunt</span> <span class='ocrx_word' id='word_1_432' title='bbox 1537 1778 1571 1796; x_wconf 80' lang='lat' dir='ltr'>ex</span> <span class='ocrx_word' id='word_1_433' title='bbox 1591 1768 1703 1807; x_wconf 85' lang='lat' dir='ltr'>nuptiis,</span> <span class='ocrx_word' id='word_1_434' title='bbox 1725 1768 1810 1797; x_wconf 83' lang='lat' dir='ltr'>sciant</span> 
     </span>
     <span class='ocr_line' id='line_1_53' title="bbox 255 1814 1808 1855; baseline 0 -11"><span class='ocrx_word' id='word_1_435' title='bbox 255 1817 381 1854; x_wconf 74' lang='lat' dir='ltr'>quoniam</span> <span class='ocrx_word' id='word_1_436' title='bbox 393 1827 444 1845; x_wconf 90' lang='lat' dir='ltr'>non</span> <span class='ocrx_word' id='word_1_437' title='bbox 460 1816 560 1855; x_wconf 62' lang='lat' dir='ltr'>nuptiae</span> <span class='ocrx_word' id='word_1_438' title='bbox 574 1816 627 1844; x_wconf 91' lang='lat' dir='ltr'>illis</span> <span class='ocrx_word' id='word_1_439' title='bbox 639 1815 861 1854; x_wconf 83' lang='lat' dir='ltr'>impedimentum</span> <span class='ocrx_word' id='word_1_440' title='bbox 875 1815 996 1851; x_wconf 83' lang='lat' dir='ltr'>fuerunt,</span> <span class='ocrx_word' id='word_1_441' title='bbox 1011 1815 1055 1843; x_wconf 85' lang='lat' dir='ltr'>sed</span> <span class='ocrx_word' id='word_1_442' title='bbox 1071 1815 1194 1844; x_wconf 87' lang='lat' dir='ltr'>voluntas</span> <span class='ocrx_word' id='word_1_443' title='bbox 1207 1825 1266 1853; x_wconf 85' lang='lat' dir='ltr'>quae</span> <span class='ocrx_word' id='word_1_444' title='bbox 1281 1815 1350 1843; x_wconf 85' lang='lat' dir='ltr'>male</span> <span class='ocrx_word' id='word_1_445' title='bbox 1362 1814 1448 1843; x_wconf 85' lang='lat' dir='ltr'>utitur</span> <span class='ocrx_word' id='word_1_446' title='bbox 1461 1814 1573 1854; x_wconf 80' lang='lat' dir='ltr'>nuptiis.</span> <span class='ocrx_word' id='word_1_447' title='bbox 1589 1816 1660 1844; x_wconf 88' lang='lat' dir='ltr'>Nam</span> <span class='ocrx_word' id='word_1_448' title='bbox 1673 1824 1758 1853; x_wconf 84' lang='lat' dir='ltr'>neque</span> <span class='ocrx_word' id='word_1_449' title='bbox 1766 1814 1808 1845; x_wconf 82' lang='lat' dir='ltr'>vi-</span> 
     </span>
     <span class='ocr_line' id='line_1_54' title="bbox 256 1861 1809 1901; baseline -0.001 -9"><span class='ocrx_word' id='word_1_450' title='bbox 256 1874 322 1892; x_wconf 90' lang='lat' dir='ltr'>num</span> <span class='ocrx_word' id='word_1_451' title='bbox 340 1864 403 1892; x_wconf 82' lang='lat' dir='ltr'>facit</span> <span class='ocrx_word' id='word_1_452' title='bbox 417 1863 583 1899; x_wconf 76' lang='lat' dir='ltr'>ebrietatem,</span> <span class='ocrx_word' id='word_1_453' title='bbox 598 1863 642 1891; x_wconf 82' lang='lat' dir='ltr'>sed</span> <span class='ocrx_word' id='word_1_454' title='bbox 659 1862 726 1890; x_wconf 78' lang='lat' dir='ltr'>mala</span> <span class='ocrx_word' id='word_1_455' title='bbox 742 1863 865 1891; x_wconf 73' lang='lat' dir='ltr'>voluntas</span> <span class='ocrx_word' id='word_1_456' title='bbox 879 1869 903 1890; x_wconf 91' lang='lat' dir='ltr'>ct</span> <span class='ocrx_word' id='word_1_457' title='bbox 924 1873 1047 1891; x_wconf 75' lang='lat' dir='ltr'>excessus</span> <span class='ocrx_word' id='word_1_458' title='bbox 1062 1862 1259 1891; x_wconf 84' lang='lat' dir='ltr'>moderationis.</span> <span class='ocrx_word' id='word_1_459' title='bbox 1280 1863 1361 1891; x_wconf 86' lang='lat' dir='ltr'>Utere</span> <span class='ocrx_word' id='word_1_460' title='bbox 1383 1872 1445 1890; x_wconf 91' lang='lat' dir='ltr'>cum</span> <span class='ocrx_word' id='word_1_461' title='bbox 1461 1861 1640 1890; x_wconf 87' lang='lat' dir='ltr'>moderatione</span> <span class='ocrx_word' id='word_1_462' title='bbox 1654 1861 1766 1901; x_wconf 84' lang='lat' dir='ltr'>nuptiis,</span> <span class='ocrx_word' id='word_1_463' title='bbox 1783 1868 1809 1890; x_wconf 83' lang='lat' dir='ltr'>et</span> 
     </span>
     <span class='ocr_line' id='line_1_55' title="bbox 258 1907 1808 1949; baseline -0.001 -11"><span class='ocrx_word' id='word_1_464' title='bbox 258 1910 361 1949; x_wconf 82' lang='lat' dir='ltr'>primus</span> <span class='ocrx_word' id='word_1_465' title='bbox 380 1910 431 1938; x_wconf 90' lang='lat' dir='ltr'>eris</span> <span class='ocrx_word' id='word_1_466' title='bbox 453 1910 479 1938; x_wconf 90' lang='lat' dir='ltr'>in</span> <span class='ocrx_word' id='word_1_467' title='bbox 499 1920 589 1948; x_wconf 76' lang='lat' dir='ltr'>regno,</span> <span class='ocrx_word' id='word_1_468' title='bbox 604 1917 627 1938; x_wconf 86' lang='lat' dir='ltr'>et</span> <span class='ocrx_word' id='word_1_469' title='bbox 642 1909 764 1937; x_wconf 85' lang='lat' dir='ltr'>omnibus</span> <span class='ocrx_word' id='word_1_470' title='bbox 779 1909 873 1938; x_wconf 86' lang='lat' dir='ltr'>frueris</span> <span class='ocrx_word' id='word_1_471' title='bbox 890 1909 967 1938; x_wconf 87' lang='lat' dir='ltr'>bonis</span> <span class='ocrx_word' id='word_1_472' title='bbox 981 1921 986 1936; x_wconf 73' lang='grc' dir='ltr'>ι</span> <span class='ocrx_word' id='word_1_473' title='bbox 1002 1920 1060 1947; x_wconf 78' lang='lat' dir='ltr'>qum</span> <span class='ocrx_word' id='word_1_474' title='bbox 1075 1909 1165 1938; x_wconf 86' lang='lat' dir='ltr'>omnia</span> <span class='ocrx_word' id='word_1_475' title='bbox 1179 1919 1225 1938; x_wconf 91' lang='lat' dir='ltr'>nos</span> <span class='ocrx_word' id='word_1_476' title='bbox 1240 1909 1374 1947; x_wconf 81' lang='lat' dir='ltr'>contingat</span> <span class='ocrx_word' id='word_1_477' title='bbox 1388 1909 1544 1948; x_wconf 84' lang='lat' dir='ltr'>promereri,</span> <span class='ocrx_word' id='word_1_478' title='bbox 1561 1908 1646 1947; x_wconf 80' lang='lat' dir='ltr'>gratia</span> <span class='ocrx_word' id='word_1_479' title='bbox 1660 1915 1685 1936; x_wconf 91' lang='lat' dir='ltr'>et</span> <span class='ocrx_word' id='word_1_480' title='bbox 1699 1907 1808 1936; x_wconf 88' lang='lat' dir='ltr'>miseri-</span> 
     </span>
     <span class='ocr_line' id='line_1_56' title="bbox 259 1954 1805 1995; baseline -0.001 -11"><span class='ocrx_word' id='word_1_481' title='bbox 259 1957 350 1985; x_wconf 82' lang='lat' dir='ltr'>cordia</span> <span class='ocrx_word' id='word_1_482' title='bbox 366 1957 473 1985; x_wconf 91' lang='lat' dir='ltr'>Domini</span> <span class='ocrx_word' id='word_1_483' title='bbox 490 1958 573 1986; x_wconf 88' lang='lat' dir='ltr'>nostri</span> <span class='ocrx_word' id='word_1_484' title='bbox 596 1958 658 1987; x_wconf 82' lang='lat' dir='ltr'>Jcsu</span> <span class='ocrx_word' id='word_1_485' title='bbox 675 1956 788 1993; x_wconf 85' lang='lat' dir='ltr'>Christi,</span> <span class='ocrx_word' id='word_1_486' title='bbox 804 1966 865 1985; x_wconf 92' lang='lat' dir='ltr'>cum</span> <span class='ocrx_word' id='word_1_487' title='bbox 887 1967 940 1994; x_wconf 90' lang='lat' dir='ltr'>quo</span> <span class='ocrx_word' id='word_1_488' title='bbox 954 1957 1027 1985; x_wconf 88' lang='lat' dir='ltr'>Patri</span> <span class='ocrx_word' id='word_1_489' title='bbox 1042 1967 1094 1985; x_wconf 88' lang='lat' dir='ltr'>una</span> <span class='ocrx_word' id='word_1_490' title='bbox 1110 1967 1168 1986; x_wconf 88' lang='lat' dir='ltr'>cum</span> <span class='ocrx_word' id='word_1_491' title='bbox 1193 1963 1283 1986; x_wconf 86' lang='lat' dir='ltr'>sancto</span> <span class='ocrx_word' id='word_1_492' title='bbox 1300 1956 1403 1995; x_wconf 86' lang='lat' dir='ltr'>Spiritu</span> <span class='ocrx_word' id='word_1_493' title='bbox 1418 1955 1515 1994; x_wconf 75' lang='lat' dir='ltr'>gloria,</span> <span class='ocrx_word' id='word_1_494' title='bbox 1531 1955 1689 1995; x_wconf 84' lang='lat' dir='ltr'>imperium,</span> <span class='ocrx_word' id='word_1_495' title='bbox 1709 1954 1805 1989; x_wconf 86' lang='lat' dir='ltr'>honor,</span> 
     </span>
     <span class='ocr_line' id='line_1_57' title="bbox 259 2003 979 2042; baseline -0.003 -10"><span class='ocrx_word' id='word_1_496' title='bbox 259 2013 330 2032; x_wconf 90' lang='lat' dir='ltr'>nunc</span> <span class='ocrx_word' id='word_1_497' title='bbox 343 2009 369 2032; x_wconf 86' lang='lat' dir='ltr'>et</span> <span class='ocrx_word' id='word_1_498' title='bbox 383 2013 496 2042; x_wconf 85' lang='lat' dir='ltr'>semper,</span> <span class='ocrx_word' id='word_1_499' title='bbox 509 2010 535 2032; x_wconf 92' lang='lat' dir='ltr'>et</span> <span class='ocrx_word' id='word_1_500' title='bbox 549 2003 575 2032; x_wconf 90' lang='lat' dir='ltr'>in</span> <span class='ocrx_word' id='word_1_501' title='bbox 590 2003 685 2032; x_wconf 78' lang='lat' dir='ltr'>saecula</span> <span class='ocrx_word' id='word_1_502' title='bbox 700 2003 867 2032; x_wconf 77' lang='lat' dir='ltr'>saeculorum.</span> <span class='ocrx_word' id='word_1_503' title='bbox 886 2004 979 2031; x_wconf 80' lang='lat' dir='ltr'>Amen.</span> 
     </span>
    </p>
   </div>
  </div>
 </body>
</html>
