1906 2846
111 458 165 478 liis,
177 457 199 479 ὁ.
212 456 248 478 36.

112 641 181 662 Psnl.
213 639 252 667 65.

118 672 154 699 14,

128 703 254 730 Eleemosy-

113 741 143 754 us
154 733 236 754 laudes.

115 1239 183 1261 Psal.
205 1236 256 1266 ¹45.

116 1278 140 1297 9.
152 1274 171 1289 el
186 1275 236 1290 102.

116 1301 139 1323 8.
162 1304 182 1321 ει
207 1299 257 1328 14¹4.

118 1424 186 1447 Psal.
205 1424 242 1447 56.

123 1462 157 1477 tz.

261 202 330 247 sps)
602 213 629 233 S·

262 275 295 302 lit
309 275 375 302 sicut
390 272 551 311 ingrediente
567 272 657 309 regina
668 294 675 305 ‚
690 273 779 300 nullus
794 282 827 299 cx
845 271 895 305 iis,
909 269 952 297 cni
964 275 1003 296 cst

659 212 694 233 JO
705 212 798 234 XNNIS
827 207 1008 233 ethSOST.

1040 205 1056 228 Α
1063 206 1182 229 nentur
1190 221 1196 228 .
1226 206 1497 230 CONSTANTINOP-

1056 269 1099 296 ὶαι
1126 267 1178 296 Καὶ
1193 267 1264 296 ὥστεε
1360 269 1401 278 ”“
1464 271 1472 280 ’
1524 269 1529 276 ’
1552 282 1557 286 ·
1619 271 1626 281 '
1661 271 1667 281 “
1781 271 1788 282 '

1068 289 1071 295 i
1105 290 1110 295 .
1255 281 1283 307 ,ρ
1298 271 1430 306 βασιλιοος
1451 280 1582 305 sistet-⁸644
1603 271 1684 303 ουδεις
1703 273 1819 309 τολμησε

261 319 401 347 commissa
421 324 558 356 portarum
573 316 709 353 custodia,
726 316 836 345 audebit
851 314 1004 344 examinare
1022 317 1039 338 B
1058 314 1108 341 τῶν
1126 313 1247 351 φυλάκων
1263 316 1313 342 τῶν
1330 314 1373 343 ἐπὶ
1388 319 1444 347 ταῖς
1463 314 1552 354 θύραις
1566 316 1729 353 τεταγμένων
1744 317 1831 349 ἐξετά-

262 374 382 402 quaenam
397 363 430 391 sit
443 369 467 389 ct
479 361 549 389 unde
559 384 566 397 ,
579 361 624 389 sed
638 373 728 390 omnes
745 362 835 390 statim
853 371 912 389 cam
927 359 1003 388 exci-

263 410 339 448 piunt
355 420 361 435 2
377 408 412 435 ita
423 407 501 435 ctiam
518 407 714 447 eleemosynam
728 420 734 435 τ
747 415 786 436 est
804 407 874 436 enim
896 417 924 435 re
943 416 1005 434 vera

264 453 369 491 regina,
387 453 508 481 homines
519 453 575 481 Deo
583 453 681 482 faciens
690 454 798 482 similes.
811 454 913 481 Estote
925 451 1005 485 enim,

264 498 361 537 inquit,
377 500 586 535 misericordes,
595 501 668 528 sicut
679 501 770 528 Pater
781 505 877 527 ‘vester
886 498 1007 526 caelestis

263 552 304 574 est
318 546 489 573 misericors.
506 545 555 573 Est
571 545 640 573 alata
653 552 677 574 et
691 545 774 581 levis,
796 545 852 573 alas
865 544 945 572 habet
960 554 1006 571 au-

265 601 321 619 reas
332 613 339 625 ‚
355 590 529 628 volatumque
537 591 644 629 angelos
656 590 734 620 valde
744 591 926 619 oblectantem.
938 589 1007 625 Illic,

266 635 360 674 inquit,
371 637 478 664 Pennae
490 636 630 665 columboe
639 637 846 676 deargentam,
856 642 883 664 et
891 636 1009 663 dorsum

266 685 326 721 ejus
335 685 365 710 in
371 682 488 721 fulgore
494 685 568 710 miri.
575 683 657 711 Volat
665 683 734 711 enim
743 689 877 720 tamquam
885 681 1008 719 quaedam

266 738 345 756 aurea
360 735 385 757 et
400 728 494 756 vivens
505 728 628 756 columba
639 751 648 766 ,
666 728 802 767 placidum
817 727 917 755 habens
935 737 1009 766 aspe-

267 782 341 803 ctum
353 782 377 803 et
399 775 493 803 mitem
512 776 628 804 oculum.
649 776 726 804 Nihil
742 783 780 804 est
802 775 848 803 illo
863 774 940 803 oculo
954 784 1008 802 me-

266 821 328 849 lius.
343 821 459 849 Pulcher
479 828 517 849 est
531 828 555 849 et
566 832 655 860 pavo,
673 821 718 850 sed
735 821 768 849 ad
783 821 858 849 illam
879 820 1008 855 collatus,

266 874 303 896 est
315 868 440 905 graculus
454 879 460 894 :
474 867 540 896 adeo
561 875 600 897 est
621 868 678 897 hcec
692 869 750 897 avis
764 868 878 907 pulchra
888 875 912 896 et
924 867 1009 895 admi·
1035 864 1044 886 3

266 913 369 941 rabilis.
388 914 520 952 Perpetuo
534 924 640 943 sursum
661 921 780 954 spectat,
797 913 881 942 multa
896 913 945 942 Dei
960 913 1009 941 cir-

267 958 410 986 cumdatur
424 959 525 996 gloria3
540 966 578 988 est
589 959 667 998 virgo
680 970 780 999 pennas
793 959 894 987 habens
909 969 1010 995 aureas,

267 1004 411 1043 composita
421 1026 428 1039 ‚
443 1004 509 1033 facie
521 1005 634 1034 candida
649 1012 673 1034 et
686 1012 822 1034 mansueta
834 1017 840 1032 :
854 1011 892 1033 est
906 1005 974 1033 alata
987 1011 1011 1033 et

266 1050 348 1087 levis,
370 1058 440 1079 stans
459 1062 541 1090 prope
556 1051 684 1080 thronum
700 1052 824 1090 Regium.
839 1051 954 1086 Quando
965 1051 1011 1089 ju-

268 1095 391 1124 dicamur
403 1119 410 1131 ,
423 1096 496 1125 adest
511 1104 617 1136 repente
631 1104 656 1126 et
670 1104 797 1136 apparet,
813 1104 838 1125 et
852 1107 899 1125 nos
913 1107 927 1124 a
945 1107 1012 1135 sup-

267 1141 351 1180 plicio
366 1142 445 1180 eripit
459 1142 514 1170 suis
538 1142 632 1181 pennis
653 1142 824 1181 amplectens.
844 1142 919 1170 Hanc
940 1143 1012 1170 Deus

269 1189 373 1217 mavult
385 1199 464 1226 qnam
481 1188 610 1217 sacrificia
628 1202 633 1216 z
652 1189 736 1217 multa
751 1199 819 1228 saepe
836 1188 869 1217 de
883 1199 911 1217 ea
924 1188 1012 1226 loqui-

271 1241 336 1262 tur:
355 1234 392 1263 ita
415 1233 490 1261 illam
515 1233 614 1272 diligit.
632 1235 756 1262 Viduam
777 1241 804 1262 et
825 1234 969 1272 pupillum
986 1240 1013 1261 et

269 1290 435 1318 pauperem,
457 1279 562 1317 inquit,
585 1281 729 1318 suscipiet.
747 1279 790 1308 Ex
813 1290 842 1308 ea
863 1279 921 1308 vult
941 1280 1013 1308 Deus

271 1326 401 1365 appellari
419 1338 424 1353 ε
444 1327 602 1353 stliseralor
622 1332 649 1353 et
671 1328 832 1354 misericors
850 1326 1010 1360 Dominus,

273 1371 309 1399 ait
323 1370 433 1405 David,
448 1371 623 1409 longanimis
636 1377 662 1399 et
678 1371 776 1398 multae
791 1371 1011 1406 misericordioe,

273 1423 299 1445 et
312 1427 406 1445 vera-1⁴
430 1429 438 1447 ,·
461 1423 484 1444 et
504 1426 597 1444 rursus
621 1416 689 1444 alius
699 1439 707 1452 ‚
732 1416 936 1444 Misericordia
957 1417 1014 1443 Dei

273 1473 358 1500 super
373 1473 484 1490 omnem
504 1469 620 1491 terram.
634 1463 696 1499 Ipsa
716 1462 821 1490 salvum
845 1461 907 1489 fecit
931 1471 1014 1499 genus

273 1508 428 1544 hominum3
446 1518 507 1535 nam
520 1507 570 1535 nisi
590 1507 672 1535 nostri
688 1514 753 1535 esset
765 1507 905 1541 misertus,
925 1506 1014 1535 omnia

275 1554 412 1593 periissent
427 1565 432 1580 :
450 1564 497 1582 nos
509 1576 516 1588 ‚
531 1564 592 1581 cum
607 1563 723 1581 essemus
736 1552 833 1587 hostes,
846 1552 1013 1581 conciliavit:

275 1600 330 1638 ipsa
343 1599 412 1627 bona
426 1599 486 1628 secit
502 1598 705 1627 innumerabilia
718 1621 723 1633 ,
737 1598 867 1637 persuasit
884 1597 932 1626 Dei
946 1598 1014 1626 Filio

1059 371 1103 388 σαι
1118 359 1157 391 τίς
1173 358 1212 394 εἴη
1233 359 1278 387 καὶ
1290 360 1378 396 πόθεν,
1395 360 1462 389 ἀλλὰ
1477 361 1573 393 πάντες
1585 361 1677 393 εὐθέως
1692 362 1829 400 ὑποδέχον-

1060 414 1116 431 ται·
1127 404 1195 432 οὕτω
1206 405 1237 440 δὴ
1249 405 1293 433 καὶ
1306 405 1353 440 τὴν
1368 406 1549 444 ἐλεημοσύνην
1563 416 1569 421 ·
1588 407 1690 444 βασιλὶς
1701 407 1751 446 γάρ
1763 408 1832 435 ἔστιν

1060 450 1140 482 ὅντως
1155 473 1161 485 ,
1185 450 1288 488 ὁμοίους
1307 451 1457 490 ἀνθρώπους
1483 454 1595 480 ποιοῦσα
1621 454 1694 491 Θεῷ.
1719 452 1832 481 'Remos

1061 496 1126 535 γὰρ,
1138 496 1224 534 φησιν,
1237 496 1399 535 οἰκτίρμονες
1408 520 1415 532 ,
1427 499 1462 530 ὡς
1473 500 1486 525 ὁ
1502 497 1596 536 Πατὴρ
1608 499 1681 536 ὑμῶν
1693 500 1706 526 ὁ
1717 497 1832 536 οὐράνιος

1062 541 1203 579 οἰκτίρμων
1222 541 1300 570 ἐστίν,
1314 541 1478 582 (Υπόπτερός
1494 544 1550 571 ἐστι
1564 543 1609 571 καὶ
1624 543 1704 582 κούφη
1715 566 1722 579 ,
1736 543 1832 582 'rt-tipo*

1062 599 1110 626 γας
1123 587 1219 626 ἔχουσα
1234 592 1335 626 χρυσᾶς
1345 611 1352 624 ,
1366 590 1462 623 πτῆσιν
1482 588 1579 627 ἔχουσα
1599 589 1667 617 πάνυ
1686 589 1831 629 τέρπουσαν

1062 632 1120 665 τοὺς
1147 632 1280 671 ἀγγέλους.
1303 632 1395 669 Ἐκεῖ,
1423 633 1503 672 φησι,
1519 634 1652 673 Πτέρυγες
1676 639 1831 673 περιστερᾶς

1062 679 1323 717 περιηργυρωμέναι,
1337 679 1382 708 καὶ
1403 679 1435 708 τὰ
1450 680 1598 719 μετάφρενα
1621 682 1701 714 αὐτῆς
1716 682 1742 709 ἐν
1756 682 1830 719 χλω-

1064 725 1151 763 ρότητι
1176 724 1294 763 χρυσίου.
1317 724 1443 765 Καθάπερ
1462 725 1513 764 γὰρ
1537 726 1679 765 περιστερά
1692 738 1731 758 τις
1744 727 1830 765 χρυσῆ

1062 771 1106 799 καὶ
1121 772 1191 804 ζῶσα
1202 793 1208 804 ,
1224 770 1351 806 πέταται,
1366 772 1440 808 ὄμμα
1457 771 1585 810 προσηνὲς
1601 771 1714 810 ἔχουσα,
1728 772 1833 810 ὀφθαλ-

1063 817 1110 854 μὸν
1134 816 1242 855 ἥμερον.
1267 817 1351 846 Οὐδὲν
1372 820 1417 846 τοῦ
1438 819 1573 855 ὀφθαλμοῦ
1595 817 1693 846 ἐκείνου
1720 817 1831 856 βέλτιον.

1063 862 1150 894 Καλός
1171 863 1227 890 ἐστι
1249 862 1293 891 καὶ
1315 864 1328 891 ὁ
1349 862 1434 898 ταὼς,
1450 863 1518 892 ἀλλὰ
1532 863 1596 902 πρὸς
1617 863 1718 899 ἐκείνην
1732 863 1832 895 κολοιός

1065 910 1146 938 ἐστιν’
1163 908 1243 939 οὕτως
1257 910 1274 942 ἡ
1288 908 1357 948 ὅρνις
1372 908 1437 944 αὕτη
1450 908 1519 943 καλή
1534 909 1573 941 τίς
1594 909 1650 938 ε’στι
1664 909 1709 937 καὶ
1729 911 1834 946 θαυμα-

1064 954 1122 989 στή,
1138 953 1204 982 Ἄνω
1221 953 1263 982 διὰ
1282 954 1379 986 παντὸς
1394 956 1453 993 ὁρᾷ,
1467 955 1551 993 πολλῇ
1574 957 1619 983 τοῦ
1634 955 1704 983 Θεοῦ
1719 956 1751 991 τῇ
1772 953 1832 992 δόξῃ

1063 999 1284 1039 περιστοιχίζεται
1296 1009 1302 1014 ·
1318 999 1443 1037 παρθένος
1454 999 1509 1028 ἐστὶ
1519 999 1649 1039 πτέρυγας
1659 999 1756 1038 ἔχουσα
1770 1011 1834 1039 χρυ-

1065 1051 1126 1080 σᾶς,
1147 1045 1375 1084 περιεσταλμένη,
1397 1046 1488 1074 λευκὸν
1515 1045 1656 1084 πρόσωπον
1677 1045 1774 1084 ἔχουσα
1789 1045 1833 1073 καὶ

1064 1091 1177 1130 ἥμερον·
1191 1091 1338 1128 ὑπόπτερός
1353 1093 1407 1119 ἐστι
1422 1090 1466 1118 καὶ
1482 1090 1564 1129 κούφη
1578 1111 1585 1123 ,
1599 1090 1671 1129 παρὰ
1685 1090 1729 1119 τὸν
1744 1090 1832 1128 θρόνον

1065 1138 1168 1164 ἑστῶσα
1182 1136 1225 1163 τὸν
1240 1135 1384 1174 βασιλικόν.
1398 1135 1484 1163 ιὈταν
1501 1135 1668 1174 κρινώμεθα,
1690 1135 1763 1174 ἄφνω
1778 1135 1835 1174 ἐφί-

1065 1193 1163 1210 πταται
1181 1181 1226 1209 καὶ
1250 1181 1382 1220 φαίνεται,
1403 1181 1448 1209 καὶ
1473 1180 1612 1220 ἐξαιρεῖται
1634 1183 1681 1216 τῆς
1699 1181 1832 1213 κολάσεως

1065 1230 1149 1264 ἡμᾶς,
1175 1231 1231 1258 ταῖς
1257 1228 1336 1261 mot-71:
1360 1226 1466 1264 πτέρυξι
1489 1226 1697 1264 περιὸάλλουσα.
1724 1225 1833 1260 Ταύτην

1067 1272 1136 1301 θέλει
1150 1274 1163 1300 ὁ
1177 1272 1244 1303 Θεὸς
1260 1273 1371 1308 μᾶλλον,
1392 1271 1409 1305 ἢ
1434 1271 1540 1302 θυσίας·
1562 1270 1648 1299 πολλὰ
1670 1271 1731 1309 περὶ
1754 1271 1835 1304 αὐτ-’ἧς

1068 1317 1233 1354 διαλέγεται·
1250 1317 1331 1348 οὕτως
1353 1316 1433 1350 αὐτὴν
1455 1317 1532 1354 φιλεῖ.
1554 1316 1644 1354 Χήραν
1665 1316 1710 1345 καὶ
1724 1315 1835 1355 ὀρφανὸν

1068 1364 1113 1392 καὶ
1145 1362 1264 1397 πένητα,
1286 1362 1376 1401 φησὶν,
1400 1361 1572 1400 ἀναλήψεται.
1602 1361 1660 1390 Ἀπ’
1687 1363 1766 1396 αὐτῆς
1790 1373 1834 1400 φι-

1068 1409 1108 1436 λεῖ
1130 1409 1267 1436 καλεῖσθαι
1295 1410 1308 1435 ὁ
1334 1406 1415 1439 Θεός·
1436 1407 1590 1446 Οἷχτίρμων
1615 1407 1660 1436 καὶ
1680 1406 1799 1444 ἐλεήμων
1820 1407 1834 1434 ὁ

1070 1453 1178 1491 Κύριος,
1200 1453 1278 1492 φησὶν
1292 1455 1306 1481 ὁ
1322 1452 1419 1487 Δαυὶδ,
1443 1453 1610 1491 μακρόθυμος
1629 1452 1674 1481 καὶ
1697 1452 1836 1483 πολυὲλεος

1069 1501 1113 1529 καὶ
1140 1501 1277 1537 ἀληθινός·
1301 1501 1345 1530 καὶ
1368 1501 1448 1530 πάλιν
1469 1501 1569 1540 ἕτερος,
1583 1501 1676 1533 Ἔλεος
1697 1503 1742 1529 τοῧ
1766 1501 1836 1529 Θεοῦ

1069 1549 1112 1577 ἐπὶ
1138 1554 1225 1577 πᾶσαν
1254 1548 1300 1584 τὴν
1327 1550 1387 1586 γ’ἧν.
1407 1548 1479 1584 Αὕτη
1501 1548 1531 1577 τὸ
1555 1550 1606 1577 τῶν
1620 1547 1763 1587 ἀνθρώπιον
1789 1547 1836 1586 γε’-

1069 1611 1110 1631 νος
1136 1599 1275 1628 διέσωσεν·
1304 1600 1326 1627 εἷ
1346 1598 1397 1637 γὰρ
1420 1599 1456 1636 μὴ
1481 1598 1590 1633 ἠλέησεν
1619 1601 1689 1636 ἡμᾶς
1715 1599 1728 1626 ὁ
1753 1597 1836 1633 Θεὸς,

691 1708 866 1737 ΜὈΤΙΑΝΟ
889 1708 1144 1737 SCtIOL.xSTICO
1167 1688 1419 1739 tNTERPRETE.

278 1808 417 1837 eustorium
432 1808 478 1846 qui
494 1807 578 1847 portis
592 1807 732 1841 assistunt,
751 1807 829 1836 audet
841 1807 947 1836 dicere:
963 1809 1028 1844 Quoe
1042 1815 1122 1844 tues,
1137 1809 1180 1837 vel
1195 1808 1265 1837 unde
1275 1808 1288 1836 ἶ)
1299 1809 1346 1837 sed
1361 1818 1452 1837 omnes
1463 1819 1521 1837 eam
1535 1819 1549 1837 e
1564 1810 1669 1848 regione
1679 1809 1838 1848 suscipiunt.

278 1857 323 1886 Sic
336 1857 418 1884 etiam
430 1855 627 1892 misericordia3
639 1856 730 1894 regina
742 1866 858 1893 namque
871 1863 926 1891 est,
943 1867 1004 1884 vere
1019 1857 1109 1895 regina
1123 1879 1129 1892 ,
1147 1856 1247 1885 similes
1261 1857 1358 1885 faciens
1377 1857 1499 1885 homines
1517 1858 1583 1885 Deo.
1604 1858 1722 1893 Estote,
1737 1856 1839 1895 inquit,

278 1904 475 1932 misericordes
485 1925 493 1939 ‚
506 1904 577 1931 sicul
593 1909 621 1931 et
633 1904 723 1931 Pater
737 1910 833 1931 vester
843 1903 974 1932 caelestis.
991 1904 1107 1932 Pennata
1123 1914 1237 1942 namque
1249 1911 1287 1932 est
1301 1911 1325 1932 et
1339 1904 1417 1933 valde
1438 1904 1506 1933 levis
1522 1927 1530 1939 ,
1547 1904 1647 1932 hahens
1670 1903 1726 1932 alas
1749 1914 1842 1933 aureas

278 1957 303 1978 et
318 1949 437 1978 volatum
448 1972 455 1985 ‚
470 1960 529 1987 quae
542 1949 644 1988 angelis
659 1960 782 1989 magnam
800 1950 913 1988 gratiam
927 1950 1079 1979 dilectionis
1093 1958 1217 1990 apportet
1234 1963 1240 1978 :
1255 1951 1385 1990 scriptum
1401 1958 1439 1979 est
1454 1951 1524 1979 enim
1538 1963 1544 1978 :
1561 1952 1671 1979 Pennce
1687 1953 1841 1987 tuae‚sicut

278 2008 381 2035 pennoe
395 1997 535 2025 columbae
550 1997 747 2036 deargentatoe
757 2019 765 2033 ,
778 2004 806 2025 et
820 1997 928 2026 collum
940 2000 1002 2037 ejus
1014 2000 1045 2026 in
1055 1999 1171 2038 fulgore
1187 2001 1263 2027 auri⁴
1279 1999 1355 2028 Sicut
1369 1998 1493 2027 columba
1506 1997 1627 2037 quaedam
1641 1998 1744 2032 nitens,
1761 2005 1787 2026 et
1798 2008 1842 2026 au-

282 2054 326 2072 rea
342 2050 478 2073 venustate
492 2043 630 2080 decorata,
642 2044 720 2073 mites
733 2051 758 2072 et
771 2044 892 2073 affabiles
911 2045 1002 2074 oculos
1023 2045 1139 2082 habens,
1158 2057 1205 2085 per
1222 2053 1316 2074 cuncta
1332 2045 1452 2085 pervolat
1465 2057 1471 2072 :
1486 2045 1525 2074 sic
1543 2052 1568 2074 et
1582 2044 1764 2073 misericordia
1776 2045 1842 2073 nitet

282 2101 380 2130 magno
395 2091 490 2120 decore
503 2091 596 2120 festiva
607 2114 615 2129 ,
631 2092 700 2120 nihil
714 2098 752 2121 est
761 2092 816 2121 illis
830 2093 916 2121 oculis
936 2093 1040 2121 melius.
1055 2093 1172 2122 Pulcher
1183 2092 1292 2131 quidem
1304 2100 1342 2121 est
1354 2103 1425 2132 pavo
1437 2115 1445 2129 ,
1459 2091 1505 2121 sed
1519 2092 1546 2120 in
1557 2092 1631 2120 illius
1647 2091 1844 2131 comparatione

281 2138 409 2167 deformis
419 2145 529 2178 apparet
542 2139 594 2167 :ita
605 2139 674 2167 enim
684 2139 741 2168 haec
754 2139 811 2168 avis
822 2140 936 2179 pulchra
947 2147 984 2169 est
997 2147 1021 2169 et
1031 2140 1214 2177 mirabilis‚ab
1229 2140 1287 2180 ipso
1300 2139 1376 2168 initio
1387 2151 1432 2179 per
1446 2147 1563 2179 tempora
1574 2145 1667 2168 cuncta
1682 2138 1842 2178 perdurans,

284 2191 310 2213 et
322 2185 408 2213 multa
421 2185 514 2213 divina
529 2185 613 2223 gloria
631 2185 782 2214 decoratur.
805 2186 891 2224 Virgo
913 2193 950 2215 est
972 2187 1072 2215 habens
1089 2186 1144 2215 alas
1165 2197 1258 2215 aureas
1270 2209 1277 2223 ,
1295 2186 1485 2226 circumspecta
1507 2197 1554 2225 per
1578 2185 1666 2214 omnia
1683 2192 1846 2224 venusteque

284 2233 432 2269 succincta,
445 2232 550 2261 vultum
565 2232 666 2261 habens
680 2233 826 2262 candidum
842 2241 920 2272 atque
933 2241 1117 2271 mansuetnm3
1138 2241 1251 2274 pennata
1267 2241 1305 2263 est
1320 2241 1345 2262 et
1359 2234 1442 2269 levis,
1454 2240 1479 2262 et
1492 2243 1595 2273 semper
1615 2240 1674 2261 ante
1687 2232 1784 2262 solium
1805 2243 1845 2261 re-

286 2281 344 2318 gale
358 2279 488 2308 consistit.
505 2279 619 2316 Quando
628 2280 798 2318 judicamur,
813 2288 920 2320 repente
932 2282 1057 2310 subvenit
1074 2289 1099 2310 et
1111 2292 1159 2310 nos
1181 2293 1195 2310 a
1220 2281 1361 2321 suppliciis
1380 2281 1478 2309 liberat
1494 2280 1710 2316 imminentibus,
1727 2279 1777 2308 alis
1791 2280 1847 2308 suis

287 2338 335 2356 nos
349 2334 499 2365 contegens.
513 2327 588 2355 Hanc
601 2326 718 2366 amplius
732 2327 866 2356 desiderat
877 2329 951 2357 Deus
960 2340 1039 2367 quam
1056 2329 1188 2357 sacrificia
1205 2339 1345 2358 numerosa
1358 2351 1365 2363 ,
1384 2329 1468 2357 multa
1481 2328 1515 2356 de
1527 2327 1706 2365 illa'loquitur
1714 2338 1722 2364 ;
1735 2326 1773 2355 sic
1790 2337 1847 2356 eam

287 2373 387 2413 diligit.
401 2373 538 2412 Scriptum
551 2379 590 2401 est
603 2373 673 2401 enim
689 2384 694 2400 :
715 2374 839 2402 Viduam
854 2381 881 2402 et
893 2375 1038 2413 pupillum
1061 2382 1089 2404 et
1107 2386 1263 2414 pauperem
1276 2377 1410 2413 suscipiet
1425 2376 1577 2403 Dominus.
1589 2373 1633 2402 Ex
1646 2374 1703 2413 ejus
1716 2373 1848 2402 vocabulo

289 2422 361 2449 Deus
373 2419 507 2448 desiderat
519 2419 651 2459 appellari
665 2431 671 2446 :
685 2421 845 2448 Miserator
858 2427 886 2448 et
900 2423 1061 2450 misericors
1079 2423 1159 2451 Deus
1169 2445 1175 2457 ,
1194 2423 1372 2461 longanimis
1397 2428 1423 2449 et
1436 2422 1558 2449 multum
1571 2422 1741 2456 mis-ericors,
1752 2426 1779 2448 et
1791 2431 1846 2448 ve—

290 2478 353 2495 rax.
367 2467 570 2496 Misericordia
582 2477 710 2506 namque
724 2468 779 2495 Dei
792 2477 878 2506 super
888 2478 1001 2496 omnem
1017 2475 1133 2497 terram.
1153 2470 1205 2498 Ista
1221 2476 1260 2497 est
1284 2479 1342 2506 quae
1356 2468 1469 2496 salutem
1482 2468 1601 2496 humano
1613 2467 1700 2506 generi
1714 2467 1826 2496 contulit
1840 2478 1845 2494 :

291 2512 311 2539 si
325 2512 394 2540 enim
408 2522 459 2540 non
475 2511 643 2540 misereretur
653 2512 736 2541 nostri
751 2514 823 2541 Deus
833 2535 841 2547 ,
855 2513 923 2541 irent
934 2524 1041 2552 prorsus
1052 2522 1145 2543 cuncta
1158 2515 1305 2554 perditum.
1319 2515 1380 2554 Ipsa
1393 2525 1441 2543 nos
1457 2515 1557 2553 quippe
1567 2536 1576 2551 ,
1592 2523 1652 2542 cum
1667 2513 1769 2541 inimici
1779 2523 1848 2542 esse-

291 2568 350 2585 mus
360 2580 366 2591 ,
379 2558 561 2587 reconciliatos
578 2558 696 2588 reddidit
710 2572 715 2587 ε
732 2559 787 2599 ipsa
799 2559 874 2599 plura
884 2559 953 2588 bona
969 2562 1077 2599 perfecit
1088 2585 1096 2600 7
1112 2562 1168 2600 ipsa
1182 2562 1253 2590 Filio
1268 2562 1317 2591 Dei
1329 2561 1474 2600 persuasit,
1487 2567 1517 2588 ut
1532 2561 1605 2589 fieret
1621 2570 1714 2588 servus
1724 2582 1732 2594 ,
1749 2567 1774 2588 et
1786 2560 1845 2588 exi-
