1906 2846
397 172 429 194 IN
459 172 568 195 EPtST.
596 172 642 194 AD
669 171 835 196 ttEBRAEos.
864 172 942 195 CAP.
971 171 1045 196 xltt.

77 235 133 267 πῶς
147 233 246 272 γίνεται
261 233 318 271 μεθ’
333 233 424 270 ἡμῶν;
440 230 485 261 Ἂν
509 233 546 271 μὴ
570 233 719 272 ὑδρίσωμεν
742 235 778 267 εἷς
799 233 847 269 τὴν

78 279 238 319 εὐεργεσίαν,
254 278 283 306 ἂν
303 278 339 315 μὴ
356 278 466 317 ῥᾴθυμοι
489 279 626 318 γενώμεθα
644 279 705 319 περὶ
727 279 775 315 τὴν
796 281 847 308 δω-

79 325 148 365 ρεάν.
171 325 223 354 Καὶ
242 324 268 353 τί
282 325 352 353 ἐστιν
369 327 385 359 ἡ
400 325 493 364 χάρις,
509 326 605 364 φησίν;
625 325 661 354 ‘H
683 326 774 365 ἄφεσις
794 327 847 354 τῶν

77 371 226 410 ἁμαρτιῶν,
240 370 411 409 ἡκάθαρσις·
438 370 505 406 αὕτη
528 372 579 410 γὰρ
604 373 661 409 μεθ
683 373 760 410 ἡμων
782 372 847 400 ἐστι.

77 417 127 450 Ἰίς
140 416 208 455 γὰρ,
221 427 310 455 φησιν,
322 416 465 456 ὓὲρικὼς
451 426 560 446 ουναται
574 417 656 456 φυὶάξ
659 429 684 445 αι
697 417 745 452 dv
759 417 848 456 χάριν,

77 463 123 492 καὶ
148 463 196 490 οὐκ
216 462 361 492 ἀπόλλυσιν
377 463 473 498 αὐτήν;
494 465 598 499 Οῐον,
588 463 732 502 εχαρίσατό
750 475 791 492 σοι
815 462 849 491 τὰ

79 507 280 547 ἁμαρτήματα·
292 511 349 541 πῶς
361 511 403 537 οὖν
416 508 491 537 ἔσται
505 509 572 546 μετὰ
593 512 638 538 σοῦ
653 511 669 543 ἡ
685 509 778 548 χάρις,
793 521 849 538 του-

76 554 174 590 τέστιν,
186 556 203 589 ἣ
220 554 405 592 εὖδοκίμησις,
420 554 437 589 ἢ
452 557 468 589 ἡ
479 558 524 584 τοῦ
543 555 697 593 theonam
717 556 848 596 ἐνέργεια,

82 600 112 628 ἂν
124 599 160 637 μὴ
176 599 219 628 διὰ
242 601 295 628 τῶν
317 601 421 638 ἀγαθῶν
443 600 562 639 πράξεων
586 601 667 636 αὐτὴν
694 602 848 640 ἐπισπάσῃῑ

81 646 168 674 'lova-0
175 646 227 684 γὰρ
238 645 343 674 πάντων
358 646 440 675 αἴτιον
454 648 506 674 τῶν
519 649 635 685 ἀγαθῶν,
647 647 677 676 τὸ
689 647 850 686 παραμένειν

80 693 143 728 ἡμῖν
161 691 202 721 ἀει
223 691 271 726 τὴν
286 691 364 731 χάριν
383 696 428 721 τοῦ
450 693 619 730 Πνευματος·
640 692 707 728 αὕτη
722 693 772 732 γὰρ
787 693 851 732 πρὸς

80 737 184 766 ἅπαντα
196 739 290 775 ἡμᾶς’
281 739 387 776 οδηγεῖ·
402 738 475 767 ὥσπε
465 751 492 778 ρ
507 750 550 767 ουν
563 739 624 767 ὅταν
645 741 752 778 ἀποπτῇ
765 741 850 777 ἡμῶν,

81 782 224 811 ἀπόλλυσιν
235 786 307 822 ἡμᾶς
319 794 364 813 και
379 784 492 822 ἐρήμους
506 796 563 814 ποιε
565 788 585 813 ῖ,

121 1157 166 1194 Μὴ
182 1157 213 1193 δὴ
228 1157 309 1193 αὐτὴν
324 1156 565 1195 ἀποκρουσώμεθα·
589 1157 616 1185 ἐν
632 1157 696 1193 ἡμῖν
716 1155 768 1196 γάρ
794 1158 850 1186 ἐστι

81 1203 126 1232 καὶ
143 1203 228 1241 μένειν
243 1203 337 1239 αὐτὴν,
362 1203 407 1232 καὶ
427 1204 558 1232 ἀπελθεῖν.
582 1202 622 1231 Τὸ
637 1202 683 1241 μὲν
698 1202 749 1242 γὰρ
760 1225 768 1238 ,
786 1202 850 1232 ὅταν

82 1248 114 1277 τὰ
125 1249 232 1289 οὐράνια
242 1249 420 1288 λογιζώμεθα,
435 1249 535 1288 γίνεται
548 1261 553 1267 ·
568 1249 598 1278 τὸ
609 1248 636 1277 δὲ
648 1271 655 1284 ,
666 1248 728 1277 ὅταν
740 1248 774 1277 τὰ
789 1250 850 1287 βιω-

83 1296 153 1324 τικά.
168 1295 205 1324 “O
220 1298 233 1324 ὁ
247 1295 360 1333 κόσμος,
375 1295 468 1333 φησὶν,
483 1296 511 1324 οὗ
526 1295 632 1324 δύναται
646 1295 753 1330 λαθεῖν,
767 1293 807 1323 ὅτι
821 1296 849 1324 οὔ

82 1344 173 1381 θεωρεῖ
183 1342 245 1371 αὐτὸ
255 1364 262 1376 ,
274 1341 332 1370 οὐδὲ
342 1341 465 1381 γινώσκει
476 1342 547 1371 αὐτό.
561 1342 666 1380 Κόσμον
681 1342 724 1370 τὸν
737 1341 849 1381 πονηρὸν

78 1387 124 1415 καὶ
139 1388 248 1426 αἰσχρὸν
267 1388 321 1425 βίον
336 1389 419 1416 καλεῖ.
434 1387 516 1427 Ὁρᾷς
530 1387 569 1416 ὅτι
584 1389 630 1416 οὐκ
645 1387 700 1416 ἔστι
719 1389 849 1426 κοσμικῆς

79 1433 166 1471 ψυχῆς
181 1433 211 1461 τὸ
233 1433 302 1471 ἔχειν
318 1433 395 1467 αὓτό;
424 1434 530 1467 Πολλῆς
546 1433 630 1462 τοίνυν
653 1435 717 1471 ἡμῖν
741 1434 778 1462 δεῖ
801 1435 849 1468 τ’ῆς

79 1479 209 1513 σπουδῆς,
223 1478 292 1507 ὥστε
305 1479 367 1507 αὐτὸ
378 1481 572 1518 κατασχεθῆναι
587 1481 651 1519 παρ’
667 1481 759 1516 ἡμῶν,
780 1479 847 1508 ὥστε

78 1523 165 1553 πάντα
175 1524 209 1552 τὰ
220 1524 337 1563 ἡμέτερα
350 1526 493 1562 οἰκονομεῖν
505 1548 512 1561 ,
524 1525 569 1554 καὶ
581 1527 607 1553 ἐν
620 1525 750 1564 ἀσφαλείᾳ
763 1530 847 1554 ποιεῖν

79 1570 124 1598 καὶ
149 1570 175 1599 ἐν
198 1570 288 1609 εἰρήνῃ
310 1571 406 1607 πολλῇ.
434 1570 541 1610 “ssei-:ep
561 1570 613 1610 γὰρ
635 1570 682 1606 τὴν
707 1570 733 1604 ἐξ
754 1571 847 1611 οὗρίων

79 1615 208 1644 πλέουσαν
229 1619 289 1644 ναῦν
315 1617 360 1644 οὐκ
386 1616 455 1645 ἔστιν
478 1616 537 1645 οὔτε
560 1617 766 1655 ἐμποδισθῆναι,
789 1617 848 1646 οὔτε

1074 170 1192 195 nomn„
1221 170 1328 194 XXXIV
1337 184 1344 191 .

1570 159 1644 205 440

899 233 955 261 Iloc
969 233 1032 262 satis
1053 239 1092 261 est
1113 231 1149 261 ad
1173 242 1217 261 eos
1237 231 1429 260 mansuetiores
1447 228 1607 266 reddendos,
1621 230 1643 258 si

899 285 1008 318 paratus
1019 286 1057 307 est
1071 278 1162 308 venire
1177 289 1238 307 cum
1248 277 1392 317 discipulo.
1402 276 1536 306 Salutate
1546 286 1644 305 omnes

898 327 1068 363 proepositos
1078 331 1191 353 vestros
1205 331 1233 352 et
1245 334 1344 352 omnes
1354 329 1479 352 sanctos.
1491 321 1562 352 Vide
1576 332 1645 360 quo-

901 370 981 399 modo
1003 371 1075 410 ipsos
1095 370 1287 407 honoraverit,
1301 369 1435 408 siquidem
1455 368 1489 397 ad
1511 368 1572 397 illos
1595 378 1644 407 pro

901 417 959 445 istis
981 417 1098 456 scripsit.
1121 417 1260 446 Salutant
1275 426 1331 445 vos
1351 416 1387 444 de
1412 415 1505 443 Italia
1525 415 1643 453 fratres.

904 464 1012 492 Gracia
1033 474 1097 492 cum
1120 465 1254 493 omnibus
1270 464 1365 491 vobis.
1376 461 1484 490 Amen.
1499 459 1578 495 Quod
1590 467 1646 488 erat

902 520 1044 538 commune
1071 509 1208 545 omnium,
1230 509 1282 538 hoc
1302 508 1427 537 ultimum
1447 507 1546 546 posuit.
1571 508 1645 542 Quo·
1694 509 1769 530 Gratia

903 555 982 584 modo
1001 563 1089 584 autem
1104 563 1143 585 est
1158 555 1242 594 gratia
1258 553 1418 584 nobiscum?
1433 552 1462 582 Si
1479 562 1530 581 non
1546 552 1644 591 probro
1658 542 1775 593 ᾖξ’ζζᾙιιΐι

902 608 926 630 ct
939 602 1100 630 contumelia
1113 601 1264 630 afficiamus
1274 599 1436 629 beneficium
1447 598 1484 627 :si
1497 609 1548 627 non
1561 598 1644 627 simus
1659 606 1695 624 sn.

903 647 1027 676 socordes
1050 648 1179 677 adversus
1197 647 1310 676 donum.
1326 645 1398 681 Quid
1414 652 1452 674 est
1467 644 1574 683 gratia?
1589 645 1644 672 Re-

904 694 995 723 missio
1005 702 1185 734 peccatorum,
1199 693 1323 733 purgatio
1335 706 1340 721 ε
1354 692 1409 720 haec
1419 691 1491 720 enim
1503 690 1644 719 nobiscum

903 748 951 769 est.
966 741 1035 777 Quis
1049 741 1119 770 enim
1130 764 1138 775 ,
1153 742 1198 779 qni
1214 740 1314 780 probro
1333 739 1424 768 assecit
1435 744 1461 766 et
1475 737 1647 773 contumelia,

904 794 988 826 potest
1002 787 1136 816 custodire
1150 787 1276 826 gratiam,
1292 793 1316 814 et
1331 796 1389 814 eam
1405 795 1457 813 non
1472 783 1580 823 perdit?
1593 784 1646 812 Ut-

904 841 967 872 puta
979 833 1139 862 condonavit
1150 833 1198 862 tibi
1212 839 1320 872 peecata
1333 843 1339 860 ε
1352 830 1487 869 quomodo
1499 829 1549 858 erit
1560 836 1646 858 tecum

903 879 998 917 gratia,
1008 886 1054 907 aut
1064 879 1133 907 bona
1147 878 1320 912 existimatio,
1328 883 1373 905 aut
1384 876 1502 915 Spiritus
1516 875 1647 914 operatio,

903 924 954 952 nisi
970 935 1017 963 per
1033 924 1116 953 bonas
1127 924 1243 952 actiones
1259 933 1316 951 eain
1330 921 1493 951 attraxeris?
1508 921 1564 949 Hoc
1578 920 1649 949 enim

903 976 942 998 est
955 980 1035 998 causa
1050 970 1170 998 omnium
1185 970 1329 1004 bonorum,
1344 967 1417 1006 qnod
1436 968 1463 996 in
1478 967 1556 995 nohis
1577 977 1648 995 sem·

902 1025 950 1053 per
960 1022 1065 1043 maneat
1077 1015 1163 1053 gratia
1173 1014 1290 1053 Spiritus
1304 1026 1310 1041 :
1323 1024 1352 1042 ea
1367 1013 1439 1042 enim
1454 1019 1493 1042 est
1505 1012 1582 1041 nobis
1591 1011 1650 1040 dux

902 1059 937 1088 ad
951 1060 1049 1095 omnia,
1061 1061 1131 1088 sicut
1143 1059 1251 1098 quando
1265 1070 1294 1087 ea
1306 1070 1321 1087 a
1336 1059 1413 1087 nobis
1425 1057 1586 1095 avolaverit,
1601 1067 1649 1086 nos

902 1105 990 1144 perdit
1003 1112 1028 1133 et
1038 1105 1157 1134 desertos
1166 1104 1266 1133 reddit.

941 1152 970 1182 5.
982 1152 1020 1180 Ne
1032 1162 1090 1180 eam
1105 1161 1168 1189 ergo
1183 1150 1343 1190 repellamus
1354 1156 1407 1185 3est
1421 1150 1491 1178 enirn
1517 1150 1543 1178 in
1560 1157 1650 1179 nostra

902 1204 1030 1237 potestate
1045 1204 1074 1226 ut
1088 1208 1117 1226 ea
1136 1203 1162 1225 et
1176 1203 1291 1232 maneat,
1306 1202 1331 1224 et
1345 1195 1460 1224 recedat.
1486 1194 1557 1223 Illud
1579 1195 1651 1223 enim

904 1245 946 1280 fit,
960 1243 1068 1283 quando
1083 1243 1231 1282 cogitamus
1243 1242 1373 1277 caelestia;
1388 1241 1439 1270 hoe
1451 1251 1526 1275 vero,
1540 1241 1650 1279 quando

902 1291 1049 1320 saecularia.
1077 1291 1167 1328 Quem
1195 1290 1332 1326 mundus,
1356 1288 1452 1326 inquit,
1478 1298 1536 1315 non
1557 1294 1651 1326 potest
1663 1291 1733 1312 loa-111
1755 1290 1789 1320 ι4.

903 1338 1043 1374 acczQpere
1064 1337 1136 1374 quia
1157 1345 1216 1363 non
1229 1335 1313 1363 vzdet
1336 1343 1411 1369 eum,
1427 1343 1479 1360 nec
1504 1334 1556 1360 scit
1572 1342 1648 1360 eum
1669 1327 1703 1351 ¹7·

902 1382 1037 1411 Mundum
1058 1388 1136 1410 vocat
1147 1382 1232 1410 vitam
1254 1380 1408 1419 improbam
1425 1386 1451 1408 et
1464 1386 1581 1417 tu1pen1.
1599 1378 1651 1407 Vi—

901 1425 947 1455 des
970 1436 1023 1454 non
1043 1436 1098 1455 esse
1122 1425 1266 1454 mundanae
1290 1424 1386 1453 animze
1414 1430 1444 1452 ut
1467 1422 1496 1451 id
1530 1422 1650 1450 habeat?

903 1472 990 1501 Multo
1011 1482 1073 1511 crgo
1088 1471 1166 1501 nobis
1176 1471 1267 1500 studio
1296 1481 1363 1510 opus
1380 1477 1430 1505 est,
1457 1476 1486 1497 ut
1500 1468 1528 1497 id
1543 1479 1558 1496 a
1572 1467 1651 1497 nobis

901 1522 1058 1557 retineatur,
1076 1527 1220 1558 nostraque
1237 1519 1328 1547 omnia
1342 1517 1476 1556 dispenset
1496 1523 1521 1544 et
1536 1516 1562 1544 in
1579 1523 1649 1549 tuto,

901 1576 926 1598 et
948 1568 1033 1596 multa
1054 1578 1118 1607 pace
1142 1568 1262 1596 collocet.
1286 1566 1363 1595 Sicut
1382 1567 1454 1594 enim
1469 1565 1528 1593 fieri
1540 1574 1592 1592 non
1601 1574 1652 1603 po-

902 1623 952 1645 test
972 1623 1002 1644 ut
1025 1615 1111 1651 navis,
1123 1625 1182 1653 quae
1205 1620 1283 1643 vento
1305 1612 1424 1642 secundo
1446 1612 1540 1648 fertur,
1566 1610 1650 1649 impe-

501 1722 678 1752 MUTIANO
700 1722 954 1752 SCHOLASTICO
977 1720 1231 1751 INTERPRETE.

83 1812 140 1841 Hoc
155 1812 225 1841 enim
240 1812 365 1842 idoneum
379 1819 450 1849 erat,
463 1819 492 1842 ut
505 1823 549 1842 eos
568 1813 759 1843 mansuetiores
769 1814 894 1849 efficeret,
905 1813 977 1852 quod
993 1823 1020 1841 se
1031 1819 1155 1852 paratum
1167 1811 1240 1840 dixit
1260 1810 1297 1840 ad
1316 1820 1360 1838 eos
1381 1808 1474 1838 venire
1490 1814 1518 1836 ut
1533 1818 1576 1836 eos
1591 1818 1652 1836 cum

82 1869 132 1888 suo
142 1859 276 1898 discipulo
289 1858 401 1888 videret.
418 1859 562 1894 Salutate,
574 1860 854 1898 inquit,proepositos
872 1866 984 1888 vestros
1002 1865 1029 1887 et
1050 1868 1149 1887 omnes
1170 1862 1298 1886 sanctos.
1316 1855 1432 1884 Intueris
1453 1853 1589 1892 quomodo
1608 1863 1653 1882 eos

83 1905 278 1934 honorabiliter
292 1906 407 1934 tractat?
418 1905 552 1943 siquidem
564 1906 599 1934 ad
612 1906 673 1934 illos
688 1917 736 1945 pro
749 1907 805 1935 illis
820 1906 961 1935 scribebat.
972 1906 1109 1935 Salutant
1126 1914 1181 1932 vos
1199 1913 1297 1931 omnes
1312 1912 1348 1931 ez
1363 1902 1465 1930 Italia.
1478 1901 1596 1934 Gratia,
1609 1899 1653 1928 in-

85 1953 155 1990 quit,
169 1961 234 1982 cum
248 1954 380 1981 omnibus
393 1954 486 1982 vobis.
501 1953 609 1981 Amen.
624 1953 749 1982 Gratiam
768 1954 805 1982 eis
820 1961 893 1993 optat
906 1965 912 1981 z
926 1952 998 1991 quod
1022 1959 1061 1981 est
1081 1951 1200 1980 omnium
1219 1960 1368 1979 commune.
1382 1948 1506 1984 Qualiter
1518 1953 1607 1975 autem
1622 1947 1654 1976 fit

85 1999 171 2037 gratia
185 1999 346 2028 nobiscum?
355 2000 446 2029 Sinon
461 2000 588 2039 injuriam
600 2000 730 2029 faciamus
742 2000 848 2039 quando
863 2000 940 2029 nobis
954 2000 1086 2029 beneficia
1099 1998 1284 2034 conferuntur,
1298 1997 1321 2025 si
1336 1996 1500 2035 negligentes
1514 2004 1567 2022 non
1581 1993 1653 2022 exsi-

84 2052 186 2075 stamus
203 2046 273 2074 circa
291 2057 401 2075 munera
419 2047 480 2076 Dei.
493 2047 570 2084 Quid
584 2054 622 2076 est
636 2048 742 2086 gratia?
757 2048 888 2077 Remissio
901 2047 1028 2077 videlicet
1042 2053 1068 2076 et
1083 2045 1209 2085 purgatio
1231 2050 1401 2084 peccatorum
1415 2055 1420 2070 :
1435 2043 1492 2071 haec
1512 2041 1652 2070 nobiscum

84 2099 132 2130 est,
143 2093 165 2122 si
179 2093 246 2122 bene
259 2094 402 2132 egerimus.
412 2095 482 2123 Nam
497 2095 557 2133 quis
568 2095 714 2134 injuriosus
726 2103 813 2135 potest
825 2096 903 2125 istam
919 2106 1028 2124 servare
1041 2094 1157 2134 gratiam
1168 2116 1175 2130 ,
1190 2099 1216 2122 et
1230 2102 1281 2121 non
1297 2091 1388 2120 statim
1403 2096 1548 2120 evacuatus
1564 2089 1652 2118 effici-

84 2139 150 2168 tur?
164 2139 250 2169 Verbi
263 2140 349 2178 gratia
362 2140 489 2170 :donavit
502 2141 552 2170 tibi
565 2141 655 2170 omnia
669 2149 775 2181 peecata
784 2165 791 2179 ,
802 2141 936 2181 quomodo
947 2149 1034 2171 tecum
1048 2141 1134 2180 gratia
1150 2138 1319 2180 permanebit
1329 2161 1337 2173 ,
1356 2138 1413 2166 sive
1431 2136 1550 2176 Spiritus
1569 2135 1652 2164 sancti

84 2185 214 2224 operatio,
230 2185 282 2214 nisi
297 2196 355 2215 eam
371 2197 418 2226 per
436 2186 507 2216 bona
516 2197 596 2227 opera
609 2188 645 2217 ad
660 2188 831 2228 temetipsum
848 2188 1014 2217 attraxeris?
1030 2187 1094 2216 Haec
1111 2186 1212 2226 quippe
1227 2192 1265 2214 est
1283 2195 1362 2213 causa
1376 2183 1496 2212 omnium
1511 2182 1652 2219 bonorum,

85 2233 106 2261 si
120 2233 146 2261 in
159 2233 235 2262 nobis
249 2233 378 2273 spiritalis
393 2234 478 2273 gratia
492 2242 644 2274 perseverat
660 2248 666 2264 z
681 2236 737 2266 haec
750 2237 851 2276 quippe
865 2247 915 2265 nos
934 2236 967 2265 ad
982 2235 1070 2265 omnia
1084 2235 1154 2264 bona
1169 2240 1240 2263 recto
1252 2233 1347 2262 itinere
1358 2231 1478 2269 deducit,
1489 2230 1558 2259 sieut
1572 2229 1653 2258 etiam

84 2282 192 2321 quando
206 2283 241 2312 ab
250 2293 279 2312 ea
291 2283 450 2321 excidimus,
461 2285 591 2324 perimus,
608 2293 634 2314 et
645 2285 744 2315 deserti
760 2286 894 2315 efficimur
906 2286 979 2315 omni
993 2286 1075 2314 bono.

125 2331 186 2359 Non
200 2331 290 2369 itaque
310 2341 368 2360 eam
387 2332 567 2371 repellamus:
582 2333 609 2362 in
633 2334 711 2363 nobis
729 2334 829 2374 quippe
848 2341 887 2363 est
909 2334 1000 2371 etiam,
1016 2340 1044 2362 ut
1062 2338 1215 2373 permaneat
1232 2331 1259 2359 in
1277 2330 1366 2367 nobis,
1378 2329 1421 2358 vel
1440 2335 1469 2357 ut
1493 2327 1614 2357 discedat
1637 2337 1652 2355 a

84 2377 162 2407 nobis
179 2389 185 2406 :
203 2377 275 2406 illud
297 2378 368 2407 enim
389 2379 439 2416 fit,
459 2379 567 2418 quando
585 2380 699 2410 caelestia
718 2381 903 2419 meditamur3
921 2381 972 2410 hoc
998 2387 1099 2418 autem,
1119 2378 1227 2418 quando
1252 2377 1286 2406 ad
1308 2376 1448 2406 saecularia
1473 2375 1650 2403 declinamus.

89 2427 180 2464 Quem
194 2427 338 2463 mundus,
349 2426 451 2465 inquit,
469 2438 528 2456 non
547 2435 639 2467 potest
653 2439 767 2468 capere,
784 2432 924 2469 quoniam
946 2439 1005 2458 non
1020 2429 1101 2457 videt
1116 2438 1193 2464 eum,
1209 2436 1302 2465 neque
1324 2424 1470 2464 cognoscit
1487 2433 1562 2452 eum.
1579 2422 1653 2450 Con-

86 2473 223 2512 templaris
237 2474 320 2512 igitur
334 2474 462 2512 quoniam
476 2485 529 2504 non
543 2482 580 2504 est
595 2476 732 2505 soecularis
747 2476 843 2505 animae
857 2476 955 2505 habere
969 2475 1104 2516 Spiritum
1121 2473 1264 2503 sanctuni?
1283 2472 1372 2501 Multo
1387 2471 1464 2500 nobis
1482 2470 1570 2508 itaque
1584 2479 1653 2508 opus

87 2526 126 2548 cst
139 2520 238 2558 studio,
251 2527 282 2549 ut
292 2531 354 2550 eum
367 2520 440 2561 apud
455 2522 631 2562 nosmetipsos
645 2523 758 2552 retinere
772 2523 917 2563 possimus,
931 2530 957 2552 et
970 2523 1088 2552 munitos
1109 2532 1156 2551 nos
1171 2519 1372 2557 redderentque
1386 2518 1413 2547 in
1428 2528 1493 2558 pace
1508 2517 1649 2546 collocare.

89 2566 164 2596 Sicut
181 2567 251 2597 enim
265 2568 350 2607 navis,
364 2579 423 2608 ‹111ae
442 2579 567 2609 prospero
584 2569 648 2599 ssatu
664 2570 747 2600 fertur
768 2571 795 2600 in
814 2571 918 2610 pelago,
937 2581 988 2600 non
1004 2577 1091 2610 potest
1113 2567 1239 2608 impediri
1262 2576 1347 2605 neque
1369 2564 1497 2604 demergi,
1512 2573 1651 2602 ¹¹⁵q¹¹⁰q¹¹⁰
