1906 2846
93 1248 125 1267 Ex
137 1247 210 1274 Epist.

71 1283 77 1296 ι
106 1278 132 1298 ad
153 1279 207 1301 Cor.

69 1308 129 1328 hom.
141 1307 180 1331 33,
193 1313 208 1329 t.

72 1344 106 1360 ιο,
115 1339 208 1367 ζρ.305,

68 1368 97 1394 Β]

85 1472 91 1495 [
106 1468 165 1490 ibid,
186 1478 207 1497 p.

67 1498 120 1523 306„
136 1500 208 1528 B—p.

66 1530 120 1558 3⁰7·
137 1531 169 1556 A]

69 1709 75 1722 ι
96 1703 207 1724 rhessh.

71 1733 105 1761 ιζ.

68 1851 89 1864 2.
99 1844 174 1864 Thess.
183 1844 195 1865 3
202 1860 206 1864 .

67 2113 101 2134 ΙΙ».
115 2122 135 2133 v.
156 2114 191 2135 15.

231 210 300 248 sm}
547 220 573 240 s.
597 219 734 240 JoxNMS
759 218 939 240 cum‘sosr.

229 288 332 311 cernat.
350 280 421 316 luget
435 286 458 306 et
472 279 643 306 contristatur
658 278 783 315 quidcni;
804 279 860 317 ipse
876 285 963 307 tamen

230 326 307 353 dulor
321 325 436 361 aliquam
456 324 534 350 etiam
547 323 711 361 voluptatem
727 323 812 351 adfert
827 335 831 350 z
846 324 962 353 caritatis

229 370 358 408 siquidem
380 376 403 396 et
421 368 546 406 lacryma:
566 375 589 395 et
604 368 727 395 moestitia
741 368 812 396 omni
828 368 882 397 risu
898 379 963 407 gau-

228 415 326 452 dioque
346 414 483 441 suaviores
501 421 572 441 sunt.
592 414 651 441 Non
675 415 709 441 ita
729 421 798 442 certe
812 422 963 443 recreantur

227 460 355 492 ridentes,
373 458 497 496 sicutqui
510 465 617 497 propter
627 462 728 487 amicos
748 460 860 498 plorant.
881 461 963 497 Quod

226 506 248 534 si
273 505 382 533 minime
401 505 499 539 credis,
521 504 615 532 cohibe
637 505 747 533 illorum
768 506 916 545 lacrymas,
937 515 963 536 et

227 550 373 589 comperies
398 561 442 578 eus
463 550 498 578 ita
522 550 606 589 affligi
628 561 659 578 ae
681 551 703 579 si
732 552 830 580 atrocia
851 563 962 591 quaeque

225 596 296 635 passi
321 603 414 624 essent.
435 596 488 624 Sed
510 596 633 624 obscoena
654 597 796 635 voluptas,
817 597 888 626 dicet
909 599 960 626 ali-

224 641 285 678 quis
301 664 309 677 ,
339 648 377 670 est
401 641 427 669 in
455 641 578 670 amando.
602 645 693 681 Apage
709 665 718 676 ,
752 650 776 671 et
798 645 867 672 male
887 644 960 683 loqui

222 687 332 723 desine,
361 698 376 715 o
398 687 478 716 homo
499 700 505 714 :
524 688 591 716 nihil
612 688 684 717 enim
705 689 740 717 ab
760 690 893 727 ejusmodi
914 702 959 720 vo·
978 707 995 729 C

222 733 324 772 luptate
343 740 396 762 tam
413 734 531 761 immune
543 741 597 769 est,
608 744 688 772 quani
700 745 762 762 vera
775 735 881 763 caritas.
906 737 959 765 Nee

221 779 290 807 enim
303 779 370 808 mihi
383 779 540 818 popularem
558 786 584 807 et
601 779 742 808 sordidum
753 780 830 808 illum
841 792 958 811 amorem

220 824 342 859 dixeris,
364 832 389 853 et
410 825 455 862 qui
476 824 574 853 vitium
596 825 685 864 potius
696 833 734 854 est
745 837 824 864 quam
841 828 956 866 caritas;

219 869 265 898 sed
276 881 334 899 eam
348 870 528 905 dilectionem,
547 881 626 908 quam
638 871 737 900 Paulus
754 873 876 910 requirit,
899 885 958 911 quae

219 927 311 944 eorum
335 927 402 955 quos
418 916 589 955 amplectitur
607 916 776 945 commodum
798 925 911 957 spectat;
933 926 958 947 et

219 961 325 990 videbis
335 985 342 998 ,
363 962 437 1000 quod
458 962 500 990 illi
515 962 586 1000 ipsos
601 969 723 1001 parentes
735 974 823 992 amore
837 964 956 994 vincant.

221 1009 257 1036 Et
280 1007 506 1046 quemadmodum
529 1008 574 1045 qui
589 1008 715 1046 pecunias
731 1016 837 1046 amant,
852 1021 896 1039 eas
910 1022 958 1039 ex-

220 1053 335 1092 pendere
356 1063 521 1091 nequaquam
543 1054 653 1091 volunt,
680 1055 727 1084 sed
750 1057 852 1085 malunt
866 1058 893 1086 in
908 1069 959 1087 an-

221 1099 318 1136 gustiis
330 1109 400 1132 esse,
420 1110 501 1137 quam
517 1099 608 1128 videre
624 1101 750 1140 pecunias
770 1101 885 1132 diminui
901 1117 906 1132 :
922 1105 959 1134 sic

221 1152 245 1172 et
259 1145 320 1179 ille,
337 1145 382 1182 qui
397 1155 460 1184 erga
475 1146 708 1184 quempiam'hene
722 1148 831 1177 affectus
846 1157 900 1186 est,
915 1151 956 1179 in-

221 1201 328 1218 numera
341 1191 409 1218 mala
421 1191 538 1229 perferre
549 1192 662 1227 mavult,
676 1203 756 1230 quam
767 1194 819 1222 sibi
829 1194 957 1224 dilectum

220 1237 385 1264 detrimentis
403 1237 474 1264 affici
490 1236 590 1265 videre.
607 1237 681 1271 Quid
699 1248 774 1276 ergo,
797 1239 918 1277 inquies,
934 1241 956 1269 si

223 1282 323 1310 inimici
339 1282 436 1310 suerint
450 1288 474 1309 et
493 1282 602 1320 gentiles
612 1304 619 1318 ‚
634 1293 720 1311 annon
733 1283 819 1312 odisse
833 1287 956 1324 oportet?

222 1327 319 1356 Oderis
334 1327 440 1365 quidem
453 1349 461 1362 ,
474 1337 568 1355 verum
582 1338 634 1355 non
648 1328 734 1366 ipsos,
748 1328 793 1357 sed
808 1329 955 1359 doctrinam

221 1373 346 1407 illorum;
370 1383 421 1400 non
445 1372 597 1407 hominem,
623 1375 669 1402 sed
696 1375 817 1414 improba
843 1378 909 1405 saeta
932 1384 956 1405 et

222 1428 373 1457 perversam
399 1425 523 1446 mentem.
552 1419 638 1447 Homo
662 1420 794 1458 siquidem
816 1433 883 1461 opus
907 1423 956 1451 Dei

221 1470 275 1499 est,
291 1474 364 1492 error
379 1474 441 1491 vero
461 1474 527 1502 opus
542 1464 652 1493 diaboli.
667 1466 695 1494 Si
715 1467 785 1495 enim
798 1467 886 1496 hostes
906 1469 955 1497 Dei

221 1508 283 1536 odio
299 1508 421 1547 prosequi
443 1516 580 1547 oporteat,
611 1521 661 1538 non
677 1511 773 1550 impios
793 1513 887 1550 modo,
910 1515 956 1543 sed

221 1561 370 1592 peccatores
384 1554 463 1581 etiam
481 1554 568 1583 odisse
582 1557 729 1594 oportebit;
744 1565 824 1596 atque
841 1559 877 1588 ita
891 1560 957 1599 ipsis

221 1598 312 1627 bestiis
328 1600 428 1638 pejores
445 1600 560 1634 erimus,
577 1611 667 1629 omnes
684 1602 784 1632 seilicet
798 1614 956 1644 aversantes,

219 1651 244 1672 et
261 1645 345 1673 veluti
360 1645 508 1673 Pharisaeus
522 1646 581 1683 ille,
597 1648 722 1685 superbia
737 1649 832 1678 inflati.
853 1652 956 1681 Verum

221 1701 272 1718 non
289 1691 323 1718 ita
339 1690 439 1718 Paulus
452 1691 548 1729 jussit,
570 1692 615 1720 sed
629 1693 783 1730 quomodo?
799 1697 954 1736 Corripite,

219 1736 267 1771 ait,
284 1738 442 1774 inquietos,
457 1737 650 1766 consolamini
663 1740 880 1777 pusillanimes,
899 1755 957 1774 sus-

219 1782 304 1818 cipite
327 1781 473 1820 infirmos,
497 1784 645 1819 patientes
667 1792 757 1814 estote
783 1788 824 1815 ad
845 1798 953 1822 omnes,

221 1826 294 1860 Quid
309 1825 391 1864 igitur
404 1827 473 1864 vult,
489 1837 549 1855 cum
561 1829 659 1866 inquit,
672 1831 777 1870 Siquis
791 1845 848 1862 non
860 1838 955 1867 obedit
975 1846 992 1868 E

220 1873 309 1899 ‘verbo
323 1879 420 1900 nostro
433 1884 484 1911 per
498 1875 650 1912 epistolam
661 1898 668 1909 ,
688 1878 765 1906 hunc
785 1887 884 1910 notate
895 1906 903 1917 ,
929 1893 957 1914 et

222 1928 256 1944 ne
271 1920 517 1946 commisceamini
532 1930 596 1948 cum
613 1922 686 1949 illo?
706 1924 825 1954 Maxime
846 1929 955 1963 quidem

219 1963 253 1991 de
266 1964 393 1992 fratribus
405 1964 477 1993 istud
491 1965 595 1994 dictum
609 1974 661 2003 εει,
674 1978 725 1997 non
739 1976 825 2000 tamen
841 1974 875 2001 ita
892 1975 956 2003 sim-

220 2009 339 2048 pliciter,
353 2010 398 2038 sed
414 2017 438 2038 et
455 2011 504 2039 hoc
516 2012 606 2050 ipsum
623 2023 684 2042 euin
698 2015 786 2053 aliqua
802 2027 956 2049 mansuetu-

220 2055 291 2084 dine.
310 2058 364 2084 Nec
382 2057 453 2085 enim
467 2058 500 2086 ab
513 2058 556 2086 his
568 2060 703 2097 sequentia
716 2060 888 2101 distraxeris,
909 2067 955 2095 sed

220 2108 245 2130 et
259 2113 316 2140 quae
331 2102 524 2141 subjiciuntur,
542 2115 677 2142 apponas:
691 2116 750 2134 nam
767 2108 813 2136 ubi
827 2109 953 2147 dixisset,

221 2148 266 2175 Ne
279 2152 537 2185 commisceamini,
553 2149 694 2188 adjunxit,
711 2153 751 2180 Et
769 2154 857 2183 nolite
872 2162 956 2195 quasi

219 2195 369 2221 inimicum
379 2196 542 2223 eziszimare
551 2219 557 2231 ,
573 2199 624 2224 sed
634 2199 767 2236 corripite
777 2206 807 2227 ιιι
819 2201 955 2238 fratrem.

218 2239 338 2267 Videsne
349 2240 484 2277 quomodo
496 2252 562 2279 opus
573 2243 676 2270 malum
687 2265 693 2277 ,
710 2250 735 2271 et
745 2254 796 2272 non
809 2245 954 2285 hominem,

218 2283 305 2312 odisse
316 2285 447 2323 jusserit?
469 2286 576 2314 Diaboli
596 2287 669 2316 enim
683 2288 752 2317 illud
767 2301 835 2329 opus
849 2300 902 2329 est,
920 2295 955 2323 ab

217 2329 331 2358 invicem
348 2340 394 2358 nos
410 2330 539 2360 divellere
556 2345 564 2360 ι
575 2339 600 2361 et
615 2344 773 2373 magnopere
792 2336 836 2365 ille
850 2349 954 2378 semper

217 2374 319 2402 studuit
331 2376 447 2404 caritatis
460 2387 559 2406 nexum
571 2378 726 2414 dissolvere,
744 2388 772 2409 ut
782 2384 953 2414 correctionis

216 2418 287 2446 viam
306 2419 486 2458 interciperet,
509 2429 534 2450 et
544 2423 623 2452 illum
636 2425 744 2463 quidem
759 2427 786 2455 in
799 2438 887 2457 errore
897 2452 904 2465 ,
927 2437 952 2460 te
962 2437 997 2456 44³

216 2471 280 2489 vero
304 2463 330 2490 in
347 2464 459 2501 perfidia
473 2473 499 2494 et
516 2466 578 2495 odio
592 2469 727 2507 retinere23
749 2478 829 2509 atque
845 2472 894 2501 bac
909 2485 951 2502 ra-
970 2464 988 2485 Α

214 2504 285 2533 tione
299 2506 404 2534 tandem
419 2508 489 2536 viam
503 2509 537 2537 ad
556 2510 631 2540 illius
647 2512 759 2542 salutem
775 2515 858 2544 veluti
873 2527 950 2546 muro

214 2547 410 2579 intercluderet.
437 2552 505 2580 Cum
519 2554 590 2582 enim
603 2562 628 2583 et
640 2557 760 2586 medicus
779 2566 949 2596 aegrotantem

213 2589 271 2617 odit
294 2601 323 2619 ac
344 2593 426 2630 fugit,
455 2605 524 2632 aeger
543 2607 605 2625 vero
631 2599 762 2629 medicum
787 2610 943 2639 aversatur,

976 1278 993 1300 D

970 219 1010 241 ΛΠ

1015 219 1110 242 cun-:P
1117 235 1124 242 .
1153 221 1215 243 CON
1221 221 1421 246 STANTtNOP.

1020 281 1106 315 πλάνη
1127 281 1200 319 ἔργον
1215 284 1259 309 τοῦ
1275 282 1405 318 διαίῗοᾍου.
1423 284 1454 311 Εἰ
1479 283 1530 322 γὰρ
1545 285 1582 313 δεῖ
1603 284 1659 318 τοὺς
1679 285 1784 325 ἐχθροὺς

1021 335 1065 360 τοῦ
1077 334 1146 361 Θεοῦ
1161 338 1257 370 μισεῖν,
1273 334 1330 373 οὐχὶ
1345 335 1448 367 ἀσεὸεῖς
1463 336 1501 364 δεῖ
1520 341 1605 373 μισεῖν
1618 337 1704 373 μόνον,
1715 339 1783 366 ἀλλὰ

1020 383 1065 411 καὶ
1080 384 1261 422 ἁμαρτωλοὺς,
1280 386 1324 414 καὶ
1341 385 1422 418 οὕτως
1435 387 1545 424 ἐσόμεθα
1561 388 1656 426 θηρίων
1666 388 1783 427 χείρους,

1020 436 1120 469 πάντας
1144 436 1366 475 ἀποστρεφόμενοι
1379 460 1385 473 ,
1413 438 1458 466 καὶ
1482 439 1591 478 ἀπονοίᾳ
1619 440 1766 478 φυσώμενοι
1777 462 1784 474 ,

1019 487 1137 526 καθάπερ
1152 491 1165 517 ὁ
1176 489 1322 528 Φαρισαῖος
1337 491 1441 522 ἐκεῖνος.
1455 490 1524 519 Ἀλλ’
1537 493 1585 530 οὐχ
1597 493 1610 520 ὁ
1623 492 1727 524 Παῦλος
1737 491 1784 520 οὔ·

1019 551 1070 571 τως
1081 540 1224 575 ἐκέλευσεν,
1237 541 1304 569 ἀλλὰ
1314 544 1369 573 πῶς
1380 554 1387 577 ;
1402 543 1555 570 Νουθετεῖτε
1566 543 1623 575 τοὺς
1638 542 1764 574 ἀτάκτους
1774 565 1781 577 ,

1018 594 1213 629 παραμυθεῖσθε
1225 591 1284 624 τοὺς
1303 593 1480 632 ὀλιγοψύχους,
1493 593 1632 632 ἀντέχεσθε
1643 596 1695 622 τῶν
1706 596 1782 622 ἀσθε-

1016 645 1065 671 νῶν
1079 667 1086 679 ,
1105 646 1296 682 μακροθυμεῖτε
1316 645 1380 683 πρὸς
1395 645 1504 678 πάντας.
1521 645 1556 674 Τί
1569 640 1611 673 οὖν
1625 645 1686 674 ὅταν
1698 645 1764 684 λε’γῃ
1774 669 1780 680 ,

1015 695 1102 734 φησὶν,
1123 695 1158 724 Εἴ
1177 707 1215 728 τις
1227 698 1274 734 οὐχ
1291 696 1416 725 ὑπακούει
1432 696 1476 725 τὸν
1490 697 1566 735 λόγον
1587 699 1663 735 ἡμῶν
1678 697 1721 726 διὰ
1734 700 1782 732 τῆς

1014 749 1167 783 ἐπιστολῆς,
1192 750 1282 776 τοῦτον
1303 751 1458 785 σημειοῦσθε
1471 772 1479 787 ‚
1505 748 1550 777 καὶ
1572 748 1608 786 μὴ
1634 749 1780 786 συναναμί-

1014 802 1107 837 γνυσθε
1119 800 1205 838 αὗτῷ;
1223 800 1348 828 Μάλιστα
1361 800 1408 836 μὲν
1422 799 1483 838 περὶ
1494 800 1611 838 ἀδελφῶν
1625 803 1700 828 τοῦτο
1713 799 1782 838 εἴρη-

1013 862 1074 878 ται·
1089 849 1158 885 πλὴν
1171 850 1229 878 οὔτε
1242 853 1319 879 τοῦτο
1342 852 1445 886 ἁπλῶς,
1472 850 1540 879 ἀλλὰ
1558 851 1604 879 καὶ
1623 854 1699 880 τοῦτο
1713 851 1781 888 μετὰ

1012 901 1184 940 ἡμερότητος.
1199 901 1245 936 Μὴ
1261 901 1312 940 γὰρ
1326 902 1356 937 δὴ
1370 902 1514 942 περικόψῃς
1525 902 1557 930 τὰ
1568 902 1626 938 ἑξῆς
1635 925 1642 938 ,
1658 902 1725 931 ἀλλὰ
1736 903 1781 931 καὶ

1013 953 1046 981 τὰ
1061 953 1127 991 μετὰ
1138 956 1221 982 ταῦτα
1232 954 1364 992 προστίθει
1376 965 1382 971 ·
1402 954 1446 982 καὶ
1458 955 1508 993 γὰρ
1519 953 1609 990 εἰπὼν,
1624 954 1660 992 μὴ
1673 966 1780 983 συνανα-

1015 1005 1137 1043 μίγνυσθε
1149 1028 1156 1041 ,
1169 1005 1299 1044 ἐπήγαγε,
1316 1006 1367 1034 Καὶ
1379 1005 1415 1043 μὴ
1426 1007 1460 1038 ὡς
1476 1006 1568 1045 ἐχθρὸν
1578 1009 1697 1045 ἡγεῖσθε,
1712 1006 1780 1035 ἀλλὰ

1014 1060 1153 1085 νουθετεῖτε
1167 1060 1203 1089 ὡς
1216 1058 1334 1096 ἀδελφόν.
1350 1057 1431 1096 (Ορᾷς
1445 1060 1500 1090 πῶς
1519 1058 1549 1086 τὸ
1561 1058 1634 1097 ἔργον
1649 1063 1734 1096 μισεῖν
1749 1059 1779 1087 τὸ

1014 1111 1120 1148 φαῦλον,
1143 1111 1171 1138 οὗ
1195 1110 1238 1138 τὸν
1253 1110 1397 1148 ἄνθρωπον,
1418 1110 1549 1145 ε’κέλευσε;
1566 1110 1617 1138 Καὶ
1629 1110 1679 1149 γὰρ
1704 1110 1778 1149 ἔργον

1013 1164 1058 1189 τοῦ
1085 1161 1206 1190 διαὲόλου
1231 1161 1261 1189 τὸ
1288 1162 1402 1200 διασπᾷν
1423 1164 1493 1199 ἡμᾶς
1518 1164 1562 1191 ἀπ’
1580 1162 1718 1197 ἀλλήλων·
1733 1163 1778 1191 καὶ

1057 1213 1062 1220 l
1198 1213 1204 1222 Ι
1375 1218 1383 1222 -ι
1437 1213 1444 1224 Χ
1495 1215 1502 1223 3
1532 1214 1538 1223 l
1622 1213 1634 1225 (Ι
1683 1215 1690 1224 5
1733 1214 1739 1223 Ι

994 1233 998 1238 .
1013 1213 1112 1252 σφοδρά
1127 1214 1284 1241 ἐσπουδακεν
1300 1214 1397 1241 ἀνελειν
1417 1225 1464 1248 την
1488 1225 1602 1251 αγαπην,
1624 1226 1664 1242 ινα
1679 1216 1777 1253 εκκοψῃ

1013 1267 1058 1299 τῆς
1080 1265 1239 1304 διορθώσεως
1262 1265 1309 1298 τὴν
1336 1265 1402 1299 ὁδὸν,
1429 1265 1472 1292 καὶ
1494 1265 1614 1304 κατάσχῃ
1631 1267 1727 1295 ἐκεῖνον
1751 1268 1779 1295 ἐν

1012 1317 1114 1355 πλάνῃ,
1132 1315 1160 1344 σὲ
1175 1316 1201 1343 δὲ
1217 1317 1243 1343 ἐν
1257 1316 1366 1355 ἀπιστία
1381 1327 1409 1343 τε
1424 1315 1468 1343 καὶ
1482 1316 1624 1355 ἀπεχθείᾳ,
1639 1312 1685 1345 εἷθ’
1697 1317 1778 1350 οὕτως

1013 1367 1168 1405 ἀποτειχίσῃ
1181 1369 1226 1400 τῆς
1238 1366 1335 1395 ἐκείνου
1348 1367 1477 1406 σωτηρίας
1491 1367 1538 1403 τὴν
1550 1368 1615 1397 ὁδόν.
1630 1367 1715 1397 Ὅταν
1726 1369 1777 1409 γὰρ

1011 1419 1056 1447 καὶ
1072 1421 1085 1447 ὅ
1101 1419 1187 1458 ἰατρὸς
1212 1420 1276 1457 μισ-’ᾔ
1296 1418 1339 1447 τὸν
1360 1419 1490 1457 κάμνοντα
1516 1420 1561 1448 καὶ
1589 1421 1670 1459 φεύγῃ
1682 1443 1690 1456 ,
1704 1422 1749 1450 καὶ
1761 1424 1776 1449 ὁ

1011 1470 1117 1507 κάμνων
1131 1470 1174 1498 τὸν
1190 1469 1276 1509 ἰατρὸν
1291 1470 1502 1509 ἀποστρέφηται,
1520 1473 1583 1500 πότε
1601 1472 1776 1508 ἀναστήσεται

1012 1525 1025 1550 ὁ
1039 1524 1130 1558 νοσῶν,
1152 1523 1213 1550 ὅταν
1231 1522 1297 1559 μήτε
1311 1524 1406 1555 ἐκεῖνος
1430 1524 1506 1552 αὐτὸν
1520 1525 1588 1563 καλῇ
1598 1547 1605 1560 ,
1621 1525 1687 1562 μήτε
1706 1520 1779 1558 οὗτος

1011 1574 1076 1613 πρὸς
1086 1574 1162 1602 αὐτὸν
1176 1574 1256 1612 ἀπίῃ,
1275 1574 1351 1607 Τίνος
1366 1574 1393 1603 δὲ
1407 1574 1492 1604 ἕνεκεν
1507 1575 1552 1604 καὶ
1567 1576 1718 1616 ἀποστρέφῃ
1733 1577 1779 1606 καὶ

1012 1625 1114 1664 φεύγεις
1127 1626 1221 1663 αὒτόν;
1240 1626 1279 1655 ὅτι
1295 1627 1390 1661 ἀσεὸής
1406 1628 1493 1663 ε’στιν;
1515 1629 1616 1657 Οὐκοῦν
1638 1629 1681 1658 διὰ
1703 1633 1780 1659 τοῦτο

1013 1678 1050 1705 δεῖ
1062 1678 1195 1717 προσιέναι
1207 1678 1251 1706 καὶ
1264 1678 1423 1718 θεραπεύειν,
1435 1678 1476 1707 ἵνα
1487 1680 1636 1719 ἀναστήσῃς
1647 1685 1779 1711 νοσοῦντα.

1013 1729 1046 1757 Ei
1065 1729 1091 1757 δὲ
1107 1730 1200 1758 ἀνίατα
1221 1735 1308 1766 νοσεῖ,
1332 1731 1399 1759 ἀλλὰ
1415 1730 1445 1759 σὺ
1465 1731 1494 1760 τὸ
1514 1735 1608 1761 σαυτοῦ
1623 1738 1706 1762 ποιεῖν
1723 1735 1780 1762 ἐκε-

1012 1781 1121 1816 λεύσθης
1130 1793 1136 1799 ·
1151 1781 1208 1810 ἐπεὶ
1221 1782 1266 1810 καὶ
1282 1784 1295 1810 ὁ
1306 1781 1406 1814 Ἰούδας
1421 1783 1514 1811 ἀνίατα
1526 1783 1621 1819 ἐνόσει,
1633 1784 1678 1812 καὶ
1689 1787 1718 1814 οὗ
1732 1785 1781 1814 διέ-

1012 1834 1086 1861 λιπεν
1108 1833 1185 1861 αὐτὸν
1201 1836 1214 1862 ὃ
1235 1833 1302 1865 Θεὸς
1327 1834 1486 1873 θεραπεύων.
1504 1834 1550 1870 Μὴ
1566 1835 1651 1863 τοίνυν
1668 1835 1734 1873 μηδὲ
1749 1836 1780 1865 σὺ

1013 1884 1153 1922 ἀποκάμῃς
1165 1896 1170 1902 ·
1189 1885 1238 1912 κᾶν
1253 1885 1303 1923 γὰρ
1316 1885 1402 1914 πολλὰ
1417 1886 1565 1918 σπουδάσας
1577 1886 1613 1924 μὴ
1627 1887 1780 1926 ἀπαλλάξῃς

1012 1938 1057 1970 τῆς
1070 1936 1189 1969 ἀσεὸείας
1204 1937 1290 1972 αὐτὸν,
1303 1937 1347 1965 καὶ
1360 1940 1406 1966 τοῦ
1426 1937 1625 1970 ἀπαλλάξαντος
1648 1938 1720 1977 λήψῃ
1735 1939 1779 1968 τὸν

1013 1990 1114 2025 μισθὸν,
1129 1989 1174 2017 καὶ
1188 1989 1398 2029 παρασκευάσεις
1410 1990 1487 2018 αὐτὸν
1508 1990 1648 2028 θαυμάζειν
1671 2002 1716 2019 σου
1730 1991 1779 2026 τὴν

1012 2040 1162 2079 ἡμερότητα
1177 2052 1184 2058 ·
1209 2041 1253 2069 καὶ
1267 2041 1348 2073 οὕτως
1371 2042 1406 2073 εἰς
1422 2041 1465 2069 τὸν
1480 2042 1548 2070 Θεὸν
1568 2043 1584 2076 ἠ
1606 2041 1667 2074 δόξα
1688 2042 1780 2072 ἅπασα

1013 2092 1077 2127 αὕτη
1094 2093 1255 2128 &afficerem
1278 2092 1333 2122 Κᾶν
1349 2093 1399 2132 γὰρ
1422 2093 1543 2131 θαύματα
1566 2096 1656 2132 ποιῇς,
1673 2095 1722 2123 κᾶν
1735 2107 1775 2123 νε»

1012 2143 1088 2182 κρους
1106 2144 1221 2184 ἐγείρῃς,
1237 2144 1285 2172 κᾶν
1300 2147 1383 2173 ὁτιοῦν
1398 2144 1495 2184 ἐργάσῃ
1505 2168 1512 2180 ,
1528 2144 1651 2174 οὐδέποτέ
1666 2158 1694 2174 σε
1710 2146 1777 2176 οὕτω

1012 2196 1188 2233 θαυμάσονται
1212 2195 1342 2230 Ἕλληνες
1352 2218 1359 2231 ,
1385 2198 1419 2228 ὡς
1443 2195 1507 2224 ὅταν
1531 2197 1604 2225 ἴδωσι
1629 2202 1713 2236 πρᾶον
1732 2199 1777 2228 καὶ

1010 2247 1107 2286 ἥμερον
1124 2247 1168 2276 καὶ
1184 2247 1278 2285 γλυκὺν
1304 2248 1484 2286 παρεχόμενον
1497 2248 1602 2286 τρόπον.
1619 2250 1658 2278 Οὔ
1684 2252 1777 2291 μικρὸν

1009 2299 1035 2328 δὲ
1061 2300 1105 2328 καὶ
1130 2302 1205 2328 τοῦτο
1231 2299 1389 2338 κατόρθωμα
1403 2311 1409 2317 ·
1436 2300 1529 2328 πολλοὶ
1550 2300 1600 2340 γὰρ
1620 2301 1665 2330 καὶ
1688 2302 1777 2332 τέλεον

1009 2350 1242 2389 ἀπαλλαγήσονται
1262 2353 1306 2378 τοῦ
1330 2354 1423 2379 κακοῦ.
1447 2351 1531 2380 Οὐδὲν
1547 2351 1598 2391 γὰρ
1618 2352 1698 2386 οὕτως
1715 2355 1776 2383 ε’πι-

1008 2402 1158 2430 σπάσασθαι
1169 2402 1289 2437 δύναται,
1305 2403 1339 2434 ὡς
1354 2402 1525 2439 ἀγάτι-η.Ἐπ’
1542 2402 1648 2436 ἐκείνοις
1661 2404 1709 2441 μὲν
1723 2406 1773 2445 γάρ

1007 2464 1035 2481 σε
1056 2453 1101 2481 καὶ
1116 2453 1340 2488 ζηλοτυπήσουσι,
1357 2457 1410 2485 τοῖς
1435 2453 1552 2491 σημείοις
1571 2454 1640 2492 λέγω
1660 2455 1772 2489 καὶτοῖς

1006 2504 1135 2541 θαύμασιν
1150 2516 1156 2522 ·
1182 2505 1225 2533 ἐπὶ
1238 2504 1321 2544 τούτῳ
1335 2504 1361 2533 δὲ
1376 2504 1420 2533 καὶ
1441 2504 1618 2542 θαυμάσονται
1635 2505 1680 2534 καὶ
1691 2505 1771 2544 φιλή-

1005 2567 1078 2584 σουσι
1090 2578 1097 2592 ,
1113 2558 1244 2595 φιλοῦντες
1263 2555 1305 2590 δὲ,
1331 2556 1375 2584 καὶ
1396 2558 1442 2590 τῆς
1460 2556 1583 2591 ἀληθείας
1597 2555 1769 2594 ἐπιλήψονται

1003 2612 1054 2649 ὁδῷ
1068 2612 1258 2650 προὸαίνοντες.
1276 2613 1308 2641 Εἰ
1325 2612 1350 2640 δὲ
1374 2614 1420 2641 οὐκ
1438 2612 1529 2644 εὐθέως
1544 2612 1643 2650 γίνεται
1657 2612 1764 2648 πιστὸς,
