1886 2846
451 203 482 225 ΓΝ
513 202 618 224 Et‘tST.

650 201 693 223 AD
721 201 803 223 ttEsstt
814 200 889 222 Ros.

919 199 996 221 ow.
1027 198 1074 220 lV.
1105 197 1223 219 ttOMtL.
1255 196 1312 218 Vll.
1591 199 1651 220 111

97 264 168 303 ρι’ζῃ,
192 266 242 293 τῶν
263 264 327 293 νέων
353 263 608 303 >·.αταγελαστότερος
634 263 716 292 ἔσται.
732 263 795 294 Πῶς
817 257 861 290 οὖν
879 263 894 285 B
913 260 986 300 prior
1001 246 1120 288 re·vcrcrc
1141 270 1146 285 t
1167 258 1188 286 si
1204 265 1231 286 tu
1248 264 1334 285 autem
1351 263 1409 285 tuos
1428 268 1479 285 non
1495 261 1658 295 reverearis,

95 311 235 346 δυνήσεσθε
246 312 283 349 τῷ
299 310 349 349 νέῳ
364 313 448 338 ταῦτα
469 313 605 348 παραινεῖν
620 311 693 347 ὑμεῖς
708 311 730 337 οἷ
746 309 863 347 γέροντες

95 356 233 394 μεθύοντες
246 357 296 385 ὑπὸ
308 358 355 391 τῆς
369 356 491 390 ἀταξία;;
507 357 547 384 Οὐ
563 358 614 384 τῶν
631 355 760 395 γερόντων
775 354 802 382 δὲ
817 365 863 382 κα-

92 405 211 441 τηγορῶν
231 405 316 430 ταῦτα
336 402 405 440 λέγω
417 425 424 438 ,
439 402 475 439 μὴ
491 401 608 440 γένοιτο,
623 400 690 429 ἀλλὰ
713 402 764 428 τῶν
789 399 863 428 νέων.

93 449 128 477 Οἱ
142 447 193 487 γὰρ
207 451 290 477 ταῦτα
302 448 462 486 πράττοντες
471 469 477 480 ,
491 447 549 484 ἐμοὶ
562 447 648 480 δοκεῖ,
662 446 711 475 κᾶν
723 447 758 478 εἷς
773 447 863 474 ἑκατο-

93 493 153 522 στὸν
168 493 278 522 ἔλθωσιν
294 493 364 529 ἔτος,
387 493 440 521 νέοι
456 493 518 521 εἶσί·
539 491 659 531 καῦάπερ
681 493 704 520 οἱ
727 491 798 528 νέοι,
816 490 864 519 κᾶν

93 539 189 567 παιδία
207 538 290 578 μικρὰ
304 534 363 574 ὦσι,
378 540 533 577 σωφρονῶσι
546 538 582 573 δὲ,
596 539 648 565 τῶν
662 537 789 576 γερόντων
803 536 866 565 εἰσὶν

94 584 222 622 ἀμείνους.
235 585 288 613 Καὶ
303 585 349 612 οὐκ
371 584 434 621 ἐμὸς
451 579 524 616 οὗτος
554 586 567 611 ὁ
588 582 680 620 λόγος,
696 582 764 611 ἀλλὰ
782 581 825 610 καὶ
850 585 866 617 ἡ

95 629 188 669 Γραφὴ
203 630 302 664 ταύτην
316 626 369 658 οἶδε
380 629 428 664 τ“,ν
442 630 573 668 διάκρισιν
585 640 591 646 ·
608 630 696 668 Γῆρας
708 628 758 667 γὰρ
767 651 774 663 ,
786 628 850 666 φησὶ
860 651 866 663 ,

94 675 190 713 τίμιον,
206 677 235 705 οὐ
248 676 276 704 τὸ
285 675 467 714 πολυχρόνιον,
479 676 524 703 καὶ
535 673 626 709 ἡλικία
637 674 724 712 γήρως
735 673 789 711 βίος
802 675 866 708 ἀκη-

94 721 210 753 λίδωτος.

136 1194 188 1223 Καὶ
202 1193 253 1233 γὰρ
268 1192 316 1227 τὴν
332 1190 426 1221 πολιὰν
445 1190 577 1228 τιμῶμεν,
593 1189 640 1218 οὐκ
654 1188 744 1223 ἐπειδὴ
762 1187 791 1216 τὸ
805 1189 867 1216 λευ-
893 1191 900 1198 ’

99 1241 144 1270 κὸν
157 1241 254 1279 χρῶμα
265 1243 308 1268 τοῦ
321 1239 431 1277 μέλανος
441 1238 624 1275 προτιμῶμεν,
633 1236 691 1263 ἀλλ’
707 1234 747 1263 ὅτι
762 1233 868 1272 τεκμή-

101 1286 154 1324 ριόν
169 1288 226 1314 ἐστι
237 1288 283 1320 τῆς
295 1284 414 1323 ἐναρέτου
432 1284 499 1317 {offis
509 1304 516 1317 ‚
530 1281 575 1310 καὶ
588 1283 699 1320 ὁρῶντες
712 1280 764 1309 ἀπὸ
775 1279 867 1308 τούτου

98 1331 279 1370 στοχαζόμεθα
293 1330 341 1365 τὴν
356 1330 427 1358 ἔνδον
443 1328 536 1357 πολιάν
549 1339 554 1344 ·
577 1327 607 1355 ἂν
630 1327 657 1356 δὲ
683 1326 808 1355 τάναντία
835 1328 867 1364 τῆ

99 1379 179 1416 πολιᾷ
194 1376 422 1415 διαπράττωνται,
439 1374 630 1411 καταγέλαστοι
651 1372 806 1411 γενήσονται
826 1372 868 1400 διὰ

96 1427 173 1452 τοῦτο
185 1423 294 1461 μᾶλλον.
306 1420 384 1450 Ἐπεὶ
409 1420 454 1449 καὶ
474 1420 517 1448 τὸν
534 1419 644 1459 βασιλέα
662 1420 780 1456 τιμῶμεν
793 1441 800 1453 ,
823 1418 867 1446 καὶ

96 1469 144 1504 τὴν
160 1467 302 1507 ἁλουργίδα
317 1467 362 1495 καὶ
375 1466 404 1494 τὸ
417 1466 534 1503 διάδημα
548 1488 556 1500 ,
574 1463 663 1499 ἐπειδὴ
679 1463 799 1501 σύμὸολὸι
810 1464 865 1492 ἐστι

95 1517 143 1550 τῆς
159 1515 256 1553 ἀρχῆς·
269 1512 314 1541 ἐὰν
331 1512 357 1540 δὲ
372 1512 468 1549 ἴδωμεν
483 1510 559 1539 αὐτὸν
577 1510 643 1548 μετὰ
657 1511 702 1544 τῆς
717 1508 868 1548 ἁλουργίδας

97 1561 290 1599 ἔμπτυόμενον,
313 1558 364 1587 ὕπὸ
384 1559 435 1586 τῶν
457 1556 606 1596 δορυφόρων
623 1554 868 1593 καταπατούμενον,

98 1607 255 1646 ἀγχόμενον,
270 1607 305 1638 εἷς
329 1603 507 1642 δεσμωτήριον
526 1602 732 1640 ἐμῧαλλόμενον,
747 1612 867 1639 σπαρατ-

914 306 993 344 idque
1007 316 1068 334 cuin
1083 305 1118 333 sis
1133 315 1223 338 senex,
1241 303 1376 342 quomodo
1392 314 1498 341 :equum
1519 314 1606 332 censes
1630 313 1658 333 ut

911 352 1018 392 juvenis
1034 358 1092 379 tuos
1105 350 1278 379 revereatur?
1294 351 1352 377 Non
1369 349 1496 377 revereris
1509 360 1597 384 canos,
1612 350 1658 378 sed

915 408 958 426 eos
974 397 1071 437 probro
1087 403 1112 424 et
1127 395 1256 424 dedecore
1276 395 1370 423 afficis.
1386 395 1459 423 Deus
1477 402 1501 423 tc
1515 395 1659 424 honoravit

916 443 1029 472 candore
1043 442 1172 482 pilorum,
1191 451 1316 479 maguam
1336 440 1385 468 tibi
1408 440 1482 469 dedit
1498 442 1657 480 lii-:erogati-

915 500 995 518 vam:
1010 499 1058 517 cur
1072 487 1164 528 prodis
1184 486 1336 516 honorem?
1357 486 1500 521 Quomodo
1516 494 1541 515 te
1555 498 1659 516 revere<

915 537 990 566 bitur
1009 535 1129 576 juvenis,
1155 533 1261 574 quando
1275 544 1302 562 es
1317 545 1347 563 eo
1363 534 1442 573 longe
1462 535 1611 573 protervior
1635 542 1660 563 et

917 581 1063 611 lascivior?
1076 581 1192 610 Canities
1204 580 1274 609 enim
1287 587 1350 609 tunc
1361 587 1399 608 est
1410 580 1564 617 reverenda,
1578 592 1660 619 quan-

918 631 953 660 do
964 631 1019 670 agit
1030 641 1089 669 quae
1102 636 1162 659 sunt
1172 629 1278 658 canitiei
1293 641 1298 656 ι
1312 628 1420 667 quando
1432 635 1519 657 autem
1533 629 1589 668 agit
1600 640 1660 667 qum

918 685 980 707 sunt
993 678 1137 716 juvenum,
1152 675 1238 714 magis
1254 675 1304 704 erit
1319 674 1433 704 ridicula
1448 685 1529 713 quam
1538 675 1659 714 juvenes.

919 722 1061 759 Quomodo
1084 732 1146 761 ergo
1161 720 1282 762 poteritis
1295 720 1352 749 haec
1368 720 1479 749 suadere
1495 721 1642 760 juvenibus
1654 744 1660 755 ‚

919 780 967 797 vos
982 779 1054 797 senes
1069 767 1205 796 temulenti
1223 766 1258 795 ob
1274 765 1495 795 immodestiam?
1513 767 1571 796 Non
1588 777 1661 795 senes

919 825 1045 844 accusans
1066 814 1124 843 lioec
1139 813 1211 851 dico,
1232 812 1312 850 absit,
1330 812 1376 841 sed
1387 813 1507 851 juvenes.
1522 813 1592 842 Nam
1613 813 1660 851 qui

918 865 973 893 haic
989 869 1082 902 agunt,
1099 861 1201 890 etiamsi
1214 860 1247 889 atl
1262 870 1360 889 annum
1375 860 1550 889 centesimum
1564 870 1661 900 perve-
1699 890 1702 891 ⁷

918 910 1022 944 norint,
1036 907 1102 936 mihi
1118 914 1178 935 sunt
1192 907 1302 945 juvenes
1317 918 1321 932 :
1336 906 1403 934 sicut
1414 906 1542 945 juvenes,
1557 905 1661 934 etiamsi

919 956 969 983 sint
985 954 1063 993 parri
1076 953 1167 992 pueri,
1182 952 1234 980 sint
1246 959 1334 980 autem
1349 951 1461 980 modesti
1473 958 1498 980 et
1512 959 1662 991 temperan-

919 1009 972 1035 tes,
991 1007 1053 1028 sunt
1075 999 1196 1027 meliores
1211 998 1326 1027 senibus.
1347 999 1400 1027 Nec
1421 1009 1510 1027 meum
1529 1005 1567 1027 est
1589 998 1662 1037 quod

917 1048 1028 1083 dicitur,
1044 1046 1090 1075 scd
1103 1046 1171 1074 lianc
1186 1056 1290 1084 quoque
1301 1045 1489 1074 discretionem
1503 1046 1577 1075 novit
1590 1045 1662 1074 Scri-

918 1100 995 1132 ptura
1012 1104 1017 1119 :
1033 1092 1167 1120 Senectus
1185 1091 1372 1124 venerabilis,
1398 1091 1497 1129 inquit,
1523 1101 1581 1119 non
1596 1092 1664 1119 diu·
1675 1102 1723 1129 5⁰1¹
1758 1101 1764 1129 ᾗ
1790 1108 1814 1129 §2-

919 1147 1017 1175 tuma,
1030 1145 1057 1166 et
1070 1144 1140 1166 celas
1155 1137 1310 1165 senectutis
1322 1138 1386 1164 *vita
1402 1137 1603 1166 immacculata.

958 1185 985 1213 4
1003 1185 1090 1213 Canos
1101 1183 1172 1211 enim
1183 1182 1361 1217 honoramus,
1373 1191 1426 1210 non
1437 1182 1500 1219 quia
1514 1183 1606 1211 album
1618 1193 1662 1212 co-

1705 1196 1751 1223 Qut

1791 1196 1818 1215 <it

917 1233 1000 1262 lorem
1012 1231 1089 1270 nigro
1104 1229 1278 1269 praeferimus,
1295 1227 1341 1256 scd
1355 1228 1416 1263 quia
1429 1235 1467 1256 est
1481 1229 1588 1266 signum
1600 1229 1663 1258 vitae
1677 1227 1742 1246 *¹⁰¹¹*ss
1755 1234 1818 1246 “¹¹0-

918 1289 976 1318 qum
992 1288 1026 1306 ex
1041 1276 1141 1305 virtute
1160 1274 1259 1313 agitur,
1277 1280 1301 1302 et
1317 1283 1378 1302 cum
1392 1272 1532 1308 videmus,
1548 1274 1664 1302 internos

918 1335 996 1354 canos
1007 1334 1041 1352 ex
1055 1333 1085 1351 eo
1099 1321 1274 1360 conjicimus:
1288 1319 1329 1348 sin
1344 1326 1432 1348 autem
1448 1330 1477 1348 ea
1493 1326 1588 1358 gerunt
1604 1330 1664 1357 quae

919 1368 1024 1398 canitiei
1040 1373 1102 1395 sunt
1123 1364 1265 1400 contraria,
1283 1370 1423 1403 propterea
1438 1363 1523 1402 magis
1541 1363 1609 1391 fiunt
1629 1363 1666 1391 ri-

918 1412 1014 1442 dieuli.
1037 1412 1106 1440 Nam
1122 1417 1147 1438 et
1161 1419 1250 1448 regem
1262 1408 1441 1444 honoramus,
1457 1414 1483 1436 ct
1497 1418 1647 1447 purpuram
1659 1430 1664 1442 ,

919 1466 943 1488 et
958 1457 1096 1493 diadema,
1116 1456 1243 1494 quoniam
1259 1461 1319 1483 sunt
1341 1453 1416 1493 signa
1433 1453 1540 1493 imperii
1559 1464 1566 1480 :
1582 1452 1629 1481 sed
1644 1453 1665 1481 si

919 1516 980 1534 eum
995 1503 1145 1533 viderimus
1159 1512 1220 1531 cnm
1236 1511 1355 1540 purpura
1371 1500 1501 1539 conspui,
1522 1510 1537 1528 a
1559 1499 1665 1528 satelli-

919 1552 992 1581 tibus
1011 1549 1174 1586 conculcari,
1198 1547 1335 1583 suffocari,
1354 1547 1381 1575 in
1403 1556 1535 1575 carcerem
1550 1546 1663 1586 conjici,

919 1596 1037 1636 discerpi
1059 1606 1090 1624 ac
1104 1594 1234 1631 convelli,
1251 1592 1386 1631 numquid
1401 1592 1585 1621 reverebimur
1599 1603 1666 1631 pur-

97 1653 215 1691 τόμενον,
231 1648 281 1690 ἆρα
297 1649 505 1687 αἷδεσΟησόμεΟα
519 1648 566 1683 τὴν
578 1647 732 1687 ἁλουργίδα,
747 1646 804 1681 ἢτὸ
813 1646 867 1674 διά-
884 1651 902 1673 1)
920 1654 1016 1684 puram
1037 1648 1083 1671 aut
1099 1640 1222 1670 diadema
1233 1663 1241 1677 ,
1264 1650 1311 1668 nec
1332 1639 1411 1668 etiam
1432 1638 1522 1678 ipsum
1540 1638 1666 1667 habitum

97 1700 184 1736 δημα,
200 1697 256 1726 εἰπέ
271 1709 331 1735 μοι,
345 1697 403 1725 ἀλλ’
417 1696 477 1734 οὐχὶ
487 1694 532 1723 καὶ
544 1695 608 1723 αὐτὸ
619 1693 648 1722 τὸ
659 1695 752 1732 σχῆμα
768 1692 864 1731 δακρύ-
918 1688 1141 1730 deplorabimus'?
1167 1687 1206 1716 Ne
1228 1686 1295 1716 velis
1319 1695 1382 1725 ergo
1403 1685 1531 1714 honorari
1556 1691 1667 1726 propter

523 1813 698 1844 ML’TlA-NO
719 1809 974 1842 SCHOLASTICO
992 1804 1243 1838 INTERPRETE.

101 1918 192 1948 fundis
207 1930 212 1945 ε
226 1918 299 1947 Deus
314 1924 339 1946 te
353 1915 505 1952 honoravit,
521 1915 663 1944 candorem
677 1913 769 1954 capilli
784 1912 869 1942 dedit.
883 1912 1031 1941 Primatum
1044 1909 1142 1938 habere
1155 1918 1292 1937 consessus
1306 1907 1370 1946 quid
1382 1907 1489 1947 prodest
1501 1908 1600 1937 i’illum
1611 1908 1663 1937 110-

102 1973 193 1995 norcm
216 1963 351 2004 quomodo
368 1970 522 1993 revereatur
538 1962 659 2001 juvenis,
682 1971 742 1990 cum
767 1968 790 1989 te
810 1959 909 1990 viderit
924 1959 1041 1998 amplius
1056 1956 1174 1986 laseiviae
1193 1955 1335 1984 deditum?
1351 1955 1468 1984 Canities
1482 1955 1582 1994 quippe
1603 1963 1666 1983 tunc

101 2020 139 2043 est
155 2012 332 2048 venerabilis,
345 2010 451 2050 quando
462 2021 490 2039 ea
507 2010 574 2048 gerit
586 2020 646 2048 quae
659 2009 782 2038 canitiem
797 2007 891 2036 decent
901 2018 909 2044 3
923 2016 985 2034 cum
996 2015 1060 2034 vero
1070 2002 1228 2043 juveniliter
1247 2009 1427 2037 conversatur,
1446 2002 1507 2041 plus
1519 2002 1666 2041 juvenibus

101 2061 262 2090 ridiculosus
273 2060 333 2088 erit.
348 2057 491 2094 Quomodo
506 2057 628 2097 poteritis
643 2067 692 2085 nos
704 2057 816 2096 juvenes
833 2054 987 2090 admonere,
1004 2052 1071 2080 dum
1085 2061 1134 2080 vos
1145 2060 1220 2079 senes
1235 2049 1375 2078 ebriemini
1390 2048 1665 2088 pei-incontinentiam

99 2106 240 2137 vestram?
255 2106 313 2135 Non
332 2105 404 2134 enim
417 2115 488 2134 nunc
509 2103 624 2133 irridens
641 2104 757 2132 seniores
771 2103 828 2131 haee
845 2101 921 2136 dico,
936 2099 982 2129 sed
994 2100 1106 2139 juvenes
1119 2097 1205 2136 magis
1225 2096 1332 2125 irrideo.
1344 2096 1399 2131 Qui
1413 2095 1484 2124 enim
1502 2095 1558 2124 haec
1571 2095 1662 2134 agitis,

98 2155 146 2184 etsi
162 2154 197 2183 ad
212 2153 384 2183 centesimum
397 2151 510 2181 veniatis
523 2161 634 2189 annum,
648 2151 716 2180 mihi
729 2151 839 2190 juvenes
855 2147 998 2183 videmini,
1015 2153 1040 2175 et
1058 2145 1159 2174 similes
1174 2144 1276 2183 pueris.
1290 2144 1407 2173 Juvcnes
1421 2143 1504 2179 enim,
1517 2143 1564 2172 etsi
1577 2142 1663 2172 modi-

100 2210 157 2229 cam
169 2199 340 2239 disciplinam
355 2198 487 2238 accipiant
499 2205 525 2227 ct
536 2198 715 2237 corrigantur,
732 2203 757 2225 et
772 2195 920 2225 senioribus
935 2193 1058 2222 meliores
1068 2198 1139 2220 sunt.
1152 2191 1188 2219 Et
1199 2201 1251 2219 nou
1267 2190 1316 2218 iste
1329 2199 1416 2217 sermo
1426 2199 1517 2226 meus,
1529 2189 1576 2218 sed
1589 2189 1663 2218 Scri-

100 2254 179 2287 ptura
189 2246 258 2275 hanc
269 2247 344 2275 novit
364 2246 553 2275 discretionem
571 2257 578 2273 t
601 2246 738 2275 Senectus
757 2246 847 2281 enim,
871 2242 973 2280 inquit,
991 2239 1184 2275 honorabilis,
1201 2249 1259 2266 non
1274 2237 1359 2266 multi
1380 2238 1514 2275 temporis
1525 2248 1536 2270 ‚·
1550 2243 1577 2265 et
1593 2243 1664 2265 oetas

99 2295 255 2323 senectutis
267 2295 334 2321 vita
345 2294 546 2322 immaculata.

139 2340 245 2370 Etenim
254 2350 302 2368 nos
311 2339 473 2370 honoramus
479 2340 652 2379 [canitiem?].
659 2350 710 2369 non
717 2340 780 2378 quia
788 2339 902 2368 colorem
910 2336 1056 2366 candidum
1068 2334 1158 2370 habet,
1168 2332 1226 2362 ideo
1236 2333 1270 2361 ab
1280 2333 1356 2371 nigro
1363 2331 1450 2360 colore
1458 2330 1575 2370 amplius
1582 2329 1664 2358 hono-

100 2399 205 2425 ramus;
219 2387 264 2416 sed
278 2387 341 2426 quia
356 2387 487 2416 indicium
505 2395 544 2417 est
555 2388 617 2417 vitae
631 2388 657 2416 in
669 2388 768 2417 virtute
779 2394 922 2427 provectae,
935 2392 961 2414 et
973 2384 1094 2415 videntes
1104 2393 1138 2411 cx
1148 2382 1198 2410 hoc
1209 2381 1366 2419 conjicimus
1377 2379 1530 2408 interiorem
1546 2385 1666 2407 senectu-

99 2443 151 2464 tem
166 2447 172 2463 ι
186 2435 208 2463 si
221 2445 284 2464 vero
300 2434 432 2463 contraria
446 2435 563 2464 senectui
578 2435 721 2474 gesserint,
734 2434 876 2463 irrisibiles
891 2434 960 2462 fiunt
976 2438 1084 2472 propter
1095 2430 1145 2458 hoc
1157 2428 1258 2468 potius.
1272 2428 1340 2455 Nam
1353 2433 1378 2455 ct
1391 2436 1480 2464 regem
1491 2425 1665 2459 honoramus,

99 2487 124 2510 et
138 2481 194 2520 ejus
208 2490 357 2520 purpuram
371 2486 396 2508 et
409 2479 532 2509 diadema
543 2504 550 2518 ,
568 2481 695 2519 quoniam
710 2481 759 2509 ista
775 2480 852 2519 signa
864 2486 925 2508 sunt
940 2478 1105 2518 principatus
1121 2489 1126 2504 :
1142 2475 1163 2503 si
1180 2485 1243 2503 vero
1263 2472 1412 2503 viderimus
1431 2472 1507 2500 illum
1525 2481 1584 2499 cum
1599 2481 1666 2509 pur—

99 2539 165 2569 pura
179 2528 307 2568 conspui,
323 2527 357 2556 ab
371 2528 510 2565 armigeris
525 2528 580 2557 suis
597 2528 759 2566 conculcari,
777 2526 931 2567 praefocari,
945 2526 972 2555 in
988 2524 1138 2554 custodiam
1154 2522 1238 2557 mitti,
1253 2519 1391 2560 dissipari,
1411 2518 1542 2557 numquid
1561 2527 1667 2546 reverc—

99 2585 159 2604 mur
172 2582 234 2604 tunc
251 2585 412 2615 purpuram,
427 2582 472 2605 aut
486 2575 631 2605 diadema?
644 2586 730 2605 nonne
744 2582 769 2606 et
790 2576 878 2616 ipsum
893 2574 998 2603 schema
1016 2570 1203 2612 plorabimus?
1220 2568 1283 2598 Noli
1298 2578 1360 2607 crgo
1382 2573 1491 2606 propter
1506 2576 1585 2595 canos
1601 2564 1669 2592 xcllt·

1675 1262 1749 1278 ctuus.
