1886 2846
78 997 201 1016 Sat-vudum>

77 1030 101 1047 ml
117 1028 216 1055 mysteria

78 1060 174 1079 nutantis

77 1100 81 1107 ι
92 1092 166 1110 Jnuor.

233 139 298 181 251
561 148 589 170 s.
618 147 757 171 sommis
783 147 964 170 ennrsos‘r.

229 217 300 238 ritus
314 211 455 245 hominis,
471 212 519 247 qm'
534 215 576 237 cst
590 211 621 236 ιίι
636 209 772 236 homine?
787 208 884 236 emittit
898 207 966 235 banc

229 266 321 284 vocem
345 262 484 294 postquam
508 261 643 293 peractum
664 254 715 281 suit
737 253 898 282 sacrificium
908 275 915 288 ,
938 259 966 279 ut

230 312 306 329 nemo
321 300 511 329 inconsiderate
526 310 572 327 nec
583 306 680 328 temere
690 298 724 327 ad
735 298 912 326 liuncsontem
923 308 966 324 ac-

230 346 304 375 cedat
318 346 492 385 spiritualem.
508 346 577 373 Nam
594 345 620 373 in
637 355 715 383 grege
730 343 817 379 (nibil
832 342 904 370 euim
916 352 965 370 vc—

229 399 265 419 tat
289 391 433 429 quominus
457 390 548 419 codem
572 401 664 419 rursus
690 396 797 417 utamur
821 387 964 426 exemplo)

230 436 366 465 morbidas
381 436 489 474 quidem
506 436 577 464 intus
588 434 764 468 includimus,
777 440 802 461 et
815 432 966 462 detinemus

231 483 256 510 in
273 481 397 516 tenebris,
410 489 435 509 et
444 482 480 509 eis
493 481 567 509 aliud
579 481 673 508 damus
689 478 882 506 nutrimentum
892 501 900 513 ,
914 489 965 507 non

230 527 412 566 permittentes
428 534 455 555 ut
473 537 569 566 purum
584 525 708 553 hauriant
722 535 823 560 aerem,
838 535 922 563 neque
937 532 966 553 ut

230 573 311 601 herba
328 580 467 601 vescantur
489 574 607 607 sim-cra,
633 581 717 608 neque
740 577 766 598 ut
787 582 802 599 a
827 571 897 599 sonte
918 571 965 608 qui

229 626 267 646 cst
291 619 354 647 soris
368 619 472 646 bibant.
485 617 556 655 Ergo
567 617 610 644 hic
623 627 729 654 quoqne
739 616 796 644 hmc
808 627 861 644 vox
874 623 913 645 est
923 616 966 644 in-

231 671 284 691 star
293 663 431 703 enjusdam
448 663 560 691 vinculi.
575 664 634 690 Non
646 669 719 701 potes
731 662 818 690 dicere
831 675 836 689 :
857 663 966 692 Nescie-

230 710 291 737 bam
303 732 310 746 ‚
325 709 479 747 ignorabam
492 708 560 736 hanc
571 719 626 736 rem
641 708 714 746 sequi
728 708 878 747 periculum
892 720 898 735 :
913 719 966 737 ma-

230 757 301 784 xime
328 756 376 784 hoc
394 761 552 794 protestatus
574 761 611 782 est
626 754 736 783 Paulus
753 757 786 782 At
800 754 872 783 dices
887 767 893 783 :
907 755 966 783 Non

231 801 305 838 legi?
323 801 379 828 lloc
391 811 442 828 non
456 807 494 829 est
510 800 658 837 excusatio,
672 800 717 828 sed
727 801 861 829 accusatio
877 813 882 828 :
900 812 968 839 quo-

232 847 297 875 tidie
314 846 459 885 ingrederis
474 846 621 883 ecclesiam,
638 853 663 875 et
675 846 725 875 hoc
738 846 827 876 adhuc
837 847 967 886 ignoras?

272 941 298 968 5.
315 940 447 968 Caeterum
460 946 489 967 ut
500 950 532 967 ne
553 939 604 967 hoc
616 939 726 977 quidem
739 939 825 979 possis
843 939 882 968 uti
898 950 968 978 prse-

231 992 305 1013 textu
316 1008 324 1022 ,
342 996 371 1013 ea
385 984 418 1013 (le
431 995 510 1013 causa
525 995 621 1023 magna
641 995 719 1021 voce,
736 985 850 1014 terribili
864 986 967 1014 clamo—

230 1042 273 1067 re,
287 1038 422 1069 tamquam
445 1041 547 1069 praeeo,
562 1041 671 1059 manum
695 1030 788 1058 tollens
812 1030 839 1059 in
860 1031 966 1067 altum,

228 1084 299 1106 stans
319 1077 440 1105 excelsus
456 1083 482 1104 et
495 1076 621 1104 omnibus
641 1076 814 1112 manifestus,
829 1083 854 1104 et
872 1077 899 1104 in
914 1083 968 1104 tre-

230 1123 325 1151 mendo
340 1122 386 1150 illo
407 1121 512 1150 silentio
535 1121 703 1149 vehementer
717 1121 865 1150 vociferans
874 1144 884 1159 ,
901 1121 967 1150 alios

230 1169 339 1207 quidem
354 1174 446 1203 vocat,
459 1167 526 1195 alios
535 1177 600 1196 vero
614 1174 685 1195 arcet
697 1166 819 1196 sacerdos
832 1179 838 1194 :
855 1178 906 1196 non
916 1168 967 1196 hoc

230 1227 310 1245 manu
321 1215 419 1244 faciens
430 1237 438 1253 ,
452 1214 497 1243 scd
511 1214 604 1253 lingua
619 1215 716 1243 clarius
728 1222 753 1243 et
762 1215 879 1254 apertius
886 1226 966 1253 quam

231 1273 322 1290 manu.
340 1262 408 1290 Nam
423 1271 478 1289 vox
492 1260 538 1289 illa
562 1261 589 1289 in
610 1268 711 1289 nostras
732 1272 808 1289 aures
830 1261 965 1299 incidens,

233 1315 366 1345 tamquam
383 1318 478 1335 manus
496 1307 563 1335 alios
583 1306 691 1344 quidem
707 1306 818 1345 expellit
834 1314 859 1335 et
871 1307 962 1346 ejicit,

231 1353 297 1381 alios
311 1360 400 1381 antem
413 1352 558 1381 introducit
574 1359 598 1380 et
613 1352 690 1380 sistit.
706 1352 757 1379 Dic
774 1352 841 1380 mihi
855 1375 862 1387 ,
884 1363 964 1390 rogo,

231 1396 257 1424 in
271 1397 422 1437 olympicis
437 1396 626 1424 certaminibus
642 1406 727 1423 nonne
739 1402 789 1423 stat
806 1406 892 1434 praeco
904 1407 965 1424 ma-

232 1454 281 1480 gna
292 1450 315 1471 et
327 1443 379 1471 alta
391 1453 453 1470 voce
463 1443 590 1478 clamans,
605 1449 628 1470 et
639 1441 730 1470 dicens
743 1453 748 1468 ε
762 1441 901 1479 Numquid
912 1442 966 1470 ali-

232 1489 292 1526 quis
313 1489 386 1517 bunc
408 1495 532 1523 accusat,
558 1488 624 1516 sitne
644 1499 752 1525 servus,
767 1495 813 1516 aut
836 1489 898 1526 sur,
922 1496 967 1517 aut

232 1534 308 1563 malis
331 1534 471 1562 moribus?
491 1545 654 1572 quamquam
678 1534 725 1562 illa
749 1534 893 1562 certamina
916 1545 968 1563 non

233 1586 292 1606 sunt
315 1578 415 1615 animi,
433 1589 479 1607 nec
494 1589 598 1607 morum
610 1601 619 1615 ,
636 1589 682 1606 nec
696 1578 810 1615 mentis,
825 1577 871 1606 sed
886 1578 969 1607 roho-

267 1677 276 1687 n
295 1668 366 1693 colb.
380 1675 413 1701 μή
426 1680 464 1697 τις.
476 1668 531 1702 [Sic
542 1670 569 1692 Α.
584 1670 610 1693 Β,
626 1668 724 1693 Comm.
737 1674 761 1692 et
773 1676 852 1702 marg.
865 1668 955 1701 satit]

995 146 1150 170 ARcmEP.

1179 147 1242 170 CON
1248 147 1432 172 STANTtNor‘
1439 163 1446 170 .

1021 207 1054 235 τὰ
1069 210 1113 236 τοῦ
1134 208 1284 247 ἀνθρώπου,
1298 209 1369 246 εἰμὴ
1382 210 1412 238 τὸ
1421 211 1525 246 πνεῦμα
1541 212 1585 238 τοῦΙ
1603 209 1738 248 ἀνθρώπου
1755 209 1785 237 τὸ

1021 253 1047 280 ἐν
1065 254 1152 292 αὐτῷ,
1165 253 1263 289 ταύτην
1277 254 1370 292 ἀφίησι
1381 253 1428 289 τὴν
1449 254 1536 292 φωνὴν
1553 255 1619 292 μετὰ
1635 256 1664 284 τὸ
1678 257 1725 290 τὴν
1742 260 1785 283 Ου-

1021 297 1079 326 σίαν
1101 299 1294 339 ἀπαρτισθῆναι
1308 305 1409 335 πᾶσαν,
1429 299 1498 328 ὥστε
1517 300 1615 337 μηδένα
1630 301 1719 333 ἁπλῶς
1739 300 1784 329 καὶ

1020 345 1055 376 ὡς
1077 343 1185 382 ἔτυχεν,
1202 344 1246 372 ἐπὶ
1260 344 1306 379 τὴν
1321 344 1408 382 πηγὴν
1425 345 1507 373 ἐλθεῖν
1528 346 1576 379 τὴν
1595 345 1785 383 πνευματικήν.

1021 389 1073 417 Καὶ
1086 389 1136 429 γὰρ
1150 389 1194 418 ἐπὶ
1208 391 1254 424 τῆς
1269 389 1382 427 ποίμνης
1397 390 1479 425 (οὐδὲν
1493 391 1543 428 γὰρ
1555 390 1650 419 κωλύει
1663 393 1701 429 τῷ
1713 391 1784 429 αὐτῷ

1020 434 1193 472 ὑποοείγματι
1209 435 1288 463 πάλιν
1302 435 1470 474 χρήσασθαι)
1484 435 1517 464 τὰ
1540 436 1586 472 μὲν
1600 435 1693 474 νοσερὰ
1713 436 1783 464 ἔνδον

1021 480 1209 517 ἁποκλείομεν,
1228 480 1273 508 καὶ
1298 482 1324 509 ἐν
1346 480 1431 519 σκότῳ
1446 480 1608 519 κατέχομεν,
1629 482 1674 509 καὶ
1695 481 1785 521 ἑτέρας

1021 526 1191 564 μεταδίδομεν
1207 528 1316 566 τροφῆς,
1331 526 1389 554 οὔτε
1403 526 1478 564 ἀέρος
1494 529 1624 566 καθαροῦ,
1642 526 1700 555 οὔτε
1719 526 1785 559 πόας

1021 573 1191 611 εἰλικρινοῦς,
1208 572 1266 600 οὔτε
1280 574 1367 611 πηγῆς
1388 574 1435 606 τῆς
1456 572 1504 605 ἔξω
1526 574 1721 611 συγχωροῦντες
1741 585 1786 610 με-

1020 617 1152 646 ταλαῧεῑν.
1166 618 1218 646 Καὶ
1235 619 1347 646 ἐνταῦθα
1366 618 1451 646 τοίνυν
1468 617 1534 653 αὕτη
1546 621 1562 653 ἡ
1580 617 1732 657 φωνὴξάντὶ
1747 619 1787 646 δε-

1021 665 1088 701 σμοῦ
1114 664 1182 695 τινός
1212 665 1292 692 ἐστιν.
1319 664 1377 691 Οὐκ
1409 663 1478 702 ἔχεις
1501 664 1583 692 εἰπεῖν
1593 685 1601 699 ,
1629 665 1676 692 οὐκ
1695 663 1766 700 ᾔδειν
1777 685 1785 700 ,

1020 709 1129 747 ἠγνόουν
1143 709 1183 738 ὅτι
1203 709 1318 741 κίνδυνος
1339 709 1432 737 ἕπεται
1446 711 1483 747 τῷ
1497 709 1636 748 πράγματι
1649 721 1656 726 ·
1671 709 1787 747 μάλιστα

1022 756 1068 793 μὲν
1095 751 1137 784 οἶν
1161 756 1207 784 καὶ
1231 758 1245 784 ὁ
1268 756 1374 788 Παῦλος
1402 758 1478 783 τοῦτο
1503 754 1702 794 διεμαρτύρατο.
1718 754 1785 783 Ἀλλ’

1023 803 1090 840 ἐρεῖς
1106 801 1147 829 ὅτι
1166 802 1212 830 οὐκ
1234 801 1365 837 ἀνέγνων;
1389 803 1447 830 Οὔκ
1469 802 1526 830 ἔστι
1544 803 1620 830 τοῦτο
1640 801 1768 840 ἀπολογία
1780 823 1787 835 ,

1023 847 1089 876 ἀλλὰ
1104 847 1149 875 καὶ
1163 847 1284 884 ἔγκλημα
1295 859 1300 863 ·
1313 848 1371 875 καθ’
1384 847 1495 882 ἑκάστην
1517 847 1617 886 ἡμέραν
1630 847 1737 885 εἷσέρχῃ
1752 848 1788 879 εἷς

1022 894 1069 928 τὴν
1086 892 1225 927 ἐκκλησίαν
1237 913 1244 925 ,
1259 892 1304 920 καὶ
1317 892 1356 920 ἔτι
1367 895 1442 921 τοῦτο
1456 894 1570 931 ἀγνοεῖς;

1062 936 1138 972 Πλὴν
1158 937 1217 965 ἀλλ’
1238 936 1280 964 ἵνα
1305 937 1372 974 μηδὲ
1388 939 1466 965 τοῦτο
1486 936 1548 975 ἔχῃς
1569 935 1789 976 προφασίζεσθαι,

1022 983 1111 1012 τούτου
1128 983 1204 1021 χάριν
1222 982 1323 1020 μεγάλῃ
1335 985 1367 1020 τῇ
1382 984 1468 1020 φωνῇ,
1486 984 1582 1020 φρικτῇ
1596 984 1628 1020 τῇ
1653 983 1718 1019 βοῇ,
1741 993 1789 1010 κα-

1022 1029 1104 1067 oia-:29
1119 1041 1157 1060 τις
1168 1028 1248 1066 κῆρυξ
1261 1027 1310 1062 τὴν
1323 1033 1401 1067 χεῖρα
1416 1027 1497 1066 αἴρων
1512 1029 1547 1060 εἷς
1560 1029 1590 1056 τὸ
1603 1027 1680 1066 ὕψος,
1691 1028 1789 1066 ὑψηλὸς

978 1095 1010 1113 171
1023 1073 1117 1108 ἑστὼς,
1127 1078 1193 1102 πᾶσι
1207 1074 1354 1108 κατάδηλος
1367 1073 1493 1111 γεγονὼς,
1505 1073 1550 1101 καὶ
1564 1073 1632 1112 μέγα
1647 1074 1689 1101 ἐπ’
1702 1072 1789 1111 ἐκείνῃ

987 1123 1005 1144 A
1023 1122 1055 1159 τῇ
1072 1122 1166 1158 ppos}
1186 1119 1285 1157 ἡσυχίᾳ
1307 1119 1528 1157 ἀνακραυγάζων,
1548 1118 1607 1151 τοὺς
1627 1119 1674 1156 μὲν
1697 1119 1790 1152 καλεῖ,

1022 1166 1081 1198 τοὺς
1095 1164 1122 1193 δὲ
1138 1165 1258 1203 ἀπείργει
1271 1167 1284 1193 ὁ
1299 1164 1392 1202 ἱερεὺς,
1415 1166 1444 1193 οὐ
1465 1166 1497 1202 τῇ
1519 1164 1588 1203 χειρὶ
1601 1167 1677 1192 τοῦτο
1690 1165 1770 1192 ποιῶν
1782 1184 1791 1197 ,

1023 1211 1090 1240 ἀλλὰ
1103 1213 1136 1249 τῇ
1151 1211 1256 1249 γλώττῃ
1269 1213 1316 1245 τῆς
1329 1210 1415 1248 χειρὸς
1428 1210 1592 1248 τρανότερον.
1605 1209 1639 1237 Ἤ
1651 1208 1702 1247 γὰρ
1715 1209 1790 1248 φωνὴ

1022 1257 1107 1291 ἐκείνη
1121 1258 1156 1288 εἷς
1170 1256 1218 1291 τὴν
1235 1255 1314 1290 ἀκοὴν
1331 1255 1501 1293 ἐμπίπτουσα
1515 1255 1563 1289 τὴν
1578 1253 1729 1293 ἡμετέραν,
1743 1265 1791 1282 κα-

1021 1303 1103 1341 onim?
1127 1302 1185 1340 χεὶρ
1211 1301 1270 1333 τοὺς
1297 1301 1344 1339 μὲν
1367 1302 1428 1329 ὠθεῖ
1453 1300 1498 1329 καὶ
1520 1300 1659 1336 ἐκῧάλλει,
1683 1299 1742 1333 τοὺς
1763 1299 1791 1328 δὲ

1021 1348 1118 1386 εἷο-ἄγε·-
1131 1347 1175 1375 *md
1189 1347 1358 1385 παρίστησιν.
1375 1345 1442 1374 Εἰπὲ
1454 1345 1486 1380 δή
1509 1358 1569 1383 μοι,
1583 1346 1748 1384 παρακαλῶ,
1763 1345 1790 1373 ἐν

1021 1398 1073 1426 τοῖς
1086 1393 1279 1430 Ὀλυμπιακοῖς
1293 1394 1390 1431 ἀγῶσιν
1407 1392 1466 1431 οὖχί
1480 1391 1588 1426 ἕστηκεν
1599 1393 1612 1420 ὁ
1626 1390 1708 1430 κήρυξ
1722 1392 1790 1429 βοῶν

1023 1440 1093 1478 μέγα
1110 1439 1155 1468 καὶ
1170 1439 1282 1478 ὑψηλὸν,
1297 1438 1339 1466 “εἴ
1357 1450 1396 1470 τις
1409 1438 1501 1467 τούτου
1515 1441 1673 1476 κατηγορεῖ,
1687 1436 1770 1475 λέγων
1781 1459 1788 1472 ,

1024 1484 1060 1523 μὴ
1078 1484 1167 1516 δοῦλός
1185 1485 1239 1512 ἔστι
1251 1506 1258 1518 ,
1274 1483 1310 1521 μὴ
1326 1483 1455 1518 κλέπτης,
1471 1483 1508 1521 μὴ
1527 1482 1632 1521 τρόπων
1653 1483 1789 1520 πονηρῶν;

1023 1530 1109 1559 καίτοι
1123 1530 1155 1558 τὰ
1175 1529 1350 1568 ἀγωνίσματα
1364 1531 1450 1557 ἐκεῖνα
1464 1529 1521 1558 οὔτε
1535 1529 1620 1567 ψυχῆς
1634 1529 1716 1563 ἐστιν,
1730 1526 1791 1556 οὔτε.

1023 1579 1119 1617 τρόπου
1132 1580 1244 1616 ἀγαθοῦ,
1260 1577 1328 1606 ἀλλὰ
1341 1576 1432 1616 ῥώμης
1449 1576 1493 1605 καὶ
1514 1575 1643 1613 σώματος.
1659 1575 1693 1603 Εἰ
1704 1574 1790 1603 τοίνυν

649 1782 823 1810 MUTIANO
847 1781 1099 1811 SCHOLASTICO
1113 1780 1362 1811 INTERPRETE.

234 1877 335 1911 inipso
347 1880 387 1901 est
398 1876 410 1900 .³
424 1873 492 1901 hanc
506 1873 602 1901 emittit
618 1883 709 1901 vocem
721 1880 861 1912 postquam
877 1873 1038 1902 sacrificium
1050 1873 1188 1912 perficitur
1199 1896 1206 1910 ,
1222 1880 1250 1901 nt
1266 1873 1356 1901 nullus
1379 1871 1537 1911 simpliciter
1553 1869 1788 1909 etqnomodolibct

234 1921 267 1949 ad
283 1922 381 1949 fontem
402 1920 569 1959 spiritualem
587 1921 683 1949 veniat.
705 1920 811 1949 Etenim
826 1921 852 1948 in
870 1931 948 1959 grege
964 1921 1050 1956 (nihil
1071 1921 1196 1959 prohibet
1211 1920 1303 1949 eodem
1325 1920 1423 1948 iterum
1445 1919 1568 1957 exemplo
1588 1917 1642 1954 uti)
1655 1916 1791 1946 morbidas

235 1968 343 2005 quidem
355 1967 424 1995 intro
440 1967 606 1995 recludimus
615 1990 623 2003 ,
634 1974 658 1995 ct
673 1967 700 1995 in
713 1966 829 1995 tenebris
846 1967 986 2004 habemus,
1002 1974 1026 1995 et
1037 1967 1118 1995 altera
1131 1967 1292 1995 nutrimenta
1301 1966 1460 2001 tribuimus,
1471 1975 1555 2002 neque
1564 1975 1599 1992 ex
1608 1974 1668 1992 aere
1678 1962 1791 1999 mundo,

237 2024 319 2052 neque
330 2024 363 2041 cx
378 2013 485 2052 pascuis
495 2013 569 2052 puris
579 2036 586 2049 ,
598 2023 682 2050 neque
701 2024 733 2041 ex
745 2013 816 2041 fonte
831 2012 876 2050 qui
889 2013 955 2041 soris
964 2020 1018 2048 est,
1032 2023 1074 2041 eas
1085 2013 1263 2051 permittimus
1278 2023 1389 2040 sumere.
1404 2011 1440 2039 Et
1454 2011 1499 2038 hic
1512 2011 1596 2049 igitur
1604 2011 1662 2048 ipsa
1673 2020 1728 2039 vox
1741 2020 1791 2048 pro

237 2060 350 2088 vinculis
365 2059 528 2097 quibusdam
543 2067 591 2088 est.
608 2061 667 2088 Non
679 2066 755 2099 potes
765 2059 871 2088 dicere:
889 2059 1064 2096 Nesciebam,
1082 2059 1239 2097 ignorabam
1255 2059 1316 2096 quia
1331 2057 1480 2096 periculum
1498 2057 1617 2094 seqnitur
1635 2056 1704 2084 hanc
1725 2066 1792 2084 cau-

237 2118 302 2135 sam.
315 2106 437 2135 Maxime
450 2113 538 2134 autem
550 2113 574 2134 et
586 2106 687 2135 Paulus
703 2106 857 2134 testificatus
869 2112 907 2133 est
921 2105 991 2133 hane
1005 2115 1122 2134 causam.
1133 2104 1187 2134 Sed
1198 2104 1282 2141 dicis,
1294 2103 1423 2142 Nonlegi.
1440 2104 1500 2132 Non
1514 2110 1553 2132 est
1567 2103 1623 2131 haec
1634 2102 1771 2131 excusatio
1781 2124 1791 2140 ,

240 2154 282 2182 sed
297 2154 408 2183 crimen.
421 2156 470 2183 Per
489 2154 607 2192 singulos
622 2153 678 2182 dies
693 2153 775 2181 intras
790 2153 928 2181 ecclesiam
940 2175 947 2189 ,
963 2159 987 2180 et
998 2152 1086 2180 adhue
1098 2152 1170 2180 istud
1184 2151 1311 2190 ignoras?

283 2203 472 2230 Verumtamen
486 2207 516 2229 ut
526 2211 610 2238 neque
618 2200 687 2228 hanc
703 2200 753 2228 tibi
766 2199 963 2228 excusationem
979 2199 1097 2228 invenias
1107 2221 1114 2235 ,
1127 2206 1266 2239 propterea
1280 2199 1305 2227 in
1318 2198 1409 2227 altiori
1423 2198 1480 2226 loco
1495 2204 1566 2226 stans
1577 2207 1674 2236 magna
1690 2207 1755 2226 voce
1768 2204 1794 2226 et

240 2249 360 2276 trementi
376 2248 538 2284 conclamat,
563 2246 645 2275 veluti
660 2245 770 2284 quidam
783 2256 871 2284 praeco
881 2268 889 2282 ,
906 2256 1000 2274 manus
1011 2245 1153 2274 sustollens
1166 2245 1193 2273 in
1207 2245 1291 2274 altum
1301 2267 1309 2280 ,
1324 2244 1404 2272 altius
1423 2244 1502 2272 etiam
1517 2243 1573 2282 ipse
1585 2250 1658 2272 stans
1668 2241 1794 2272 omnibus

239 2295 394 2324 manifestus
408 2295 524 2324 efficitur
535 2305 544 2331 3
554 2300 580 2322 et
594 2303 674 2321 manu
689 2293 735 2321 illa
746 2292 892 2328 tremenda,
905 2300 928 2321 et
941 2293 1066 2321 continua
1083 2304 1147 2322 voce
1159 2293 1315 2329 reclamans,
1330 2292 1396 2320 alios
1410 2291 1519 2330 quidem
1530 2297 1618 2327 vocat,
1629 2290 1695 2319 alios
1703 2296 1792 2319 autem

239 2342 362 2379 prohibet
379 2354 384 2369 :
402 2352 454 2370 11011
466 2352 546 2369 manu
556 2340 607 2368 hoe
618 2340 715 2369 faciens
724 2362 733 2376 ‚
748 2338 793 2368 scd
803 2339 895 2377 lingna
918 2340 1016 2368 clarius
1028 2350 1108 2378 qnam
1122 2340 1144 2368 si
1165 2350 1246 2368 manu
1257 2340 1308 2378 hoc
1317 2339 1421 2367 faceret.
1442 2339 1506 2367 Vox
1519 2337 1591 2366 enim
1602 2337 1648 2366 illa
1662 2337 1690 2365 in
1709 2336 1791 2366 audi—

239 2395 295 2416 tum
311 2389 412 2417 irruens
429 2395 548 2417 nestrum
556 2410 566 2426 7
576 2387 660 2416 veluti
677 2397 771 2415 manus
786 2385 852 2414 alios
862 2385 970 2424 quidem
983 2387 1094 2425 expellit
1105 2393 1130 2415 et
1144 2386 1265 2415 excludit
1280 2408 1287 2422 ‚
1308 2386 1375 2414 alios
1389 2391 1477 2413 autem
1490 2383 1636 2413 introducit
1649 2390 1674 2412 et
1689 2393 1790 2422 reprae-

240 2443 329 2463 sentat.
346 2436 396 2463 Dic
407 2436 477 2464 enim
493 2446 557 2473 rogo
567 2457 574 2471 7
591 2434 619 2462 in
633 2433 802 2472 Olympiacis
816 2433 1021 2469 certaminibus,
1034 2444 1120 2462 nonne
1134 2434 1221 2462 stabat
1236 2443 1332 2472 praeco,
1346 2439 1372 2460 et
1383 2442 1512 2470 magnum
1531 2437 1611 2469 atque
1632 2430 1717 2459 altum
1731 2430 1788 2460 cla-

241 2493 332 2514 mans,
348 2490 371 2510 ct
387 2483 476 2511 dicens
490 2492 495 2510 :
512 2483 540 2511 Si
556 2482 617 2520 quis
627 2482 698 2509 hune
711 2487 827 2518 accusat,
844 2491 876 2508 ne
887 2481 955 2509 sorte
969 2492 1062 2508 servus
1075 2488 1113 2509 est
1125 2503 1132 2516 ,
1145 2492 1177 2509 ne
1191 2481 1257 2509 forte
1271 2481 1333 2515 fur,
1345 2490 1377 2508 ne
1391 2480 1457 2507 sorte
1468 2488 1572 2507 morum
1587 2478 1788 2517 malignorum?

241 2528 366 2565 quantivis
382 2529 521 2557 certamina
534 2529 578 2557 ill.-
594 2539 644 2557 non
657 2529 707 2556 sint
723 2527 817 2556 Ι’11111111ι
831 2538 914 2565 neque
936 2538 1040 2556 1110111111
1055 2550 1061 2563 ‚
1079 2527 1124 2556 sed
1137 2527 1302 2557 tortitudinis
1315 2525 1469 2565 corporalis.
1484 2525 1511 2554 Si
1525 2525 1614 2562 itaque
1629 2523 1674 2553 ubi
1691 2533 1785 2564 corpo-
