1906 2846
93 716 149 736 Ιῖι-υι
168 716 200 737 13,

250 181 316 225 395
578 190 606 211 s.
637 189 774 211 smmis
802 189 982 210 cuuxsosr.

246 260 298 280 tem
314 251 437 290 voluptas
452 256 489 278 est
505 259 587 286 usque
603 248 637 276 ad
652 249 758 286 gulam,
778 259 861 286 usquc
878 248 912 276 ad
927 249 982 276 lin-

247 308 326 335 guam
342 309 348 325 x
366 306 452 325 mensa
476 301 563 322 autem
581 293 668 321 ablata
690 300 735 321 aut
759 294 819 322 cibo
836 294 981 329 devorato,
1001 297 1019 319 C

247 343 358 383 perinde
371 353 397 369 es
412 348 491 379 atque
506 340 526 368 si
541 350 592 368 uon
604 339 686 368 fucris
697 340 754 378 ejus
769 340 918 379 particep53
930 341 984 368 imo

247 400 309 416 vero
324 388 400 425 longe
411 385 538 421 deterior,
559 393 586 413 ιιι
600 385 646 423 qui
663 384 724 413 inde
738 386 842 414 auferas
855 386 981 425 gravedi-

246 445 304 463 nem
314 456 322 467 ,
336 432 523 461 distentionem
537 438 561 460 et
579 430 824 471 pandiculationem
842 440 867 461 et
888 443 984 472 crapu—

245 482 297 509 lam
314 486 338 508 et
353 488 476 507 somnum
496 478 575 506 morti
591 477 707 506 similem
717 501 723 513 ‚
738 489 808 518 saepe
821 489 884 507 vero
904 478 984 507 etiam

245 526 366 565 vigiliam
386 535 419 553 cx
440 525 577 553 saturitate
593 530 618 552 et
637 524 820 554 obstructione
834 525 946 564 spiritus
959 532 984 554 et

244 572 424 601 eructatione:
439 578 464 599 et
483 570 581 598 millies
595 570 703 608 quidem
722 574 841 600 ventrem
859 582 983 600 exsecra-

244 626 286 647 tus
307 629 349 652 es,
366 627 427 645 cum
448 623 567 655 oporteat
589 616 822 656 intemperantiam
844 616 981 646 detestari.

245 666 283 693 Ne
295 673 390 703 corpus
403 673 465 702 ergo
477 662 688 702 impinguemus,
702 663 748 692 sed
760 663 904 692 audiamus
914 665 984 693 Pau-

245 712 301 740 lum
324 711 454 739 dicentem
471 721 476 736 :
493 710 599 738 Carnis
620 719 721 738 curam
747 721 782 739 ne
802 711 933 749 feceritis
946 712 987 739 ad
1003 715 1022 737 D

245 757 502 795 concupiscentias.
519 755 555 784 Ut
576 755 646 783 enim
661 755 683 783 si
703 755 764 794 quis
779 756 852 785 eibos
873 767 984 796 accepe-

245 805 289 838 rit,
304 810 327 832 et
341 803 366 831 in
380 802 496 830 cloacam
512 801 663 841 projecerit,
679 802 714 830 ita
730 802 808 831 etiam
820 803 865 841 qui
881 803 908 832 in
921 814 971 832 ven
981 821 987 825 ·

245 858 309 878 trem
328 848 435 887 ingerit3
449 847 502 876 imo
518 858 582 876 vero
597 858 648 876 non
664 848 700 876 ita
711 870 718 883 ‚
739 848 786 877 sed
800 849 879 888 longe
901 849 985 889 pejus.

244 896 313 924 Nam
326 894 371 922 hic
386 893 496 932 quidem
511 893 627 922 cloacam
639 893 703 922 facit
712 894 815 933 absque
825 895 880 923 suis
892 895 985 932 malis;

244 944 300 972 illic
323 950 412 971 autem
435 949 459 971 et
487 941 594 971 morbos
622 949 744 981 procreat
767 943 985 973 innumerabiles.

244 992 313 1019 Nam
341 990 411 1029 quod
440 989 524 1018 nutrit
552 995 590 1017 est
615 988 642 1016 id
670 989 741 1027 quod
771 990 885 1025 sufficit,
914 990 987 1028 quod

244 1038 322 1067 etiam
338 1043 423 1077 potest
438 1036 568 1074 concoqui
584 1048 590 1063 :
606 1035 679 1074 quod
694 1043 781 1065 autem
798 1036 986 1076 indigentiam,

244 1090 351 1122 superat
370 1106 377 1119 ,
399 1092 449 1110 uon
477 1081 563 1110 solum
591 1091 643 1110 non
671 1082 755 1110 nutrit
772 1105 779 1115 ,
807 1084 853 1110 sed
879 1083 985 1122 corpori

244 1131 322 1159 etiam
349 1141 447 1158 noxam
468 1129 553 1158 affert.
580 1131 613 1156 At
639 1129 730 1157 nullus
750 1129 807 1157 haec
831 1129 903 1158 videt
928 1140 1031 1174 pro-,777

245 1184 302 1216 pter
320 1176 433 1214 vulgare
455 1173 644 1214 praejudicium
660 1181 685 1202 et
706 1174 920 1213 intempestivam
936 1185 985 1202 vo-
996 1171 1022 1206 Ἀ

245 1224 383 1262 luptatem.
405 1222 455 1251 Vis
478 1231 574 1260 corpus
590 1220 712 1248 nutrire?
727 1227 836 1259 amputa
852 1221 924 1259 quod
945 1232 985 1249 re-

244 1268 357 1303 dundat,
374 1267 409 1296 (la
426 1266 497 1305 quod
515 1265 626 1301 suflicit,
639 1272 663 1293 et
676 1272 806 1303 quantum
819 1272 903 1305 potest
921 1276 985 1294 con-

245 1315 289 1343 fici
304 1322 329 1343 et
344 1313 471 1351 concoqui
490 1324 495 1339 z
510 1312 564 1341 noli
580 1312 668 1351 ipsum
685 1322 810 1350 gravare,
827 1323 859 1340 ne
874 1312 981 1341 obruas.

246 1360 325 1396 Quod
347 1360 446 1389 sufficit
461 1366 498 1388 est
512 1366 534 1387 et
550 1359 709 1387 alimentum
721 1366 746 1387 et
757 1359 882 1398 Voluptas
896 1371 901 1386 :
916 1359 984 1388 nihil

245 1407 316 1435 enim
335 1406 400 1434 adeo
415 1405 497 1434 efficit
511 1405 686 1444 voluptatem,
701 1411 730 1432 ut
745 1404 820 1433 cibus
834 1411 904 1433 recte
924 1415 985 1433 con-

246 1454 328 1481 sectus
343 1465 348 1479 :
362 1452 430 1480 nihil
438 1451 503 1480 adeo
514 1449 835 1486 efficitsanitatem,nihil
845 1450 910 1478 adeo
923 1461 985 1479 acu-

246 1509 305 1526 men
320 1508 445 1526 sensuum
458 1520 464 1531 ,
476 1496 544 1525 nihil
560 1503 597 1524 est
612 1495 684 1533 quod
697 1495 822 1524 morbum
835 1506 912 1534 aeque
925 1507 986 1535 pro—

245 1546 340 1584 pulset.
352 1544 424 1583 Ergo
435 1544 505 1582 quod
515 1543 613 1572 suflicit
623 1550 660 1571 cst
667 1550 690 1571 et
699 1543 857 1571 alimentum
864 1550 890 1571 et
901 1543 983 1572 volu-

245 1599 302 1630 ptas
311 1598 335 1619 et
345 1591 461 1627 sanitas3
472 1589 543 1628 quod
555 1599 617 1617 vero
626 1595 663 1616 est
672 1588 731 1627 plus
740 1599 820 1626 quam
832 1599 880 1628 par
890 1589 933 1625 sit,
942 1597 980 1617 est

281 1669 288 1675 ·
307 1665 314 1698 [
327 1670 422 1698 5:1³7&
433 1664 491 1688 add.
507 1673 583 1696 marg.
599 1664 654 1688 sm.
669 1670 690 1687 et
703 1665 823 1695 expressit
835 1664 951 1698 ,tt-ninam]

1009 189 1025 210 A
1034 189 1163 210 nentur.
1193 188 1298 210 CONST
1308 188 1461 211 tNTtNOP.

1040 249 1094 278 ἐστί
1107 261 1111 265 ·
1129 250 1175 283 τῆς
1190 249 1240 288 γὰρ
1251 249 1381 288 τραπέζης
1392 250 1527 288 ἀρθείσης,
1539 249 1555 284 ἢ
1569 252 1612 279 τοῦ
1627 250 1710 279 σιτίου
1722 263 1803 280 κατα·

1038 294 1159 326 ποθέντος
1168 317 1174 329 ,
1187 293 1274 332 ὅμοιος
1289 294 1336 333 ἔσῃ
1348 296 1385 333 τῷ
1398 294 1434 332 μὴ
1456 295 1648 334 μετεῦχηκότι,
1664 297 1762 333 μᾶλλον
1778 296 1805 324 δὲ

1038 341 1128 378 πολλῷ
1143 340 1248 379 χείρων,
1264 340 1333 379 βάρη
1350 340 1434 378 φέρων
1449 342 1546 369 ἐκεῖθεν
1563 340 1606 369 καὶ
1627 340 1746 369 διάταΰιν
1760 342 1805 369 καὶ

1039 386 1204 425 καρηὲαρίαν
1224 387 1268 414 καὶ
1290 385 1368 415 ὕπνον
1382 386 1485 415 ἐοικότα
1504 387 1608 425 θανάτῳ
1618 409 1625 422 ,
1639 386 1767 418 πολλάκις
1778 385 1806 414 δὲ

1038 433 1082 461 καὶ
1097 432 1243 471 ἀγρυπνίαν
1256 432 1308 461 ἀπὸ
1320 434 1476 471 πλησμονῆς
1485 433 1509 468 *,
1535 433 1579 462 καὶ
1599 432 1746 470 πνεύματος
1760 434 1807 470 ἐμ-

1039 479 1169 518 φράξεως,
1193 479 1237 507 καὶ
1258 481 1363 518 ἐρυγῆς·
1388 479 1432 507 καὶ
1457 479 1536 519 μυρία
1556 479 1586 507 ἂν
1609 478 1752 517 κατηράσω
1774 481 1806 518 τῇ

1038 526 1147 564 γαστρὶ,
1163 526 1219 553 δέον
1234 526 1266 562 τῇ
1286 525 1398 565 ἀμετρίᾳ
1419 528 1629 564 καταράσασθαι.
1652 525 1699 560 Μὴ
1715 525 1808 553 λιπαί-

1040 583 1124 609 νωμεν
1139 571 1223 600 τοίνυν
1243 570 1273 599 τὸ
1291 574 1384 609 σῶμα,
1409 572 1467 600 ἀλλ’
1482 571 1618 609 ἀκούωμεν
1634 574 1678 599 τοῦ
1698 570 1806 600 Παύλου

1039 618 1170 656 λέγοντος·
1185 619 1241 651 Τῆς
1256 617 1352 657 σαρκὸς
1371 617 1494 656 πρόνοιαν
1508 618 1544 656 μὴ
1558 620 1673 646 ποιεῖσθε
1690 619 1726 649 εἷς
1744 618 1807 646 ἐπι-

1041 664 1142 701 θυμίας.
1155 664 1262 703 ζὨσπερ
1277 664 1306 691 ἂν
1323 663 1348 692 εἴ
1363 675 1402 696 τις
1415 665 1449 695 εἷς
1467 664 1572 702 ἀμάραν
1587 663 1676 692 λαὲὼν
1689 662 1722 692 τὰ
1736 663 1808 692 σιτία

1039 710 1179 749 *Ίέμὸάλλῃ
1191 733 1197 744 ,
1219 710 1284 739 οὕτω
1305 710 1348 739 καὶ
1364 713 1377 738 ὁ
1390 712 1424 742 εἷς
1442 710 1487 745 τὴν
1512 709 1629 750 γαστέρα
1652 709 1806 748 {pedumv-

1041 759 1140 795 μᾶλλον
1160 758 1186 786 δὲ
1199 759 1247 796 οὐχ
1265 757 1344 790 οὕτως
1354 781 1360 792 ,
1374 757 1442 785 ἀλλὰ
1456 757 1545 796 πολλῷ
1559 761 1658 796 χεῖρον.
1675 757 1808 786 Ἐνταῦθα

1042 804 1088 842 μὲν
1101 803 1151 843 γὰρ
1165 803 1269 842 ἆμαραν
1283 804 1419 842 ἐργάζεται
1431 803 1512 842 χωρὶς
1524 806 1575 832 τῶν
1592 802 1694 832 οἰκείων
1708 805 1808 838 κακῶν,

1040 852 1094 879 ἐκεῖ
1103 850 1129 878 δὲ
1144 850 1188 878 καὶ
1203 850 1282 889 μυρία
1294 850 1376 878 τίκτει
1388 849 1420 878 τὰ
1432 850 1578 888 νοτήματα.
1590 849 1630 878 Τὸ
1645 848 1694 888 γὰρ
1713 848 1808 888 τρέφον

1041 899 1056 931 ἧ
1071 896 1213 935 αὖτοίρκειεί
1228 898 1308 930 ἔστιν,
1325 896 1338 924 ὃ
1357 896 1401 924 καὶ
1414 897 1624 934 κατεργασθῆναι
1641 894 1762 924 δύναταν
1779 895 1809 923 τὸ

1042 943 1067 973 δὲ
1083 943 1204 982 περιττὸν
1217 945 1261 977 ti<
1272 942 1363 982 χρείας
1375 943 1404 970 οὗ
1419 942 1496 980 μόνον
1516 943 1544 971 οὐ
1565 942 1667 981 τρέφει,
1682 940 1750 970 ἀλλὰ
1764 941 1809 970 καὶ

1040 993 1123 1019 ἐκεῖνο
1136 990 1300 1028 λυμαίνεται.
1314 989 1383 1018 Ἀλλ’
1404 989 1485 1021 οὐδεὶς
1509 992 1592 1017 ταῦτα
1615 991 1664 1028 ὁρᾷ
1688 988 1738 1017 ὑπὸ
1761 990 1809 1023 τῆς

1041 1037 1149 1076 ἀκαίρου
1167 1037 1261 1071 ἡδονῆς
1274 1036 1318 1064 καὶ
1336 1037 1383 1070 τ-’ἤς
1398 1037 1423 1064 ἐν
1447 1034 1552 1070 συνήθει
1563 1034 1720 1073 προλήψεως
1734 1035 1808 1063 ἀπα-

1041 1083 1165 1120 τώμενος.
1182 1082 1273 1111 Βούλει
1290 1081 1391 1120 τρέφειν
1407 1081 1436 1109 τὸ
1449 1083 1542 1119 σῶμα;
1557 1081 1661 1119 περίελε
1675 1079 1706 1108 τὸ
1719 1080 1808 1116 πλῖον,

1041 1130 1070 1157 τὸ
1082 1128 1209 1166 αὔταρκες
1225 1128 1294 1156 δίδου
1304 1150 1311 1162 ,
1327 1128 1370 1155 καὶ
1381 1126 1440 1154 ὅσον
1453 1126 1667 1164 κατεργάσαοθαι
1680 1125 1787 1154 δυνατόν
1802 1137 1807 1142 ·

1043 1175 1078 1212 μὴ
1093 1175 1187 1213 βάρυνε
1201 1174 1276 1207 αὐτὸ,
1292 1173 1335 1201 ἵνα
1353 1172 1388 1210 μὴ
1406 1172 1610 1210 καταπωτίσῃς.
1626 1173 1666 1201 Τὸ
1680 1171 1808 1210 αὔταρκες

1040 1221 1084 1249 καὶ
1099 1220 1180 1260 τροφή
1194 1222 1250 1249 ἐστι
1263 1220 1306 1248 καὶ
1325 1219 1404 1254 ἡδονή
1414 1231 1419 1235 ”
1433 1218 1504 1247 οὐδὲν
1520 1218 1572 1257 γὰρ
1586 1218 1654 1247 οὕτω
1668 1221 1737 1246 ποιεῖ
1748 1217 1809 1252 ἡδο-

1040 1269 1085 1302 νὴν
1097 1270 1131 1300 ὡς
1142 1267 1223 1295 σιτίον
1233 1267 1321 1297 καλῶς
1332 1264 1519 1303 κατεργασθέν·
1533 1264 1603 1293 οὐδὲν
1616 1263 1698 1296 οὕτως
1710 1262 1807 1302 ὑγείαν,

1041 1314 1112 1343 οὐδὲν
1133 1313 1213 1345 οὕτως
1238 1311 1349 1346 ὀξύτητα
1372 1310 1527 1345 αἰσθήσεων,
1550 1309 1621 1338 οὐδὲν
1649 1308 1730 1341 οὕτως
1752 1309 1809 1337 ἐστὶ

1039 1359 1115 1387 νόσου
1127 1357 1312 1386 amhae-„indm
1324 1356 1389 1394 ‘Apa
1403 1356 1432 1383 τὸ
1447 1356 1573 1394 αὔταρκες
1592 1355 1639 1393 μὲν
1660 1354 1705 1384 καὶ
1724 1354 1807 1395 τροφή

1040 1406 1095 1433 ἐστι
1109 1404 1153 1432 καὶ
1166 1403 1246 1438 ἡδονὴ
1261 1403 1305 1430 καὶ
1318 1402 1406 1440 ξιγεία,
1421 1401 1451 1429 τὸ
1471 1401 1498 1430 δὲ
1513 1401 1591 1431 πλέον
1611 1400 1655 1430 καὶ
1675 1401 1747 1439 λύμη
1763 1401 1809 1429 καὶ

1041 1449 1120 1484 ἀηδία
1135 1449 1179 1477 καὶ
1194 1448 1276 1481 νόσος.
1289 1448 1320 1476 Ἃ
1334 1449 1384 1487 γὰρ
1395 1453 1464 1477 ποιεῖ
1479 1450 1508 1476 ’ὃ
1528 1447 1603 1485 λιμὸς
1613 1469 1622 1483 ,
1643 1449 1727 1475 ταῦτα
1739 1451 1810 1476 ποιεῖ

1041 1496 1084 1524 καὶ
1100 1498 1115 1530 ἦ
1129 1494 1284 1532 πλησμονὴ,
1297 1495 1395 1531 μᾶλλον
1407 1494 1434 1522 δὲ
1448 1493 1622 1533 χαλεπώτερα
1632 1505 1638 1510 -
1653 1494 1749 1526 ἐκεῖνος
1762 1492 1810 1531 μὲν

1041 1542 1090 1581 γὰρ
1104 1543 1128 1570 ἐν
1142 1542 1241 1579 ὀλίγαις
1257 1541 1369 1580 ἡμέραις
1391 1541 1512 1579 ἀπήγαγε
1535 1540 1580 1568 καὶ
1601 1539 1737 1575 ἀπήλλαξε
1763 1539 1806 1568 τὸν

1307 1588 1318 1596 x

1042 1590 1187 1626 ἄνθρωπον,
1215 1589 1280 1622 αὕτη
1305 1588 1331 1615 οὲ
1360 1586 1539 1625 &inepto-poen
1562 1587 1606 1614 καὶ
1634 1586 1754 1621 σήπουσα
1781 1586 1811 1615 τὸ

1085 1674 1093 1682 ¹
1113 1664 1224 1689 Colbert.
1239 1668 1247 1689 ὲ
1265 1668 1348 1695 >ogda

279 1714 288 1723 a
317 1707 387 1729 Fon-t.
406 1705 535 1730 {nahal

670 1763 844 1792 MCTIANO
867 1763 1118 1792 SCHOLxs'TICO
1141 1762 1392 1791 INTERPRETE.

245 1832 293 1870 git,
311 1837 435 1870 apparet5
450 1840 510 1858 cum
527 1836 616 1858 autem
631 1840 719 1858 mensa
733 1836 832 1858 remota
847 1829 936 1865 fuerit,
954 1829 996 1858 vel
1013 1836 1157 1869 postquam
1174 1829 1223 1858 erit
1237 1829 1313 1858 cibus
1325 1835 1476 1865 assumtus,
1490 1829 1586 1858 similis
1600 1828 1652 1857 eris
1663 1829 1687 1857 ei
1702 1829 1748 1867 qui
1763 1830 1807 1858 ui-

246 1880 283 1907 hil
298 1879 370 1907 illius
384 1877 502 1916 attigerit
515 1889 520 1904 τ
534 1877 619 1916 magis
634 1884 733 1913 autem,
746 1877 883 1915 multoque
895 1877 1012 1917 amplius
1025 1878 1142 1917 pejorem
1156 1877 1326 1917 gravedinem
1342 1888 1375 1906 ex
1392 1877 1445 1906 illis
1459 1877 1528 1906 cibis
1543 1884 1567 1906 et
1582 1877 1770 1906 distensionem
1783 1884 1809 1906 et

244 1925 442 1965 oppressionem
457 1924 552 1952 mentis
566 1924 709 1952 habiturus
722 1931 801 1962 atque
817 1935 940 1953 somnum
961 1924 1040 1953 morti
1060 1924 1241 1961 consimilem;
1260 1924 1374 1953 forenses
1394 1924 1472 1952 etiam
1484 1924 1562 1963 juges
1576 1923 1687 1953 habebis
1702 1924 1809 1963 vigilias

246 1979 351 2011 propter
363 1970 492 1999 stomachi
506 1969 665 1998 eruditatem
695 1976 720 1998 et
734 1969 936 2008 praeclusionem
947 1969 1060 2009 spiritus
1069 1969 1214 2004 interioris,
1230 1977 1255 1998 ct
1268 1979 1314 2008 per
1328 1969 1476 1997 molestiam
1488 1968 1644 1998 metationis
1656 1969 1806 2008 indigestae,

245 2027 270 2048 et
281 2019 430 2059 plurimum
442 2017 632 2046 maledicturus
648 2027 674 2046 es
688 2023 765 2045 tuum
780 2023 910 2051 ventrem,
922 2027 983 2045 cum
998 2016 1108 2046 deberes
1119 2017 1203 2056 magis
1216 2016 1430 2056 intemperantiae
1442 2016 1541 2045 vitium
1555 2023 1634 2055 atque
1647 2016 1807 2046 immodera-

246 2067 324 2095 tionis
335 2076 456 2104 arguere.
472 2065 531 2093 Non
547 2065 636 2103 itaque
647 2064 806 2093 deliciemur
816 2064 921 2093 deliciis
934 2065 1063 2104 corporis,
1079 2065 1125 2094 sed
1138 2065 1279 2094 audiamus
1291 2064 1407 2093 Paulum
1421 2064 1551 2092 dicentem
1564 2076 1570 2091 ε
1585 2065 1690 2093 Carnis
1705 2075 1807 2094 curam

246 2126 281 2143 ne
290 2114 450 2154 perficiatis
464 2114 495 2140 in
508 2113 756 2151 concupiscentiis.
771 2111 838 2140 Tale
855 2121 970 2149 namque
986 2118 1023 2140 est
1041 2112 1069 2140 in
1089 2119 1206 2141 ventrem
1221 2112 1296 2140 cibos
1311 2111 1426 2147 mittere,
1439 2110 1517 2148 quale
1529 2110 1550 2139 si
1564 2111 1705 2149 quisquam
1720 2122 1764 2140 eos
1780 2112 1807 2140 in

246 2163 362 2190 eloacam
373 2158 494 2199 projiciat
504 2170 511 2195 ;
523 2158 608 2197 magis
622 2164 711 2186 autem
725 2168 776 2186 non
792 2157 843 2186 tale
858 2165 904 2194 est,
919 2157 967 2186 sed
981 2157 1065 2187 multo
1079 2159 1164 2197 pejus.
1177 2158 1227 2186 Hic
1244 2158 1315 2186 enim
1331 2157 1425 2185 simum
1439 2163 1544 2185 tantum
1557 2164 1683 2196 operatur
1694 2157 1750 2186 sine
1763 2165 1808 2187 tua

245 2210 367 2244 leesione;
386 2206 442 2235 illic
465 2212 554 2234 autem
576 2205 708 2244 plurimos
730 2205 848 2243 morbos,
864 2205 1049 2245 plurimasque
1062 2213 1183 2245 procreat
1205 2205 1386 2244 aegritudines.
1407 2205 1607 2233 Nutrimentum
1622 2205 1694 2234 enim
1707 2205 1808 2234 nisiex

246 2255 404 2285 sufficIentia
425 2264 477 2282 non
492 2252 534 2290 fit,
554 2263 612 2290 quae
630 2253 717 2281 valeat
732 2253 788 2281 sine
802 2253 894 2282 labore
911 2253 998 2293 digeri
1015 2265 1020 2281 :
1037 2264 1098 2282 cum
1119 2263 1183 2282 vero
1197 2253 1258 2292 plus
1278 2253 1405 2281 exuberat
1420 2275 1427 2287 ,
1441 2263 1522 2290 quam
1537 2252 1673 2281 reficiendi
1688 2253 1808 2293 corporis

245 2305 313 2334 ratio
328 2301 454 2343 postulat,
466 2310 518 2329 non
533 2299 619 2328 solum
632 2299 825 2328 nutrimentum
837 2300 953 2336 nullum,
963 2299 1009 2329 sed
1021 2300 1100 2328 etiam
1113 2300 1249 2339 corruptio
1265 2306 1413 2338 generatur.
1424 2299 1478 2328 Sed
1493 2299 1584 2327 nullus
1598 2299 1712 2328 attendit
1727 2300 1785 2329 haec
1798 2311 1804 2327 z

245 2356 434 2391 praeoccupatae
449 2353 510 2376 sunt
525 2345 644 2375 omnium
659 2352 757 2374 mentes
772 2346 907 2385 superflua
918 2346 1063 2386 voluptate.
1073 2346 1124 2376 Vis
1137 2346 1238 2375 nutrire
1253 2346 1372 2385 corpus?
1387 2356 1474 2374 reseca
1491 2345 1562 2384 quod
1584 2352 1622 2374 est
1641 2356 1806 2386 supervaca-

247 2411 336 2435 neum,
349 2405 373 2426 et
390 2396 463 2435 quod
483 2395 600 2424 sufficiat
621 2393 810 2430 subministra,
823 2402 952 2433 quantum
966 2396 1066 2435 poterit
1082 2394 1212 2424 stomachi
1234 2394 1352 2423 decoctio
1370 2401 1518 2422 maturare:
1530 2404 1562 2422 ne
1577 2394 1663 2433 magis
1682 2405 1717 2423 ex
1739 2394 1807 2424 cibis

247 2444 446 2474 abundantibus
460 2442 639 2482 opprimatur,
654 2451 687 2469 ne
701 2440 835 2479 dimergas
848 2447 873 2469 et
888 2442 985 2470 obruas
995 2441 1067 2480 quod
1082 2448 1170 2481 posset
1181 2441 1312 2470 sufficere.
1325 2440 1490 2470 Sufficientia
1505 2440 1604 2480 quippe
1617 2447 1642 2469 et
1657 2441 1807 2470 nutrimen-

247 2501 303 2522 tum
318 2501 341 2522 et
358 2492 481 2531 voluptas
494 2496 532 2518 est
548 2501 553 2516 :
567 2488 635 2517 nihil
647 2487 718 2517 enim
729 2487 768 2516 sic
779 2488 931 2527 jucundum
946 2495 995 2525 est,
1007 2489 1076 2518 sicut
1093 2489 1170 2518 cibus
1190 2489 1258 2517 bene
1273 2488 1393 2528 digestus
1404 2495 1428 2517 et
1444 2488 1568 2517 decoctus
1579 2499 1585 2515 ε
1597 2487 1665 2516 nihil
1682 2488 1753 2517 enim
1768 2490 1806 2518 sie

247 2540 369 2574 salutem,
386 2538 454 2567 nihil
468 2537 506 2566 sic
518 2546 643 2565 sensuum
654 2545 765 2563 acumen
775 2541 901 2573 operatur
915 2546 920 2561 ε
935 2534 1003 2563 nihil
1019 2535 1057 2564 sic
1072 2535 1260 2574 aegritudinem
1274 2537 1349 2575 lugat
1360 2558 1366 2571 ,
1378 2535 1445 2564 sicut
1459 2534 1597 2563 moderata
1613 2534 1730 2564 resectio.
1743 2536 1806 2565 Suf-

246 2587 361 2615 licientia
386 2586 483 2624 quippe
510 2594 569 2612 cum
595 2582 756 2611 nutrimento
772 2589 795 2610 et
811 2582 962 2621 sospitatem
980 2582 1060 2610 simul
1080 2583 1159 2611 etiam
1182 2590 1302 2622 procreat
1318 2590 1343 2611 et
1358 2583 1520 2621 voluptatem
1537 2595 1542 2609 ε
1559 2582 1724 2611 abundantia
1741 2593 1804 2612 vero
