1906 2846
611 207 630 229 r.
656 208 775 230 conice:
798 209 971 231 vrricmo
998 210 1130 233 nutris.
1583 201 1651 244 455

129 267 179 297 IV.
197 268 301 303 Quarta
315 267 425 296 homilia
452 268 477 296 in
493 269 595 308 templo
609 269 639 297 S.
654 270 798 299 Anastasia³
814 270 904 299 habita
920 271 969 300 suit
989 283 994 300 z
1012 272 1089 310 pauci
1105 273 1177 301 suere
1200 271 1352 308 auditorc53
1369 278 1510 311 lumenque
1525 273 1650 312 Chryso-

87 320 189 343 stomus
203 314 236 343 de
250 315 313 344 Jobi
328 314 456 354 patientia
479 322 503 343 et
518 315 617 344 virtute
638 316 744 355 longam
765 324 789 345 et
806 318 953 355 elegantem
967 318 1062 347 habuit
1082 319 1238 347 orationem.
1257 320 1266 357 [
1282 321 1342 348 Post
1363 319 1549 358 Seplembrem
1572 330 1651 348 men-

85 371 141 390 sem
163 363 227 391 anni
244 363 304 392 598
317 385 325 400 ,
351 362 483 391 nescimus
509 363 609 401 quibus
625 363 722 393 (luctus
735 365 884 394 rationibus
898 388 904 399 ‚
923 366 1040 394 habitam
1056 367 1206 406 suspicatur
1224 367 1319 395 Monts.
1343 367 1362 395 l.
1382 377 1404 395 c.
1419 368 1429 405 ]

127 410 166 438 V.
188 410 306 438 Homilia
328 410 421 449 quinta
434 410 461 438 111
479 411 577 450 templo
592 411 620 440 S.
636 412 723 441 Irenes
738 413 829 441 habita
851 421 897 442 est.
914 415 942 442 ln
955 424 984 442 ea
1000 414 1208 453 Chrysostomus
1217 414 1251 443 de
1262 414 1417 451 absentibus
1428 415 1610 453 conqueritur,
1625 423 1650 444 et

86 457 260 496 praesentibus
273 458 438 497 gratulatur,
449 457 482 486 de
496 459 662 498 psalmorum
675 467 754 488 cantu
768 461 837 499 agit,
852 461 999 500 probatque
1010 462 1168 491 muliebrem
1179 473 1272 491 sexum
1290 461 1511 501 impedimentum
1527 474 1579 492 non
1594 474 1649 492 esse

84 503 120 533 ad
135 505 244 534 virtutis
263 505 432 535 exercitium.

124 553 175 583 VI.
190 552 308 582 Humilia
320 560 394 582 sexta
405 553 496 582 habita
512 560 549 582 est
564 554 591 582 iu
605 555 713 584 ecclesia
728 563 879 585 sanctorum
894 558 1082 597 Apostolorum
1094 558 1120 586 in
1136 558 1180 586 die
1194 557 1343 587 Theodosii
1356 558 1526 598 Imperatoris
1538 582 1544 591 ,
1556 567 1648 588 contra

83 609 128 627 eos
140 598 185 637 qui
199 610 226 628 se
238 600 368 629 Catharos
379 600 436 629 sive
448 601 533 629 Puros
549 602 688 631 vocabant.
702 603 918 642 Chrysostomus,
932 611 1073 643 postquam
1091 605 1145 634 duo
1166 604 1213 633 alii
1232 605 1349 644 episcopi
1364 605 1513 634 concionati
1529 607 1631 636 fuerant
1641 630 1648 642 ‚

83 644 153 674 hanc
166 645 238 675 dixit
250 647 400 677 homiliam.

124 692 217 721 Primo
231 693 325 722 ambos
335 695 474 734 episcopos
485 695 595 730 laudat,
611 706 725 733 quorum
737 697 804 725 alter
814 697 922 736 junior,
936 698 1023 736 inquit
1036 721 1043 733 ‚
1056 698 1126 726 senis
1140 698 1298 736 gravitatem
1307 721 1314 732 ,
1337 698 1404 726 alter
1424 709 1506 728 senex
1517 700 1652 739 ‚junioris

83 739 204 779 vigorem
216 751 270 780 prae
279 751 306 769 sc
317 742 428 771 screbat.
446 742 549 771 Deinde
563 741 746 771 Theodosium
759 754 886 782 magnum
899 744 1025 773 laudibus
1035 745 1110 773 essert
1120 767 1127 777 ,
1142 746 1219 783 nujus
1232 745 1290 773 dies
1302 752 1365 773 tunc
1380 745 1579 783 celebrabatur;
1594 747 1652 777 dies

84 796 179 826 nempe
196 794 226 816 ut
251 788 395 816 verisimile
419 796 457 816 est
472 788 566 817 mortis
580 789 650 827 ejus,
674 789 719 827 qui
745 790 867 818 Januarii
883 790 986 819 decimo
1008 791 1121 830 septimo
1143 790 1188 818 die
1206 791 1328 829 contigit.
1347 791 1427 820 Unde
1440 792 1563 830 arguitur
1582 793 1651 822 hanc

85 833 227 863 homiliam
252 846 344 864 mense
368 836 498 865 Januario
523 837 586 864 anni
609 838 668 864 599
692 836 795 865 dictam
823 837 912 866 fuisse.
936 838 1106 866 Theodosius
1130 845 1218 866 autem
1246 849 1315 867 anno
1345 839 1402 867 595
1431 839 1543 870 obierat.
1574 841 1651 869 Hunc

84 881 278 920 Imperatorem
299 882 415 911 celebrat
434 883 480 910 ille
494 894 507 911 a
524 883 620 922 pietate
641 889 666 910 et
691 894 705 911 a
730 883 849 911 victoriis
862 907 868 918 ,
890 894 956 921 quas
977 884 1125 923 opitulante
1141 885 1197 912 Deo
1220 884 1311 913 retulit
1335 884 1369 912 de
1386 885 1506 924 tyrannis
1530 887 1651 915 Maximo

84 935 111 957 et
129 927 263 967 Eugenio.
281 930 356 965 Quas
370 929 417 958 ille
432 930 572 966 victorias,
590 929 669 967 tacito
684 937 860 968 tyrannorum
874 930 980 958 nomine
990 954 996 966 ‚
1009 931 1044 958 ita
1060 931 1153 965 refert,
1171 938 1199 959 ut
1214 931 1248 959 ab
1263 931 1323 959 aliis
1341 931 1459 960 liistorioe
1474 932 1651 972 scriptoribus

84 983 237 1005 narrantur.

124 1029 242 1057 Homitia
263 1039 328 1058 vero
340 1029 414 1058 istaec
436 1029 464 1058 in
477 1029 567 1058 medio
585 1039 680 1068 magna
695 1030 737 1057 sui
760 1036 836 1068 parte
849 1030 943 1058 mutila
959 1036 1014 1065 est,
1039 1030 1075 1057 ita
1102 1037 1130 1058 ut
1146 1032 1343 1070 quamplurium
1359 1043 1451 1062 corum
1463 1056 1470 1067 ‚
1487 1044 1546 1072 quae
1561 1041 1651 1063 eontra

83 1075 214 1104 Catharos
228 1086 273 1104 sen
287 1076 452 1105 Novatianos
468 1075 626 1104 dicebantur
636 1098 644 1111 ‚
662 1075 846 1104 interciderint
862 1087 892 1104 ac
906 1075 1043 1115 perierint.
1057 1076 1067 1113 [
1082 1077 1144 1104 Duo
1157 1087 1204 1104 ms.
1217 1077 1280 1105 folia
1291 1078 1379 1106 excisa
1390 1090 1447 1107 esse
1462 1079 1529 1108 dicit
1540 1081 1650 1108 Montes.

84 1122 112 1151 in
124 1123 231 1152 Prael‘at.
245 1123 282 1152 ad
299 1123 404 1152 Comm.
420 1123 448 1152 in
468 1123 571 1162 Evang.
585 1123 724 1162 Joannis.]
738 1123 882 1152 Nox-atiani
898 1130 988 1151 autem
1002 1130 1066 1151 tunc
1082 1123 1311 1163 Constantinopoli
1328 1137 1424 1164 magno
1436 1137 1546 1156 numero
1559 1134 1631 1156 erant
1643 1151 1650 1161 ,

84 1169 240 1210 episcopum
250 1181 304 1199 suae
314 1177 392 1199 sectoe
403 1170 565 1210 peculiarem
578 1170 732 1207 habebant,
745 1181 775 1199 ac
790 1181 846 1199 sese
855 1170 984 1209 καθαρούς
995 1193 1002 1205 ,
1015 1181 1061 1198 5011
1074 1180 1172 1208 puros,
1185 1171 1371 1209 appellabant,
1386 1184 1437 1210 qua
1453 1173 1486 1201 de
1497 1185 1575 1202 causa
1591 1175 1652 1203 illos

85 1218 216 1247 acerrime
226 1218 382 1258 perstringit
393 1218 614 1258 Chrysostomus‚
625 1225 655 1247 ut
667 1218 693 1246 in
705 1218 822 1247 homiliae
837 1218 890 1247 fine
904 1217 1007 1248 videas.
1022 1218 1057 1256 [«
1068 1219 1130 1247 Post
1145 1218 1214 1246 hanc
1230 1218 1369 1248 homiliam
1384 1220 1475 1248 multae
1486 1221 1557 1250 haud
1569 1221 1652 1250 dubie.

87 1265 139 1293 alia
158 1265 256 1294 habitae
280 1272 342 1294 sunt
361 1276 376 1294 a
390 1275 480 1294 mense
500 1265 629 1295 Januario
647 1265 681 1294 ad
697 1266 797 1294 Pascha
809 1288 818 1300 ,
833 1276 888 1304 quo
903 1265 947 1293 die
961 1265 1033 1294 dicta
1044 1265 1092 1293 suit
1106 1265 1218 1294 homilia
1233 1276 1354 1304 sequens,
1368 1277 1427 1304 quae
1441 1267 1482 1296 vel
1496 1268 1651 1307 perierunt,

85 1312 128 1340 vel
142 1312 211 1341 inter
227 1312 311 1341 editas
324 1312 378 1341 alio
397 1312 422 1341 in
442 1312 501 1341 loco
524 1312 617 1352 positae
637 1320 708 1341 sunt.
723 1324 737 1339 »
752 1313 866 1341 Mones.
886 1320 904 1341 t.
921 1314 976 1348 15,
991 1323 1018 1352 p.
1036 1313 1108 1347 154,
1124 1313 1168 1350 a.]

125 1359 187 1388 Post
199 1359 275 1388 illam
287 1367 377 1389 contra
389 1360 518 1389 Catharos
533 1360 683 1396 homiliam,
698 1360 725 1388 in
738 1360 838 1389 Codice
859 1360 993 1390 Vaticano
1011 1360 1131 1398 sequitur
1150 1359 1263 1388 homilia
1286 1360 1365 1399 cujus
1386 1361 1491 1396 titulus,
1505 1363 1569 1402 πρὸς
1595 1363 1653 1396 τοὺς

84 1409 244 1446 θεωροῦντας
258 1407 423 1447 ἱπποδρόμια
446 1409 492 1436 καὶ
508 1407 614 1447 Θέατρα,
630 1409 770 1437 adversus
785 1419 832 1437 eos
854 1411 907 1448 qui
923 1409 963 1437 ad
982 1409 1166 1447 hippodromi
1187 1414 1214 1436 et
1237 1409 1416 1437 theatrorum
1438 1411 1607 1448 spectacula
1623 1422 1653 1440 se

84 1455 249 1493 conserunt.
266 1455 351 1494 Cujus
364 1455 476 1483 initium
490 1462 539 1491 est,
556 1459 638 1484 ταῦτα
652 1456 764 1492 <iven-„43
777 1459 862 1485 ταῦτα
877 1456 993 1496 φορητάς
1009 1458 1070 1494 ὑμῖν
1083 1456 1133 1495 γὰρ
1146 1457 1233 1488 αὐτοῖς
1253 1457 1311 1484 καΟ’
1335 1458 1408 1494 ὑμῶν
1429 1459 1513 1486 αὐτῶν
1535 1459 1652 1498 ἐντυχεῖν

85 1501 222 1540 βούλομαι.
237 1502 326 1538 Quam
342 1502 478 1532 edidimus
501 1503 581 1532 Tom.
603 1504 631 1539 6,
653 1515 681 1543 p.
698 1505 766 1540 2732,
781 1514 815 1532 ex
830 1504 995 1533 Coisliniano
1011 1503 1110 1532 Codice
1124 1504 1272 1532 desuuitam
1286 1515 1291 1530 :
1308 1503 1419 1542 ideoque
1434 1504 1508 1532 illam
1524 1504 1568 1534 hic
1583 1516 1650 1545 pra·-

84 1549 266 1586 tei-mittimus,
279 1549 305 1578 id
321 1549 408 1578 solum
423 1556 571 1588 monentes,
589 1560 684 1579 vocem
698 1551 827 1590 ἐντυχεῖν,
843 1561 902 1589 quae
917 1550 962 1579 1110
978 1550 1003 1579 in
1019 1550 1153 1590 principio
1173 1550 1284 1588 legitur,
1302 1550 1328 1578 in
1351 1550 1432 1579 Edito
1455 1551 1603 1580 desiderari
1626 1561 1652 1580 et

82 1596 182 1636 apponi
196 1595 300 1625 debere.

123 1645 227 1673 Verum
241 1644 305 1682 quia
316 1644 344 1672 in
360 1643 479 1673 homiliae
494 1655 570 1674 nonae
586 1644 721 1683 sequentis
734 1644 822 1680 titulo,
838 1652 862 1673 et
875 1645 902 1673 in
918 1645 976 1685 ipsa
989 1644 1101 1674 homilia
1116 1655 1194 1679 nona,
1210 1645 1294 1673 multa
1306 1644 1440 1674 habentur
1451 1656 1511 1684 quae
1523 1645 1559 1675 ad
1573 1647 1651 1675 istam

86 1690 228 1720 homiliam
242 1691 409 1728 referuntur,
425 1691 469 1720 hic
493 1692 640 1720 necessario
654 1691 780 1730 quaedam
803 1692 836 1720 dc
853 1691 935 1731 hujus
950 1691 1068 1720 homiliae
1092 1691 1229 1720 occasione
1252 1691 1337 1729 deque
1351 1691 1412 1719 aliis
1426 1691 1590 1729 quibusdam
1610 1704 1652 1721 re-

84 1737 202 1766 serenda.
421 1745 432 1764 ν

123 1787 201 1814 Α11110
215 1785 285 1823 599,
302 1792 444 1825 postquam
467 1796 552 1814 unum
563 1786 619 1825 jam
634 1797 734 1814 annum
749 1786 776 1814 in
791 1786 945 1825 episcopatu
960 1796 1083 1814 emensus
1097 1792 1153 1813 erat
1169 1785 1388 1824 Chrysostomus,
1405 1785 1542 1815 ordinatus
1556 1797 1652 1826 nempe

92 1843 162 1862 anno
185 1834 253 1870 598,
269 1835 308 1862 QG
323 1833 481 1869 Februa-im
496 1833 560 1861 feria
586 1841 681 1871 quarta
696 1834 872 1862 hebdomadae
887 1841 992 1868 sanctae,
1016 1844 1074 1871 quce
1095 1833 1160 1861 scria
1182 1843 1252 1862 anno
1271 1833 1330 1862 599
1346 1832 1481 1861 incidebat
1495 1833 1522 1861 in
1546 1841 1650 1863 sextam

84 1880 197 1920 Aprilis,
212 1887 266 1908 tam
282 1880 375 1919 ingens
391 1881 483 1919 pluvia
497 1880 607 1916 decidit,
621 1888 649 1908 ut
663 1888 747 1909 metus
764 1888 832 1909 esset
844 1891 876 1909 ne
888 1881 946 1919 agri
961 1880 1176 1914 devastarentur,
1194 1890 1345 1917 messesque
1357 1890 1448 1908 omnes
1462 1880 1488 1908 in
1504 1881 1650 1919 perniciem

84 1934 202 1956 ruerent.
220 1926 292 1954 Hinc
310 1937 410 1965 preces,
424 1926 635 1965 supplicationes
648 1935 673 1956 et
685 1929 826 1962 λιτανεῖαι,
840 1938 885 1956 seu
899 1926 1087 1965 processioneS,
1100 1926 1223 1965 episcopo
1236 1925 1304 1954 duce
1316 1933 1340 1953 et
1352 1932 1406 1954 toto
1418 1934 1590 1956 concurrente
1601 1939 1650 1967 po-

83 1973 148 2013 pulo
160 1972 195 2001 ad
209 1972 347 2001 ecclesiam
362 1973 566 2012 Apostolorum.
583 1975 646 2002 Post
659 1973 728 2009 haec,
746 1974 834 2002 imbre
849 1980 974 2008 cessante,
992 1972 1104 2001 necdum
1119 1973 1222 2001 sublata
1237 1972 1394 2010 formidine,
1410 1973 1520 2012 trajecto
1533 1975 1649 2005 navibus

83 2021 203 2060 Bosporo
213 2042 221 2057 ‚
252 2019 286 2048 ad
307 2020 446 2049 ecclesiam
460 2020 511 2049 SS.
530 2021 602 2049 Petri
619 2028 644 2049 et
661 2022 750 2055 Pauli,
768 2021 795 2049 in
812 2021 933 2060 opposita
948 2020 1030 2049 maris
1044 2029 1090 2048 ora
1105 2020 1195 2055 sitam,
1211 2031 1271 2048 cum
1287 2020 1411 2060 episcopo
1425 2027 1496 2049 totus
1511 2029 1593 2051 coetus
1605 2034 1649 2052 ac-

83 2068 177 2096 currit.
201 2068 259 2097 Hoc
273 2067 405 2106 perfuncti
427 2067 547 2106 periculo
564 2068 851 2107 Constantinopolitani
868 2067 997 2106 plerique,
1021 2077 1073 2094 una
1098 2073 1203 2094 tantum
1218 2066 1372 2105 interposita
1391 2066 1446 2103 die,
1473 2078 1568 2107 nempe
1581 2069 1647 2098 feria

83 2114 176 2153 quinta
190 2114 217 2143 in
232 2125 306 2143 coena
321 2114 441 2148 Domini,
459 2125 519 2143 cum
537 2113 562 2143 in
580 2115 726 2143 Parasceve
741 2114 798 2143 ludi
814 2122 950 2152 equestres
964 2113 1138 2152 agitarentur,
1151 2112 1219 2141 1111111
1234 2120 1356 2141 curantes
1369 2112 1442 2142 diem
1456 2113 1530 2143 illam
1545 2125 1647 2144 sacram

87 2161 122 2190 ad.
135 2161 186 2190 hoc
202 2162 385 2201 spectaculum
400 2168 584 2197 accurrerunt,
598 2162 703 2190 interim
720 2162 909 2200 ingemiscente
923 2161 1049 2199 domique
1059 2159 1166 2189 sedente
1178 2160 1388 2200 Clirysoston105
1405 2161 1458 2190 imo
1479 2161 1524 2190 die
1537 2173 1648 2201 sequen-

82 2216 119 2247 te,
135 2219 230 2249 nempe
244 2209 356 2237 sabbato
370 2216 471 2245 sanem,
486 2209 521 2238 ad
537 2209 679 2238 theatrales
693 2210 772 2238 ludos
787 2221 814 2238 se
828 2210 1007 2242 contuleruut.
1027 2209 1072 2237 ubi
1088 2208 1236 2238 meretricia
1249 2215 1324 2237 erant
1339 2209 1499 2248 spectacula,
1511 2221 1572 2248 quae
1593 2211 1647 2240 sin-

83 2257 196 2296 gulatim
209 2264 234 2285 et
249 2257 354 2296 egregie
367 2256 491 2297 depingit
502 2257 713 2297 Chrysostomus
726 2258 752 2287 111
766 2258 815 2286 ista
830 2258 967 2294 concione,
984 2257 1030 2285 ubi
1043 2257 1068 2285 in
1083 2257 1301 2296 prsevaricatores
1315 2257 1470 2295 hujusmodi
1484 2258 1644 2296 gravissime

82 2304 230 2340 invehitur,
248 2304 410 2344 demumque
426 2305 452 2334 in
468 2305 529 2334 illos
543 2308 855 2335 excommunicationis
870 2306 1027 2335 sententiam
1042 2306 1207 2345 pronuntiat,
1218 2304 1264 2333 sed
1283 2304 1472 2333 comminando
1491 2312 1604 2344 tantum,
1617 2314 1647 2335 ut

82 2359 158 2392 puto,
170 2359 195 2382 et
205 2359 236 2381 ut
250 2351 348 2381 ibidem
364 2352 488 2392 pluribus
501 2352 570 2382 dixi.

123 2401 200 2429 Circa
212 2399 344 2438 diemque
354 2399 411 2429 11ωο
423 2401 515 2429 0011010
529 2400 601 2429 dieta
615 2400 678 2434 fuit,
690 2400 795 2439 aliquid
806 2400 976 2430 difficultatis
987 2399 1054 2428 mihi
1071 2399 1161 2428 ossen-i
1175 2398 1327 2428 videbatur.
1341 2398 1419 2427 Dixit
1437 2399 1483 2427 illc
1498 2399 1525 2429 in
1541 2401 1646 2430 concio-

83 2457 116 2476 ne
125 2448 176 2487 πρὸ
185 2449 264 2488 τριῶν
276 2450 381 2488 ἡμερῶν
390 2451 406 2483 ἡ
418 2449 632 2487 ἐπομὸρία,αηίε
642 2455 699 2478 tres
709 2450 770 2478 dies
778 2451 815 2478 im
821 2451 869 2477 ber
876 2451 987 2488 ingens.
996 2448 1085 2477 Imber
1095 2459 1126 2476 au
1132 2454 1182 2475 tem
1195 2447 1239 2475 ille
1247 2446 1311 2475 seria
1323 2454 1417 2485 quarta
1428 2447 1537 2486 majoris
1548 2448 1647 2478 hebdo-

85 2494 171 2524 madae
192 2494 308 2532 decidit;
322 2495 388 2524 seria
404 2496 497 2534 quinta
510 2495 579 2524 nihil
594 2503 758 2525 memoratur
771 2495 908 2533 incidisse;
923 2495 986 2524 feria
999 2502 1073 2524 sexta
1088 2495 1113 2522 iu
1127 2495 1272 2523 Parasccve
1291 2492 1324 2521 ad
1340 2493 1420 2522 ludos
1434 2493 1562 2523 circenses
1577 2495 1646 2526 itum

87 2548 137 2579 est,
152 2542 263 2571 sabbato
274 2541 309 2570 ad
323 2542 462 2571 theatralia
477 2542 644 2582 spectacula;
662 2542 698 2571 ita
712 2550 741 2572 ut
753 2542 866 2572 homilia
879 2542 952 2571 istaec
966 2542 1037 2571 dicta
1052 2541 1134 2570 fuisse
1149 2540 1258 2569 omnino
1272 2539 1396 2569 videatur
1408 2540 1548 2570 Dominica
1560 2553 1649 2571 resur-

90 2589 213 2619 rectionis
228 2589 346 2619 Domini.
363 2591 465 2620 Vernm
479 2590 582 2629 aliquid
598 2598 660 2620 tunc
673 2591 749 2620 dubii
765 2602 807 2620 me
823 2591 979 2629 incessebat,
996 2601 1052 2628 cur,
1067 2590 1087 2618 si
1104 2589 1162 2618 dies
1175 2588 1310 2618 Paschatis
1325 2596 1402 2627 esset,
1416 2599 1448 2618 ne
1458 2590 1573 2656 :gi-bum
1587 2592 1647 2629 qui-

1458 2638 1476 2657 o
1500 2651 1505 2656 .

1664 1387 1698 1405 321
