1773 2866
596 348 1076 420 PRAEFATIO

123 533 212 583 AD
251 534 600 585 HOMILIAS
635 535 681 585 S.
714 536 1013 589 JOANNIS
1046 538 1561 595 CHRYSOSTOMI

490 695 535 730 ΙΝ
563 696 833 732 EPISTOLAM
860 698 923 734 AD
949 700 1188 736 HEBRAEOS.

102 998 124 1023 t.
139 995 229 1033 Longe
243 994 320 1033 plura
335 993 380 1021 hic
390 1003 446 1021 sese
456 992 545 1021 statim
557 991 731 1030 disquirenda
746 992 872 1027 offerunt,
887 1002 969 1030 quam
985 992 1012 1020 in
1025 992 1086 1021 aliis
1098 994 1190 1023 multis
1200 995 1226 1024 in
1238 996 1407 1036 Seripturam
1417 1010 1519 1030 sacram
1532 1001 1624 1042 chry-

57 1043 165 1073 sostomi
181 1041 394 1071 Commentariis.
418 1041 476 1079 Ipsa
493 1039 594 1079 quippe
608 1039 697 1078 operis
715 1039 855 1078 inscriptio
870 1040 1030 1077 quaestiones
1044 1048 1134 1070 movet
1148 1049 1268 1072 nontam
1288 1044 1366 1074 facile
1386 1046 1537 1077 solvendas.
1555 1050 1623 1078 Fer-

57 1097 101 1118 tur
113 1089 184 1118 enim
197 1087 247 1125 ibi,
263 1093 323 1127 post
336 1086 420 1115 sancti
436 1086 549 1114 Joannis
564 1084 750 1124 Chrysostomi
765 1084 870 1113 obitum
889 1084 1096 1114 Constantinum
1111 1086 1256 1125 quemdam
1270 1090 1459 1130 presbyterum
1480 1094 1623 1124 Antioche.

55 1147 120 1165 num
135 1135 188 1165 ἀπὸ
202 1135 330 1173 σημείων,
347 1144 383 1162 ex
398 1135 484 1168 notis,
497 1132 624 1161 eductum
639 1131 689 1161 hoc
703 1142 770 1170 opus
782 1130 908 1160 edidisse.
923 1131 1062 1167 Quaeritur
1079 1143 1153 1172 ergo,
1170 1134 1218 1172 qui
1231 1134 1266 1163 sit
1285 1135 1332 1164 ille
1346 1138 1548 1178 Constantinus,
1563 1152 1623 1180 qua,-

56 1182 109 1211 sint
123 1181 169 1210 illa
184 1185 294 1219 σημεῖα,
313 1179 384 1207 unde
399 1178 586 1218 Chrysostomi
602 1177 720 1206 homiliae
741 1177 843 1206 eductae
858 1177 930 1206 sucre
945 1189 951 1205 :
966 1188 1000 1206 an
1016 1178 1085 1207 illud
1099 1180 1250 1219 exemplar,
1266 1181 1340 1219 quod
1354 1183 1546 1215 Constantinus
1558 1188 1625 1216 emi-

56 1230 101 1265 sit,
116 1239 210 1257 sanum
225 1227 259 1256 ad
275 1237 322 1255 nos
337 1236 421 1264 usque
437 1225 598 1264 pervenerit,
614 1231 640 1253 et
653 1235 687 1253 an
699 1223 733 1252 sit
749 1224 810 1252 aliis
821 1224 1022 1264 exemplaribus
1036 1235 1141 1265 semper
1154 1227 1380 1266 anteponendum.

95 1279 125 1305 9.
143 1274 350 1305 Constantinum
363 1273 435 1301 hunc
449 1272 638 1312 presbyterum
654 1271 850 1301 Antioche-nutu
865 1278 960 1311 putant
974 1272 1094 1302 Savilius
1114 1280 1141 1302 et
1162 1273 1355 1305 Tillemontius
1370 1287 1425 1306 esse
1438 1278 1625 1310 Constantium

55 1323 245 1363 presbyterum
261 1320 474 1356 Antiocbcnum3
498 1320 576 1348 illum
598 1329 692 1358 nempe
709 1319 757 1357 qui
773 1318 997 1358 Chrysostomum
1012 1319 1111 1348 Cucusi
1125 1320 1292 1350 exsulantem
1307 1321 1390 1358 adiit,
1418 1331 1447 1353 ut
1471 1325 1564 1355 videas
1577 1337 1624 1355 su-

54 1383 104 1412 pra
118 1372 198 1400 Tom.
212 1371 242 1406 5,
258 1380 285 1408 p.
302 1369 359 1398 594
372 1381 377 1396 :
395 1368 441 1406 qui
455 1367 495 1395 illi
510 1367 609 1396 Cucusi
624 1366 727 1403 aderat,
742 1378 770 1406 p.
785 1367 844 1396 650·
857 1378 864 1395 ι
879 1366 927 1405 qui
941 1367 999 1406 ejus
1012 1367 1090 1396 lateri
1105 1367 1243 1407 liaerebat,
1259 1380 1286 1408 p.
1301 1370 1360 1399 752
1371 1382 1378 1398 :
1389 1371 1412 1400 is
1425 1371 1484 1412 ipse
1498 1373 1626 1405 videlicet

55 1420 131 1458 cujus
145 1417 270 1458 epistolas
283 1416 385 1454 aliquot
397 1415 536 1444 attulimus
551 1426 578 1454 p.
594 1416 653 1443 750
663 1421 688 1443 et
704 1425 779 1452 seqq.
796 1415 890 1452 Neque
904 1414 966 1443 illos
980 1421 1101 1444 moratur
1115 1415 1187 1454 quod
1201 1415 1247 1446 hic
1261 1417 1467 1458 Constantinus,
1490 1421 1537 1450 ille
1559 1433 1624 1453 vero

56 1466 226 1496 Constantius
239 1464 408 1504 appelletur;
432 1474 494 1491 nam
506 1462 720 1501 frequentissima
735 1469 773 1491 cst
787 1462 814 1490 in
830 1462 1022 1502 manuscriptis
1041 1462 1149 1492 illarum
1165 1474 1263 1493 vocum
1276 1467 1452 1496 commutatio
1465 1480 1471 1496 z
1484 1476 1579 1508 atque,
1594 1478 1624 1500 ut

55 1526 103 1544 nos
116 1513 271 1544 monuimus
286 1523 311 1552 p.
337 1512 410 1547 750,
436 1510 619 1545 Constantius,
649 1510 694 1538 ille
717 1510 910 1550 Chrysostomo
933 1510 1088 1548 familiaris,
1112 1511 1160 1549 qui
1183 1511 1325 1551 epistolam
1339 1513 1374 1542 ad
1388 1521 1501 1544 matrem
1517 1523 1543 1545 et
1557 1517 1624 1547 alios

55 1562 162 1602 scripsit
178 1572 193 1589 a
208 1560 286 1590 nobis
307 1559 411 1596 editas,
433 1558 460 1587 in
473 1558 566 1587 codice
586 1557 705 1596 quodam
728 1557 919 1586 Constantinus
933 1558 1095 1598 appellatur.
1119 1558 1275 1589 Verisimile
1289 1560 1379 1599 itaque
1398 1561 1518 1601 videtur,
1538 1574 1625 1603 neque

56 1617 143 1638 tamen
154 1608 263 1638 omnino
275 1614 378 1636 certum
394 1613 444 1642 est,
460 1605 532 1634 hunc
544 1605 750 1634 Constantinum
764 1605 820 1634 sive
834 1605 1022 1634 Constantium
1038 1606 1196 1646 colligendis
1210 1613 1237 1636 et
1249 1607 1420 1647 publicandis
1436 1610 1623 1651 Chrysostomi

56 1657 82 1685 in
98 1656 246 1696 Epistulam
260 1655 295 1684 ad
312 1655 437 1683 Hebraeos
452 1653 578 1683 Homiliis
595 1664 703 1693 operam
716 1664 836 1682 navasse.

97 1705 126 1732 5.
144 1703 286 1741 Inscriptio
302 1712 347 1730 scu
362 1701 457 1729 titulus
470 1700 508 1729 sic
522 1700 603 1729 habet
621 1700 649 1729 in
662 1700 753 1729 Editis
769 1707 795 1728 et
817 1701 1010 1740 manuscriptis
1024 1701 1149 1731 Ἰωάννου
1167 1702 1242 1742 Ἆρχ,
1262 1703 1294 1731 Κ.
1318 1715 1347 1732 π.
1369 1707 1415 1733 τοῦ
1432 1705 1623 1745 Χρυσοπόμου

56 1750 183 1789 ἑρμηνεία
194 1751 230 1782 εἰς
240 1749 287 1783 τὴν
302 1747 367 1787 πρὸς
380 1747 522 1786 Ἑὸραίους
538 1747 689 1784 ἐπιστολὴν,
701 1749 836 1776 ἑχτεῡεῖσα
850 1748 914 1777 Ἀπὸ
925 1747 1043 1786 σημείων
1057 1748 1125 1787 μετὰ
1139 1748 1188 1784 τὴν
1203 1748 1327 1787 κοίμησιν
1341 1751 1435 1787 αὐτοῦ,
1449 1752 1523 1790 παρὰ
1545 1754 1621 1782 Κων-

55 1795 192 1824 σταντίνου
208 1794 386 1834 πρετνῧυτέρου
401 1793 570 1832 Ἀντιοχείας.
595 1794 724 1822 ,Ioannis
750 1795 858 1831 Chrys.
879 1801 928 1824 etc.
951 1797 1153 1834 interpretatio
1178 1797 1210 1824 in
1224 1796 1393 1835 Epistolam
1408 1798 1450 1826 ad
1464 1800 1621 1837 Ilebroeos,

54 1843 134 1872 edita
149 1853 185 1871 ιιι·
201 1843 276 1870 notis
298 1847 361 1879 post
377 1841 487 1868 obitum
505 1842 566 1879 ejus
581 1851 600 1868 a
613 1841 808 1869 Constantino
829 1843 1002 1880 presbytero
1026 1843 1225 1871 Antiocheno.
1253 1843 1306 1872 ἀπὸ
1330 1844 1458 1882 σημείων.
1484 1847 1622 1882 Quaeritur

55 1900 114 1928 qua:
127 1889 180 1918 sint
202 1889 248 1917 illa
269 1888 361 1927 signa,
385 1897 444 1925 qua:
461 1893 540 1915 notae.
557 1886 615 1926 Ego
629 1897 693 1916 vero
707 1888 818 1927 Cangii,
834 1899 881 1917 seu
903 1889 993 1928 potius
1006 1889 1157 1918 scholiastae
1174 1890 1356 1918 Basilieorum
1369 1890 1404 1919 ab
1418 1890 1476 1930 ipso
1490 1892 1566 1922 allati
1579 1894 1622 1922 di.-

55 1937 106 1965 ctis
121 1936 265 1973 assentior,
279 1936 324 1974 qui
341 1941 416 1963 notas
431 1933 491 1962 illas
506 1934 598 1962 asserit
612 1944 668 1963 esse
681 1934 779 1963 ductus
800 1936 894 1965 calami
910 1936 1060 1975 breviores,
1074 1937 1150 1976 queis
1162 1948 1239 1966 voces
1253 1944 1278 1966 et
1292 1938 1374 1967 verba
1395 1939 1507 1969 celerius
1522 1940 1622 1970 descri-

55 1983 188 2012 bebantur
202 1996 207 2011 :
222 1994 256 2011 cx
275 1981 431 2021 hujusmodi
448 1981 517 2009 notis
535 1981 724 2010 Constantinus
739 1982 819 2020 plano
833 1989 858 2010 et
870 1983 977 2022 vulgari
1000 1984 1079 2012 modo
1094 1983 1242 2023 descriptas
1260 1984 1385 2013 homilias
1400 1985 1480 2014 hasce
1494 1988 1619 2025 protulit.

55 2030 168 2059 Erasmo
181 2036 271 2058 autem
287 2039 365 2058 nemo
379 2028 536 2063 assentitur,
552 2027 599 2065 qui
615 2039 676 2056 cum
694 2028 721 2056 in
736 2028 814 2056 titulo
832 2027 948 2065 videret,
966 2029 1034 2066 μετὰ
1048 2030 1096 2064 τὴν
1111 2030 1246 2066 κοίμησιν,
1258 2037 1324 2067 post
1339 2032 1464 2067 obitum,
1481 2031 1568 2069 dixit,
1584 2035 1622 2062 ti-

55 2078 147 2106 tulum
163 2079 257 2116 ipsum
270 2079 340 2106 salis
357 2076 521 2105 verecunde
532 2077 625 2114 fateri
639 2086 709 2115 opus
725 2076 778 2104 hoc
795 2086 853 2103 non
867 2085 928 2105 esse
948 2076 1160 2112 Clirysostomi.
1176 2076 1205 2103 ln
1219 2075 1262 2103 his
1276 2075 1378 2114 quippe
1394 2076 1513 2106 homiliis
1528 2078 1619 2118 Clu-y-

55 2124 163 2154 sostomi
185 2125 287 2164 stylus,
301 2123 399 2160 dictio,
420 2123 502 2159 sales,
524 2122 611 2151 ethica
625 2130 756 2162 praecepta
766 2146 773 2159 ,
791 2134 806 2151 a
832 2124 929 2152 lectore
953 2123 1038 2163 perito
1063 2122 1152 2151 statim
1178 2122 1375 2162 percipiuntur.
1402 2123 1532 2154 Erasmus
1558 2136 1622 2156 vero

52 2170 187 2200 levissime
209 2182 260 2200 non
276 2171 357 2199 semel
378 2181 501 2199 censuras
518 2169 675 2209 hujusmodi
698 2170 826 2209 protulit,
851 2181 930 2208 qum,
946 2181 987 2199 res
1009 2170 1077 2199 serio
1100 2169 1290 2206 tractantibus,
1312 2169 1456 2199 levissimae
1471 2171 1536 2200 visae
1548 2180 1620 2202 sunt.

93 2220 121 2248 4.
136 2221 195 2249 ,lam
212 2225 331 2258 superest
345 2218 535 2257 inquirendum
550 2228 584 2246 an
599 2217 669 2247 illud
683 2219 829 2257 exemplar,
844 2217 916 2256 quod
931 2218 1121 2247 Constantinus
1134 2217 1231 2254 emisit,
1242 2227 1338 2246 sanum
1350 2216 1384 2246 ad
1399 2227 1447 2247 nos
1459 2229 1543 2257 usquc
1557 2231 1621 2259 per-

55 2265 165 2299 venerit,
184 2272 209 2294 et
223 2276 256 2293 an
270 2265 304 2294 sit
318 2265 378 2294 aliis
393 2265 595 2305 exemplaribus
608 2275 713 2304 semper
733 2264 958 2304 anteponendum.
973 2264 1153 2304 Manuscripti
1173 2271 1243 2292 certe
1264 2263 1377 2293 Codices
1396 2264 1529 2304 etiamque
1544 2266 1620 2296 Editi

55 2311 144 2340 Gra-ci
159 2322 229 2350 saepe
249 2318 275 2339 et
289 2311 357 2340 inter
370 2322 397 2340 se
411 2319 505 2340 etcum
522 2311 689 2340 Constantini
705 2311 852 2350 exemplari
868 2321 920 2340 non
935 2318 1090 2347 consonant,
1105 2311 1256 2348 frequenter
1275 2309 1355 2338 etiam
1371 2316 1425 2339 tam
1437 2310 1455 2339 ii
1469 2322 1537 2349 quos
1551 2323 1621 2351 pau-

53 2359 173 2388 cis-simos
192 2359 326 2393 vidimus,
343 2370 423 2397 quarn
438 2359 455 2387 ii
471 2359 569 2397 quibus
584 2370 648 2387 usus
665 2366 703 2387 est
715 2359 848 2395 Savilius,
863 2359 941 2398 longe
956 2359 1034 2398 plura
1049 2358 1278 2397 complectuntur,
1293 2367 1375 2395 quam
1395 2358 1536 2397 exemplar
1551 2359 1622 2388 illud.

54 2405 221 2433 Constantini
243 2405 402 2444 presbytcri.
420 2405 507 2445 llujus
522 2416 602 2444 porro
617 2405 779 2444 exemplaris
794 2416 845 2434 non
861 2405 912 2434 alia
934 2405 1013 2434 nobis
1027 2411 1146 2444 superest
1161 2403 1269 2438 notitia,
1285 2414 1365 2441 quam
1386 2403 1413 2431 in
1439 2403 1539 2432 Latina
1557 2406 1620 2433 ΜΠ-

55 2451 119 2479 tiani
144 2451 291 2488 Yersione,
316 2451 427 2490 jubente
445 2451 605 2480 cassiodoro
631 2450 768 2480 adornata.
795 2451 970 2481 Cassiodorus
985 2452 1057 2480 enim
1077 2450 1110 2479 de
1135 2449 1243 2479 Divinis
1267 2449 1426 2478 lectionibus
1445 2459 1502 2488 cap.
1516 2450 1621 2478 &Ad

57 2500 194 2527 llebraeos
209 2509 279 2527 vet-0
296 2498 471 2537 Epistulam,
488 2499 584 2537 inspuit,
604 2509 692 2537 quam.
707 2505 824 2528 sanctus
840 2500 972 2528 loannes
989 2499 1012 2527 C
1015 2496 1335 2535 onslantinopolitanus
1349 2497 1498 2534 episcopus
1515 2496 1620 2525 Aureo

58 2557 186 2574 sermone
203 2549 357 2580 tractavit,
379 2547 547 2574 Mucianum
570 2549 667 2574 virum
687 2547 909 2576 disertissimum
928 2547 1090 2586 transferre
1104 2546 1226 2583 fecimus
1240 2546 1272 2572 in
1284 2544 1432 2572 Latinum.
1450 2543 1546 2572 Isthaec
1558 2554 1620 2573 vero

61 2593 175 2623 Muti-ini
197 2594 379 2633 interpretatio
405 2593 500 2623 Latina
515 2604 577 2623 cusa
594 2593 645 2622 suit
662 2593 769 2623 liasilca:
786 2605 856 2624 anuo
872 2595 946 2623 1517
959 2604 1022 2623 cum
1043 2593 1093 2622 hoc
1119 2591 1198 2622 titulo
1214 2604 1218 2619 z
1235 2592 1320 2620 Beati
1342 2591 1469 2620 Ioannis
1489 2590 1620 2626 Chryso-
