1906 2846
142 560 212 588 [ibid⁴
227 568 248 587 p.

109 593 146 615 ὃς,
162 593 176 611 Α
189 600 247 619 —p.

108 632 145 653 90,
167 625 182 643 t·;
197 627 201 649 ζ

110 1483 247 1505 2.Cor.11-

109 1520 145 1536 ΞῘ.

107 1751 165 1772 Ilu'd.
179 1759 198 1772 v.
209 1757 244 1772 22.

105 1979 163 1999 llud.
180 1988 189 1999 v
209 1978 244 2000 23.

265 169 332 201 852
619 177 647 199 s.

675 176 815 200 JOANMS
841 176 1022 200 CHRYSOST.
1053 177 1208 201 AncmEP.
1236 178 1504 202 CONSTANTtNOP.

264 249 319 267 ram
334 237 501 277 spiritualem
513 237 563 265 sibi
577 246 671 275 parare
682 258 690 270 ,
703 246 749 264 nec
763 246 892 273 umquam
912 236 1002 265 subsi-
1019 243 1037 266 c
1057 238 1083 266 δὲ
1098 238 1128 266 τὸ
1144 238 1223 277 τυχὸν
1238 242 1379 277 κατορθοῦν
1396 239 1526 277 βούλεται.
1543 240 1592 273 Τίς
1609 237 1652 269 οὖν
1668 244 1738 279 ἡμᾶς
1752 243 1821 275 ἐξαι-

262 291 329 312 stere
344 296 349 310 :
363 293 444 321 quam
455 281 559 310 tandem
570 292 615 309 nos
628 281 823 310 excusationem
834 281 1002 318 habebimus,

262 329 306 367 qui
321 339 371 356 non
388 329 474 356 solum
487 327 522 355 ab
534 327 660 356 omnibus
683 327 808 365 praeciare
824 327 900 355 sactis
913 327 999 364 nudi,

263 373 308 402 sed
321 381 375 401 tam
391 373 482 401 multis
498 373 578 401 etiam
593 372 667 400 vitiis
685 372 795 411 subjecti
814 383 914 407 sumus,
930 383 1000 410 quo-

260 430 321 447 rum
335 420 377 447 vel
392 430 472 447 unum
487 419 581 453 solum,
595 418 615 446 si
631 418 707 446 nobis
735 418 807 451 insit,
825 418 851 446 in
868 418 1000 456 perditio-

261 464 301 491 nis
315 464 469 501 voraginem
484 475 532 492 nos
546 463 691 491 deturbare
706 463 822 491 sufficiat
835 475 842 498 ;
855 474 903 491 nec
919 463 1001 491 ullam

260 509 364 537 interim
377 520 466 537 curam
479 509 649 542 adhibemus,
665 515 692 537 ut
705 508 798 536 saltem
814 509 862 536 ista
874 508 1001 537 emende—

262 565 331 590 mus,
348 554 447 583 nedum
461 562 489 583 ut
505 555 636 583 virtutum
651 565 730 593 opera
746 554 1000 593 aggrediamur-F'An

260 599 351 628 beatus
366 601 412 628 ille
427 610 476 628 non
491 600 610 639 ejusdem
633 600 771 628 nobiscum
794 607 894 628 naturae
915 608 971 628 erat
987 601 1000 628 Ξ)

259 646 288 674 ln
299 657 416 675 amorem
432 647 503 675 enim
513 646 596 674 sancti
614 646 664 674 viri
677 646 830 681 inardesco,
849 657 879 674 ac
889 647 1001 685 proinde

256 692 363 720 assidue
375 693 463 731 ipsum
479 702 582 720 versare
594 702 645 719 non
655 702 725 720 cesso
738 703 745 727 ;
759 691 955 730 respiciensque
966 692 999 721 ad

258 737 342 776 ipsius
351 738 622 775 animum,tamquaiu
632 737 664 765 ad
675 737 861 776 primigeniam
873 738 1000 775 effigiem,

257 783 395 811 considero
409 783 434 811 in
450 794 480 811 eo
495 783 666 811 affectionum
678 789 853 816 contemtum,
867 783 1000 812 fortitudi-

257 829 298 857 nis
313 829 508 864 excellentiam,
523 828 622 857 amoris
638 828 664 855 in
682 829 768 857 Deum
789 829 919 857 fervorem
932 840 938 855 :
952 829 1000 857 oh-

261 880 392 912 stupesco,
409 874 545 902 hominem
562 884 654 909 unum,
669 884 730 902 cum
746 873 843 907 voluit,
860 875 1000 903 universas

256 919 337 947 simul
353 920 463 947 virtutes
475 919 587 947 feliciter
601 926 793 957 consequutum
803 930 867 955 esse,
881 926 999 948 nostrum

257 975 319 993 vero
331 965 450 1003 singulos
464 975 496 993 ne
507 964 783 1002 quantulamcumque
793 972 895 1004 partem
909 975 1000 993 conse-

256 1010 302 1048 qui
319 1010 424 1049 gestire.
440 1010 509 1046 Quis
524 1010 607 1049 igitur
627 1021 675 1038 nos
695 1010 729 1038 ab
754 1010 904 1038 inevitabili
923 1020 1001 1049 poena

255 1055 358 1090 liberet,
370 1066 430 1084 cum
444 1062 544 1084 tantam
558 1055 664 1083 virtutis
677 1055 888 1093 magnitudinem
900 1055 1000 1084 Paulus

256 1101 417 1137 ostenderit,
430 1101 477 1139 qui
492 1101 582 1129 eadem
601 1101 740 1129 nobiscum
754 1101 891 1129 communi
905 1107 1000 1129 natura

257 1147 397 1186 praeditus,
413 1147 559 1185 iisdemque
569 1148 757 1176 affectionibus
771 1147 906 1175 obnoxius
921 1155 977 1176 erat
989 1170 996 1182 ‚

256 1199 282 1220 et
298 1193 324 1221 in
340 1200 411 1221 tanta
423 1200 573 1232 temporum
586 1193 745 1221 difficultate
755 1193 834 1228 vixit,
842 1203 873 1222 ac
885 1193 999 1231 singulis

256 1249 339 1278 prope
349 1239 444 1267 diebus
459 1239 616 1274 vexabatur,
625 1238 840 1277 discerpebatur,
853 1245 878 1266 et
892 1238 999 1277 publice

257 1284 292 1311 ab
307 1284 430 1313 hostibus
441 1284 641 1323 praedicationis
652 1284 830 1312 trahebatur?
841 1284 876 1313 Et
889 1291 998 1312 netam-

258 1340 338 1368 quam
353 1341 368 1358 a
383 1340 440 1358 mea
450 1330 542 1367 lingua
555 1329 671 1358 audiatis
681 1340 741 1368 quae
751 1336 857 1357 sanetus
867 1329 915 1357 iste
927 1340 997 1368 prae—

258 1375 329 1402 clara
341 1381 366 1403 et
379 1375 562 1403 memorabilia
574 1375 674 1411 fecerit,
687 1375 824 1413 animique
836 1375 1000 1413 magnitudi-

258 1431 329 1455 nem,
344 1431 425 1458 quam
442 1431 489 1459 pro
505 1421 642 1459 religionis
657 1421 788 1460 praeconio
801 1421 827 1448 in
838 1420 895 1448 dies
908 1427 998 1449 osten-

259 1465 346 1502 derit3
360 1466 448 1505 ipsum
471 1466 603 1494 dicentem
625 1465 740 1494 audiatis
756 1472 859 1504 oportet
874 1477 880 1492 :
895 1467 932 1493 In
944 1476 1000 1504 quo

260 1514 324 1550 quis
344 1512 447 1546 audet,
461 1514 493 1539 in
515 1513 680 1549 insipientia
694 1512 775 1545 dico,
787 1511 880 1539 audeo
894 1517 922 1539 et
936 1522 997 1549 ego.

259 1556 405 1584 Considera
425 1556 491 1584 milii
514 1566 602 1584 caram
624 1557 680 1584 Deo
695 1555 811 1583 animam
826 1567 832 1582 :
848 1566 899 1584 non
913 1556 1000 1584 auda-

259 1602 327 1630 ciam
341 1601 430 1636 modo,
442 1601 488 1629 sed
499 1609 524 1629 ct
538 1601 719 1640 insipientiam
734 1612 789 1629 rem
803 1609 894 1638 vocat5
905 1602 1001 1631 docens

261 1659 319 1682 nos,
329 1659 361 1676 ne
376 1655 472 1676 temere
483 1655 508 1676 et
517 1648 574 1676 sine
585 1647 737 1676 necessitate
747 1647 873 1685 nulloque
884 1656 1000 1686 urgente,

260 1704 318 1731 quae
328 1705 340 1721 a
353 1694 428 1721 nobis
440 1694 508 1721 facta
521 1700 582 1722 sunt
598 1694 764 1732 cvulgemus,
777 1694 798 1722 si
808 1694 887 1722 modo
899 1695 1000 1733 aliqui,

257 1739 303 1776 qui
320 1739 382 1767 boni
396 1739 460 1777 quid
475 1740 594 1775 fecerint,
605 1750 639 1768 ex
651 1740 728 1768 nobis
744 1740 922 1770 inveniantur.
939 1743 1001 1770 He-

258 1786 326 1813 broei
341 1789 426 1813 sunl?
437 1792 465 1813 et
485 1795 537 1821 ego
551 1797 559 1812 .·
575 1787 718 1814 Israelita>
727 1793 793 1815 sunt
808 1791 821 1815 P
831 1793 856 1815 et
867 1798 918 1826 ego
935 1799 943 1814 :
958 1798 1000 1816 se-

1056 283 1164 321 ρήσεται
1193 287 1241 319 τῆς
1261 285 1392 317 κολάσεως
1419 287 1465 320 τῆς
1493 287 1690 325 ἀπαραιτήτου,
1715 288 1821 316 Παύλου

1054 331 1175 356 τοσοῦτον
1209 329 1315 368 μέγεθος
1346 331 1440 368 ἀρετῆς
1469 331 1675 369 ἐπιδειξαμένου,
1707 335 1752 361 τοῦ
1776 335 1822 367 τ’ῆς

1055 375 1135 407 αὐτῆς
1159 377 1223 412 ἡμῖν
1245 379 1427 409 κοινωνοῦντος
1453 377 1566 415 φύσεως,
1587 381 1631 406 τοῦ
1659 383 1711 410 τοῖς
1736 379 1822 410 αὐτοῖς

1054 419 1164 448 πάθεσιν
1185 421 1369 458 ὑποκειμένου,
1391 424 1436 450 τοῦ
1461 424 1487 450 ἐν
1507 422 1621 461 τοσαύτη
1643 425 1741 461 καιρῶν
1759 424 1822 451 δυσ-

1054 464 1129 503 κολία
1141 466 1275 502 γεγονότος
1288 487 1295 499 ,
1309 467 1354 494 καὶ
1368 468 1425 495 καθ’
1441 467 1554 501 ἑκάστην
1573 468 1674 506 ἡμέραν
1687 470 1722 500 ὡς
1741 470 1821 496 εἰπεῖν

1053 510 1193 546 ἑλκομένου
1208 533 1214 545 ,
1241 512 1471 549 σπαραττομένου,
1497 513 1541 541 καὶ
1566 513 1679 552 δημοσία
1713 513 1823 551 συρομέ-

1052 565 1096 581 νου
1116 554 1166 581 ὑπὸ
1185 556 1236 582 τῶν
1259 556 1296 593 τῷ
1319 555 1468 593 κηρύγματι
1491 557 1683 593 πολεμούντων.
1707 557 1760 585 Καὶ
1779 557 1822 585 ἵνα

1054 598 1090 635 μὴ
1106 599 1179 638 παρὰ
1200 602 1247 634 τῆς
1270 600 1402 638 ἡμετέρας
1422 601 1541 639 γλώττης
1564 602 1675 636 ἀκούητε
1693 602 1725 630 τὰ
1747 603 1822 641 παρὰ

1052 646 1096 672 τοῦ
1117 645 1246 683 μακαρίου
1271 645 1362 673 τούτου
1388 646 1580 685 κατορθώματα
1598 669 1605 682 ,
1629 647 1674 675 καὶ
1699 647 1746 682 τὴν
1778 648 1822 675 ἀν-

1053 690 1126 728 δρίαν
1144 690 1176 724 ἢν
1200 690 1267 729 ὑπὲρ
1285 695 1330 720 τοῦ
1351 694 1397 725 τῆς
1422 692 1553 725 εὗσεὸείας
1572 692 1741 731 κηρύγματος
1764 694 1822 721 καθ’

1053 735 1164 770 ἑκάστην
1186 736 1366 772 ἐπεδείκνυτο,
1387 738 1528 775 ἀναγκαῖον
1548 739 1626 766 αὐτοῦ
1647 740 1757 767 ἀκοῦσαι
1779 738 1823 767 λε’-

1051 791 1140 818 γοντος
1151 793 1157 798 ·
1173 781 1219 810 Ἐν
1234 777 1288 821 ᾆδ’
1305 782 1335 810 ἄν
1357 794 1396 815 τις
1414 784 1514 822 τολμᾷ,
1535 784 1562 812 ἐν
1584 783 1718 822 ἀφροσύνῃ
1738 783 1822 822 λέγω,

1052 828 1141 864 τολμῶ
1170 827 1255 866 κάγώ.
1282 828 1381 857 Σκόπει
1404 829 1491 867 ψυχὴν
1523 829 1640 868 φιλόθεον
1663 841 1669 847 ·
1693 831 1722 858 οὐ
1744 830 1822 868 μόνον

1051 872 1170 910 τόλμαν,
1202 873 1270 902 ἀλλὰ
1297 874 1342 902 καὶ
1367 874 1515 913 ἀφροσύνην
1542 875 1572 903 τὸ
1593 880 1704 914 πρᾶγμα
1729 876 1822 904 καλεῖ·

1051 917 1183 946 παιδεύων
1198 921 1268 955 ἡμᾶς
1284 919 1320 956 μὴ
1337 919 1428 952 ἅπλῶς
1441 919 1501 948 ἄνευ
1519 920 1634 958 ἀνάγκης
1645 943 1652 956 ,
1675 920 1720 949 καὶ
1742 922 1822 958 μηδε-

1051 962 1093 996 νὸς
1109 963 1299 1002 ἀναγκάζοντος
1310 986 1317 998 ,
1330 965 1364 993 τὰ
1387 966 1428 1004 ὑφ’
1442 967 1517 1003 ἡμῶν
1541 965 1703 1004 γεγενημένα
1723 967 1821 1003 ἐκπομ-

1051 1009 1139 1038 πεύειν
1151 1030 1158 1043 ,
1173 1009 1196 1038 εἴ
1209 1022 1238 1048 γε
1260 1010 1327 1043 τινὲς
1345 1011 1370 1044 ἐξ
1385 1013 1460 1048 ἡμῶν
1476 1013 1602 1049 εὑρεθεῖεν
1620 1011 1717 1050 ἀγαθόν
1738 1024 1764 1040 τι
1779 1014 1821 1051 ε’ρ-

1051 1055 1206 1093 γασάμενοι.
1229 1055 1350 1094 Ἑὸραῖοί
1370 1057 1439 1092 εἷο-ις
1458 1056 1532 1094 κάγώ
1544 1068 1550 1074 ·
1571 1056 1737 1096 Ἰσραηλῖταί
1753 1059 1821 1093 εἷσι;

1051 1099 1125 1138 κάγώ
1137 1111 1143 1117 ·
1163 1100 1269 1139 σπέρμα
1286 1100 1406 1139 Ἀδραάμ
1427 1102 1494 1137 εἷσι;
1509 1101 1594 1139 κάγώ.
1618 1101 1686 1131 'Eut'
1701 1102 1818 1136 τούτοις,

1051 1145 1133 1184 φησὶ,
1157 1146 1225 1184 μέγα
1249 1149 1391 1185 φρονοῦσι;
1419 1146 1456 1183 μὴ
1484 1147 1660 1184 νομιζέτωσαν
1685 1147 1822 1176 λείπεσθαι

1051 1193 1122 1228 ἡμᾶς
1135 1202 1141 1208 ·
1154 1192 1198 1220 καὶ
1218 1190 1268 1230 γὰρ
1288 1192 1333 1219 καὶ
1347 1194 1423 1229 ἡμεῖς
1437 1194 1488 1220 τῶν
1505 1193 1589 1221 αὐτῶν
1606 1193 1760 1231 μετέχομεν.
1775 1189 1821 1222 Εἶ-

1050 1248 1082 1264 τα
1105 1236 1252 1274 ἐπήγαγεν·
1280 1237 1404 1265 Atat-»tom
1426 1238 1540 1275 Χριστοῦ
1564 1240 1631 1273 εἷσι;
1647 1241 1820 1278 παραφρονῶν

1049 1282 1140 1317 λαλῶ,
1162 1281 1227 1321 ὑπὲρ
1251 1282 1312 1319 ἐγώ.
1337 1282 1394 1311 Θέα
1419 1294 1464 1319 μοι
1490 1284 1600 1311 ἐνταῦθα
1623 1287 1668 1312 τοῦ
1691 1284 1820 1322 μακαρίου

1050 1327 1140 1355 τούτου
1152 1329 1197 1361 τῆς
1208 1328 1295 1365 ψυχῆς
1309 1327 1356 1362 τὴν
1372 1327 1468 1365 ἀρετήν
1477 1338 1484 1344 ·
1495 1328 1586 1363 ἐπειδὴ
1600 1328 1652 1368 γὰρ
1665 1329 1711 1358 καὶ
1720 1330 1821 1368 τόλμαν

1050 1373 1095 1400 καὶ
1119 1372 1267 1410 ἀφροσύνην
1290 1372 1398 1401 ἐκάλεσε
1416 1373 1445 1400 τὸ
1465 1374 1637 1411 γεγενημένον
1657 1376 1702 1403 ὑπ’
1722 1376 1821 1410 αὐτοῦ,

1051 1416 1138 1444 καίτοι
1151 1418 1186 1449 εἷς
1200 1416 1330 1450 τοσαύτην
1351 1416 1468 1454 ἀνάγκην
1485 1417 1620 1450 καταστὰς
1632 1441 1640 1454 ,
1661 1418 1718 1447 οὐδὲ
1738 1418 1820 1453 οὕτως

1052 1461 1167 1500 ἠρκέσθη
1180 1466 1234 1494 τοῖς
1244 1461 1391 1500 εἰρημένοις
1400 1485 1407 1498 ,
1420 1463 1478 1491 ἀλλ’
1491 1463 1535 1491 ὅτε
1550 1462 1658 1501 ἔμελλεν
1670 1464 1760 1493 ἑαυτὸν
1773 1465 1822 1493 δει·

1052 1506 1144 1535 κνύναι
1158 1508 1247 1546 πολλῷ
1268 1510 1306 1546 τῷ
1329 1507 1417 1547 μέτρῳ
1437 1507 1548 1541 ἐκείνους
1568 1509 1820 1548 ὓπερακοντίζοντα,

1052 1552 1094 1580 ἶνα
1111 1552 1189 1590 μήτις
1211 1552 1306 1591 νομίσῃ
1322 1554 1373 1581 ἀπὸ
1392 1554 1528 1592 φιλαυτίας
1547 1554 1623 1582 αὐτὸν
1641 1558 1724 1583 ταῦτα
1738 1555 1820 1594 φθέγ-

1053 1601 1161 1636 γεσθαι,
1183 1599 1262 1627 πάλιν
1277 1599 1479 1639 παραφροσύνην
1502 1601 1577 1629 καλεῖ
1600 1601 1630 1629 τὸ
1652 1602 1715 1640 παρ’
1741 1602 1820 1630 αὐτοῦ

1053 1644 1192 1682 λεγόμενον
1204 1656 1210 1661 ·
1227 1645 1364 1684 μονονουχὶ
1379 1645 1463 1683 λέγων
1477 1657 1483 1663 ·
1499 1645 1535 1682 μὴ
1559 1645 1610 1684 γὰρ
1631 1647 1678 1675 οὐκ
1698 1641 1756 1674 οἶδα
1779 1647 1820 1676 ὅτι

1055 1695 1166 1728 πρᾶγμα
1180 1692 1246 1719 ποιῶ
1267 1694 1320 1722 τοῖς
1344 1691 1449 1723 πολλοῖς
1471 1692 1684 1729 παριστάμενον,
1707 1691 1752 1720 καὶ
1772 1694 1820 1721 οὐκ

1055 1736 1113 1773 ἐμοὶ
1137 1736 1235 1774 πρέπον
1250 1747 1256 1753 ·
1281 1737 1338 1764 ἀλλ’
1364 1739 1380 1771 ἡ
1401 1736 1486 1771 πολλή
1509 1749 1541 1774 με
1562 1737 1664 1775 ἀνάγκη
1684 1739 1720 1770 εἷς
1743 1741 1819 1767 τοῦτο

1055 1782 1227 1817 συνωθήσασα
1249 1781 1398 1814 ἐκὲιάζεται
1411 1793 1417 1799 ·
1438 1782 1477 1810 διὸ
1494 1781 1626 1821 σύγγνωτέ
1653 1794 1716 1821 μοι,
1735 1783 1798 1822 φησὶ
1810 1805 1818 1818 ,

257 1841 322 1858 men
342 1831 498 1859 Abraham
514 1836 603 1860 sunl?
617 1839 644 1860 et
658 1842 719 1871 ego.
739 1833 768 1860 ln
792 1833 850 1861 istis
863 1855 873 1870 ,
891 1833 978 1871 inquit
992 1857 999 1870 ,
1017 1840 1035 1860 Α
1054 1827 1254 1866 παρᾶφρῡσύνης
1275 1827 1382 1865 ῥήματα
1399 1828 1575 1866 φθεγγομένῳ·
1595 1828 1696 1857 Τούτου
1707 1829 1755 1858 κᾶν
1769 1830 1817 1864 τὴν

256 1884 312 1902 sese
326 1875 440 1902 efferunt
453 1875 465 1902 Ξ)
481 1885 513 1903 ne
527 1875 680 1904 existiment
701 1886 749 1904 nos
770 1876 907 1905 inferiores
921 1888 976 1905 esse
991 1890 996 1905 ε

257 1930 317 1947 nam
335 1927 360 1948 et
381 1931 428 1948 nos
449 1920 506 1949 haec
521 1931 581 1949 cum
607 1921 662 1950 illis
688 1923 840 1950 communia
860 1923 997 1951 habemus.

258 1965 360 1993 Deinde
385 1965 478 1994 subdit
492 1978 498 1993 t
515 1968 646 1995 Minislri
661 1968 770 1996 Christi
792 1972 881 1997 sunt?
896 1975 927 1997 ut
945 1971 998 1997 mi-

257 2021 310 2039 nus
320 2014 436 2049 sapiens
452 2013 526 2048 dico,
541 2013 615 2041 Plus
626 2023 687 2052 ego,
703 2013 753 2042 Hic
767 2014 835 2042 mihi
851 2014 914 2042 vide
927 2014 996 2043 beati

256 2057 332 2085 istius
351 2058 433 2086 animi
456 2058 584 2086 virtutem
601 2071 608 2086 .·
626 2059 752 2096 quoniam
770 2066 795 2087 et
809 2059 951 2087 audaciam
971 2067 997 2088 et

255 2102 435 2141 insipientiam
458 2103 529 2141 quod
544 2115 559 2132 a
577 2115 604 2132 se
625 2105 725 2133 factum
743 2112 781 2133 est
802 2106 958 2145 appellavit,
973 2113 998 2135 et

255 2149 365 2186 quidem
387 2156 460 2178 tanta
483 2150 510 2178 in
533 2151 687 2179 necessitate
711 2151 893 2188 constitutus;
915 2149 998 2189 neque

256 2194 291 2222 ila
312 2194 392 2223 dictis
414 2203 551 2225 contentus
575 2196 636 2230 suit,
657 2196 703 2224 sed
719 2207 780 2225 cum
798 2208 825 2225 se
840 2197 900 2226 illos
919 2198 998 2236 longe

255 2241 384 2269 excellere
402 2249 597 2270 monstraturus
613 2249 689 2279 erat,
706 2253 738 2271 ne
759 2243 818 2281 quis
832 2244 900 2272 forte
919 2244 995 2272 illum

255 2298 323 2316 caeco
332 2289 373 2316 sui
385 2299 474 2317 amore
485 2289 613 2318 suadente
623 2290 674 2318 ista
688 2291 806 2329 proferre
821 2291 995 2327 existimaret,

257 2344 347 2363 rursus
358 2336 426 2372 quod
439 2347 453 2364 a
465 2346 491 2364 se
502 2336 605 2365 dictum
613 2345 669 2365 erat
681 2337 888 2376 imprudentiam
902 2347 994 2367 vocat:

256 2381 331 2417 quasi
352 2381 423 2409 dicat
443 2394 449 2408 :
470 2383 528 2410 Non
543 2384 613 2410 enim
630 2383 722 2421 ignoro
735 2406 742 2418 ,
758 2394 800 2412 me
814 2395 868 2412 rem
888 2385 974 2413 facere
986 2408 994 2422 ,

254 2436 313 2462 quae
331 2426 424 2454 multis
439 2428 628 2466 patrocinatur,
644 2439 684 2457 me
701 2439 764 2457 vero
785 2430 873 2458 minus
885 2429 993 2467 deceat3

254 2471 300 2499 scd
320 2473 410 2509 gravis
427 2474 566 2502 necessitas
581 2496 588 2510 7
602 2485 661 2512 quae
681 2486 722 2503 me
749 2475 802 2504 huc
820 2476 948 2515 impulit,
966 2477 994 2506 id

254 2517 323 2552 cogit
349 2528 354 2543 :
378 2517 478 2545 idcireo
505 2519 570 2546 mihi
589 2541 597 2554 ‚
620 2519 724 2557 inquit,
744 2521 927 2559 imprudenter
952 2523 995 2551 lo-

257 2562 345 2598 quenti
362 2564 465 2590 veniam
487 2563 558 2591 date.
578 2565 664 2603 llujus
680 2566 772 2594 saltem
790 2567 914 2596 umbram
931 2568 994 2596 imi-

1052 1873 1128 1901 σκιὰν
1144 1873 1322 1910 μιμησώμεθα
1335 1876 1410 1910 ἡμεῖς
1423 1875 1446 1902 οἱ
1459 1877 1574 1902 τοσαῦτα
1586 1874 1680 1912 φορτία
1698 1875 1819 1913 ἁμαρτη-

1051 1919 1141 1956 μάτων
1153 1918 1254 1956 ἔχοντες
1269 1918 1422 1955 ἐπικείμενα
1433 1940 1440 1953 ‚
1452 1919 1497 1947 καὶ
1508 1919 1636 1953 πολλάκις
1647 1919 1674 1948 ἕν
1691 1932 1715 1948 τι
1732 1921 1817 1960 βραχὺ

1042 1966 1233 2003 ’κατορθοῦντες
1249 1986 1256 1998 ,
1274 1963 1318 1992 καὶ
1339 1963 1397 1992 οὐῗὲ
1425 1967 1501 1993 τοῦτο
1526 1966 1561 1997 εἷς
1583 1964 1617 1993 τὰ
1643 1971 1750 2002 ταμιεῖα
1771 1968 1818 2000 τῖς

1051 2010 1166 2042 διανοίας
1182 2009 1319 2047 φυλάττειν
1331 2010 1500 2048 ἀνεχόμενοι,
1513 2010 1580 2038 ἀλλὰ
1594 2010 1635 2039 διὰ
1645 2011 1675 2039 τὸ
1686 2010 1734 2046 τὴν
1744 2013 1817 2050 παρὰ

1050 2057 1102 2084 τῶν
1121 2055 1264 2094 ἀνθρώπων
1280 2058 1409 2093 Οηρᾶσθαι
1431 2055 1505 2088 δόξαν
1522 2055 1748 2094 ἐκπομπεύοντες,
1772 2058 1817 2086 καὶ

1051 2101 1086 2132 εἰς
1107 2100 1184 2138 μέσον
1203 2101 1384 2138 προτιθέντες,
1405 2101 1450 2129 καὶ
1468 2101 1510 2130 διὰ
1524 2103 1571 2135 τῆς
1591 2102 1699 2141 ἀκαίρου
1719 2102 1817 2137 ταύτης

1050 2146 1178 2185 φλυαρίας
1194 2149 1242 2180 τῆς
1259 2146 1332 2185 παρὰ
1347 2150 1391 2174 τοῦ
1407 2148 1478 2175 Θεοῦ
1499 2147 1613 2184 ἀμοιὸἧς
1627 2147 1734 2180 ἑαυτοὺς
1748 2149 1817 2177 ἀπο-

1050 2194 1213 2230 στεροῦντεςῇ
1229 2191 1299 2220 Ἀλλ’
1313 2193 1361 2230 οὐχ
1381 2194 1394 2220 ὁ
1420 2189 1548 2231 μακάριος
1566 2189 1639 2225 οὗτος
1658 2194 1773 2222 τοιοῦτόν
1791 2206 1818 2223 τι

1050 2237 1195 2273 πέπονθεν,
1220 2239 1276 2266 ἀλλ’
1304 2239 1384 2267 εἰπὼν
1397 2261 1404 2274 ,
1423 2238 1507 2277 (Υπὲρ
1530 2239 1582 2277 ἐγὼ
1595 2262 1602 2273 ,
1627 2242 1817 2279 ἀπαριθμεῖται

1050 2283 1140 2312 λοιπὸν
1157 2284 1190 2311 τὰ
1205 2286 1252 2318 τῆς
1265 2284 1368 2323 ἀνδρίας
1387 2285 1464 2313 αὐτοῦ
1478 2284 1670 2324 κατορθώματα
1680 2308 1688 2321 ,
1709 2286 1755 2314 καί
1766 2298 1817 2325 φη-

1051 2340 1103 2357 σιν·
1122 2329 1168 2358 Ἐν
1184 2329 1274 2362 κόποις
1289 2330 1494 2368 περισσοτέρως,
1511 2331 1537 2358 ἐν
1552 2331 1666 2369 πληγαῖς
1680 2332 1818 2370 ὑπερέαλ-

1050 2375 1146 2406 λόντως
1159 2397 1166 2409 ,
1183 2377 1208 2404 ἐν
1233 2375 1351 2407 θανάτοις
1370 2376 1506 2407 πολλάκις.
1528 2376 1564 2404 Τί
1577 2375 1680 2414 λέγεις;
1701 2376 1770 2410 ξένον
1790 2389 1816 2405 τι

1050 2420 1094 2448 καὶ
1109 2419 1254 2458 παράδοξόν
1275 2422 1329 2448 ἐστι
1354 2421 1384 2449 τὸ
1401 2420 1473 2460 παρὰ
1496 2424 1542 2450 σοῧ
1564 2421 1714 2460 λεγόμενον.
1736 2422 1816 2451 Ἐστι

1049 2470 1099 2509 γὰρ
1121 2470 1248 2502 πολλάκις
1271 2471 1380 2499 θάνατον
1399 2473 1558 2509 ὓπομεῖναι;
1582 2472 1653 2507 Ναὶ,
1675 2472 1753 2511 φησίν
1770 2483 1776 2488 ·
1792 2474 1815 2501 εἰ

1049 2520 1093 2547 καὶ
1109 2519 1144 2557 μὴ
1161 2521 1193 2558 τῇ
1215 2520 1310 2559 πείρᾳ,
1327 2519 1394 2548 ἀλλὰ
1409 2523 1441 2561 τῇ
1458 2520 1550 2559 γνώμη
1563 2530 1569 2536 ’
1586 2520 1714 2549 διδάσκων
1729 2523 1814 2559 ἡμᾶς,

1052 2570 1063 2580 ει

1048 2582 1087 2597 οτι
1102 2571 1227 2604 διηνεκῶς
1250 2570 1374 2602 τοιούτοις
1396 2570 1487 2598 ἑαυτὸν
1503 2569 1630 2601 κινδύνοις
1644 2569 1754 2602 ἐξεδίδου
1770 2569 1813 2598 διὰ
