1906 2846
1560 183 1566 192 s

367 195 397 217 lx
427 195 534 218 EPIST.
566 195 610 216 AD
636 195 801 217 Hrnssujzos.
830 195 908 216 CXI).
939 193 999 215 ΧΗ.
1031 193 1151 217 uouit„
1181 192 1293 215 xxxu.
1547 193 1613 225 ,ΙΉΙ

40 258 111 296 αὐτῷ
126 258 198 295 φωνῇ
213 267 218 271 ·
236 256 288 284 ἔδει
301 255 351 295 γὰρ
370 260 414 285 τοῦ
427 258 497 286 Θεοῦ
510 256 635 295 φέρεσθαι
651 256 698 291 τὴν
714 257 813 295 φωνήν.
870 256 950 284 batur
962 266 970 293 3
988 256 1061 283 Deus
1073 255 1097 283 ei
1112 265 1176 283 voce
1187 254 1385 294 respondebat:
1398 254 1537 294 oportebat
1549 254 1620 282 enim

40 302 117 331 Ἐπεὶ
133 301 159 330 δὲ
175 301 218 330 διὰ
242 302 377 334 Μωϋσέως
392 302 486 339 ἔμελλε
507 304 665 339 νομοθετεῖν,
682 302 725 330 διὰ
740 305 816 331 τοῦτο
869 302 920 330 Dei
946 302 1061 341 proferri
1086 311 1188 330 vocem.
1210 301 1348 338 Quoniam
1362 311 1410 340 per
1422 302 1545 340 Moysem
1565 307 1619 329 erat

38 348 189 382 ἀξιόπιστον
206 347 284 376 αὐτὸν
300 352 380 376 ποιεῖ.
408 349 468 386 Οὐχ
494 348 584 387 ἑώρων
600 348 676 377 αὐτὸν
703 348 746 378 διὰ
772 349 815 378 τὸν
869 347 957 386 legem
977 348 1093 383 laturus,
1108 354 1251 387 propterea
1270 358 1332 375 eum
1351 346 1415 375 facit
1428 346 1482 375 fide
1495 346 1619 385 dignum.

38 393 143 433 γνόφον,
154 395 200 422 οὐκ
214 393 309 428 ἤκουον
324 395 402 421 αὐτοῦ
416 394 458 422 διὰ
473 394 503 422 τὸ
518 394 690 433 ἷτῃιόφωνον.
704 395 740 423 Τί
756 390 817 430 οῧν;
870 395 930 423 Non
944 393 1075 423 videbant
1090 393 1179 433 ipsum
1195 401 1306 433 propter
1320 393 1465 431 caliginem
1476 416 1484 431 ,
1498 403 1552 421 non
1571 404 1622 421 au-

39 440 222 479 Ἀποκρίνεται
234 442 248 468 ὁ
262 440 330 472 Θεὸς
346 442 419 478 φωνῇ
445 440 619 479 φθεγγόμενος
629 464 636 476 ‚
659 441 750 482 ὥσπερ
773 443 818 470 καὶ
869 439 980 468 dicbaut
999 440 1089 479 ipsum
1112 446 1222 479 propter
1234 450 1327 469 vocem
1343 439 1480 478 gracilem.
1493 438 1568 474 Quid
1582 449 1622 467 er-

41 488 212 525 ὀημηγορῶν,
229 486 274 514 καὶ
292 485 437 519 ἐξακουστὰ
451 489 534 515 ποιῶν
550 487 582 515 τὰ
597 488 818 526 νομοθετούμενα.
871 485 926 524 go?
943 486 1017 513 Deus
1039 485 1194 525 respondit,
1209 495 1274 514 voce
1295 485 1373 523 quasi
1395 484 1528 524 populum
1550 485 1621 513 allo-

40 532 109 562 Ἀλλ’
124 531 221 569 ἴδωμεν
237 532 334 561 ἄνωθεν
350 532 383 561 τὰ
398 532 543 572 εἰρημένα·
560 535 601 562 Οὐ
616 534 668 572 γὰρ
683 536 818 574 προςελη-
836 547 854 568 D
873 542 957 569 quens
971 538 996 560 et
1008 532 1127 560 efficiens
1141 539 1171 561 ut
1186 532 1256 570 leges
1271 531 1387 560 audiret.
1406 531 1459 561 Sed
1473 531 1563 570 priora
1576 541 1621 559 re-

38 577 133 606 λύθατε
157 578 346 618 ψηλαφωμένῳ
362 578 433 617 ὄρει,
446 579 491 606 καὶ
508 580 663 618 κεκαυμένῳ
686 580 750 619 πυρὶ
774 581 818 608 καὶ
873 584 1013 616 petamus:
1026 579 1094 606 Non
1104 580 1181 606 enim
1193 579 1356 607 accessistis
1371 578 1412 606 ad
1423 583 1548 605 montem
1562 583 1624 604 tra-

40 623 184 662 σάλπιγγος
197 624 267 664 ἤχῳ,
278 627 351 663 ‘stov-”51
365 624 502 663 ῥημάτων,
516 621 548 659 ἧς
559 626 582 652 οἱ
596 625 754 658 ἀκούσαντες
769 638 820 654 πα-
872 624 1022 661 ctahilem,
1035 631 1062 653 et
1074 635 1229 653 accensum
1241 626 1346 663 ignem,
1358 630 1385 652 et
1397 625 1473 652 tuboe
1484 624 1621 657 sonitum,

40 670 197 709 ρῃτήσαντο,
213 670 292 710 φησὶ,
306 671 343 708 μὴ
367 673 544 710 προστεθῆναι
567 673 654 704 αὐτοῖς
669 671 712 700 τὸν
727 672 816 710 λόγον.
873 676 900 698 et
915 680 1016 698 vocem
1031 671 1185 698 verborum
1197 693 1205 704 ‚
1227 680 1316 709 quam
1332 671 1383 709 qui
1397 670 1555 698 audierunt
1569 679 1622 697 ex-

40 715 105 756 Ἄρα
125 717 199 746 αὐτοὶ
213 717 352 755 γεγόνασιν
367 717 444 745 αἴτιοι
459 720 503 746 τοῦ
529 717 572 746 διὰ
587 718 684 756 σαρκὸς
705 721 819 757 φανῆναι
874 723 1049 745 cusaverunt
1061 727 1101 751 se,
1113 716 1210 754 inquit,
1221 727 1257 745 ne
1270 719 1311 745 eis
1322 716 1406 758 fieret
1420 717 1552 744 verbum.
1566 715 1621 754 Ipsi

41 763 85 792 τὸν
99 763 177 793 Θεόν.
193 764 228 792 Τί
243 763 270 792 δὲ
284 764 330 792 καὶ
344 763 432 802 ἔλεγον
445 776 452 799 ;
468 764 591 793 ,λαλείτω
603 767 668 802 ἡμῖν
686 766 818 801 Μωυσῆς,
873 772 936 801 ergo
963 773 1048 791 causae
1072 763 1192 800 fuerunt,
1208 769 1237 791 ut
1255 764 1327 792 Deus
1342 773 1389 802 per
1403 772 1510 791 carnem
1532 772 1620 801 appa-

41 810 86 838 καὶ
105 809 141 848 μὴ
156 810 271 839 λαλείτω
286 812 375 848 ἦμῖνὸ
392 811 469 844 Θεός,
483 812 519 840 Οἱ
535 810 581 843 τὰς
597 811 746 850 cu-sapz'sstg
761 824 818 841 ποι.
874 809 968 838 ruerit.
983 809 1059 845 Quid
1084 820 1148 838 vero
1167 809 1315 838 dicebant?
1331 810 1496 849 Loquatur‚
1516 808 1621 846 inquit,

41 859 142 892 οῦντες,
157 857 258 894 μᾶλλον
271 858 359 886 ἐκεῖνα
374 856 500 896 αἴρουσιν,
511 856 554 886 ἵνα
567 860 651 886 ταῦτα
661 858 752 896 πυλλῷ
766 858 819 896 μεί»
874 857 957 885 nobis
980 857 1102 893 Illos-ses
1115 878 1123 893 ,
1137 862 1164 884 et
1183 866 1241 883 non
1264 856 1405 895 loquatur
1428 856 1511 883 nobis
1530 855 1620 884 Deus.

43 904 104 935 ζονα
119 902 236 936 δείξωσιν
250 912 256 918 ·
273 902 326 942 ἐγὼ
343 902 370 932 δὲ
387 904 497 932 κάκεῖνα
517 903 661 942 ἡγούμενος
677 905 819 942 Oeonas-„ei
874 901 929 937 Qui
944 902 1047 930 faciunt
1064 902 1285 940 comparationes,
1298 901 1344 930 illa
1361 901 1448 940 magis
1461 901 1576 935 elevant,
1592 906 1622 928 ut

42 949 131 984 (Θεοῦ
144 948 195 988 γὰρ
209 949 289 988 ἔργα,
302 949 347 977 καὶ
362 951 408 984 τῆς
426 950 504 978 αὐτοῦ
518 949 652 987 δυνάμεως
664 950 818 985 indeuia&
873 949 930 978 hsce
944 948 1085 977 ostendant
1097 949 1184 976 multo
1199 959 1254 977 esse
1266 948 1368 987 majora
1384 960 1390 975 ε
1405 958 1453 986 ego
1467 954 1556 976 autem
1571 947 1621 975 mi-

42 993 113 1032 ὅμως
126 994 264 1034 καὶταύτῃ
280 995 417 1035 κρείττονα
431 996 476 1024 καὶ
492 996 698 1035 Θαυμασιώτερα
707 996 740 1024 τὰ
752 997 818 1034 ἠμέ-
828 1016 863 1035 295
874 995 971 1023 rabilia
993 1001 1017 1023 et
1037 994 1083 1022 illa
1099 1005 1155 1022 esse
1173 1001 1250 1033 puto,
1275 1001 1368 1033 utpote
1387 994 1438 1022 Dei
1452 1004 1544 1033 opera,
1560 1003 1620 1031 quse

41 1051 105 1080 τερα
120 1040 249 1079 δείκνυμι.
277 1042 365 1080 Διπλῇ
389 1041 441 1082 γὰρ
457 1042 576 1080 μεγάλα·
601 1042 642 1070 ὅτι
656 1054 685 1070 τε
705 1042 818 1081 λαμπρὰ
837 1045 855 1065 Α
873 1048 1032 1081 potestatem
1050 1041 1108 1080 ejus
1127 1041 1283 1077 ostendan13
1300 1048 1390 1069 tamen
1406 1041 1450 1070 vel
1471 1042 1509 1069 sic
1530 1047 1621 1068 nostra

43 1086 88 1114 καὶ
99 1086 139 1115 ὅτι
150 1086 256 1125 μείζονα
267 1088 330 1116 ὄντα
339 1110 346 1124 ,
359 1089 504 1127 εὐπρόσιτα
517 1088 618 1126 μᾶλλόν
629 1089 686 1116 ἐστι
697 1088 742 1117 καὶ
754 1091 819 1126 ἡμε-
873 1087 1058 1126 praestantiora
1083 1093 1108 1115 et
1132 1086 1301 1114 mirabiliora
1315 1087 1436 1116 ostendo.
1453 1088 1522 1116 Sunt
1550 1087 1622 1114 cuim

45 1132 157 1173 ρώτερα.
175 1135 262 1163 Τοῦτο
285 1134 330 1163 καὶ
345 1137 370 1164 ἐν
388 1137 420 1174 τῇ
436 1135 502 1174 πρὸς
524 1135 676 1174 Κορινθίους
691 1137 818 1174 ἐπιστολῇ
872 1134 1019 1173 dupliciter
1039 1143 1136 1171 magna
1151 1144 1156 1160 :
1170 1132 1244 1171 quod
1267 1143 1329 1162 cum
1346 1133 1399 1161 sint
1415 1141 1441 1162 et
1457 1134 1585 1172 praeclara
1597 1139 1622 1161 et

45 1179 151 1218 γράφων
176 1180 241 1219 φησί
253 1191 258 1197 ·
275 1180 368 1219 Ἡμεῖς
382 1181 409 1210 δὲ
424 1181 668 1220 ἀνακεκαλυμμένῳ
683 1181 818 1221 προσιίιπῳ
872 1181 974 1220 majora
984 1203 991 1216 ‚
1004 1179 1040 1208 ad
1055 1190 1084 1208 ea
1099 1189 1206 1218 quoque
1220 1179 1326 1208 facilior
1340 1186 1429 1218 pateat
1443 1180 1546 1208 aditus.
1566 1179 1621 1208 Hoc

45 1225 95 1259 τὴν
109 1224 183 1258 δόξαν
196 1226 292 1266 Κυρίου
308 1227 536 1267 κατοπτριζόμεθα
547 1250 554 1264 ,
570 1228 614 1256 καὶ
630 1229 679 1267 οὐχ
689 1230 725 1261 ὡς
737 1229 818 1257 Musu-
872 1227 952 1255 etiam
976 1226 1043 1255 dicit
1064 1226 1184 1254 scribens
1207 1225 1234 1254 in
1254 1225 1378 1265 Epistola
1397 1226 1433 1254 ad
1453 1226 1618 1263 Corinthios,

46 1273 94 1305 σῆς
107 1270 186 1299 ἐτίθει
200 1271 328 1310 κάλυμμα
342 1274 386 1301 ἐπὶ
399 1274 540 1313 πρόσωπον
554 1276 641 1304 αὐτοῦ.
658 1276 717 1304 Οὐκ
732 1274 817 1309 ἦξιώ-
871 1275 933 1302 ,Nos
947 1273 1080 1302 revelata
1093 1273 1180 1312 facie
1199 1273 1326 1312 gloriam
1342 1273 1466 1300 Domini
1486 1273 1620 1311 specula—

45 1319 138 1352 θησαν,
153 1317 241 1356 φησὶν,
257 1314 292 1346 ὧν
307 1320 383 1356 ἡμεῖς
396 1320 579 1353 ἐκεῖνοι.Τίνος
591 1320 642 1360 γὰρ
653 1320 817 1356 κατηξιώθη-
872 1331 938 1349 mur
946 1332 957 1354 ,-
969 1326 994 1348 et
1005 1330 1058 1348 non
1069 1319 1138 1348 sicut
1154 1320 1263 1358 Moyses
1278 1319 1394 1358 ponebat
1405 1319 1527 1347 velamen
1539 1329 1620 1358 super

45 1373 109 1398 ⁶²V3
125 1362 216 1396 σκότος
232 1359 308 1400 εἶδον,
328 1365 432 1404 γνόφου,
443 1368 531 1404 φωνῆς
543 1366 670 1400 ἤκουσαν.
680 1367 761 1396 Ἀλλὰ
772 1367 817 1396 καὶ
871 1366 966 1395 faciem
977 1376 1062 1395 suam.
1075 1366 1136 1394 Non
1147 1365 1252 1404 dignati
1264 1371 1336 1401 sunt,
1347 1365 1447 1403 inquit,
1462 1364 1503 1392 illi
1517 1364 1551 1392 iis
1561 1364 1620 1403 qui-

44 1408 76 1437 σὺ
90 1411 177 1448 φωνῆς
186 1409 302 1445 ἤκουσας
314 1434 321 1447 ,
337 1412 366 1440 οὐ
382 1410 425 1440 διὰ
441 1412 546 1450 γνόφου,
559 1412 627 1440 ἀλλὰ
641 1413 684 1441 διὰ
699 1413 795 1452 σαρκός
808 1425 814 1430 ·
870 1412 922 1441 bus
935 1423 983 1441 nos
998 1411 1103 1451 dignati
1118 1422 1219 1440 sumus.
1234 1412 1359 1447 Quanam
1376 1411 1447 1439 enim
1460 1422 1488 1439 re
1502 1417 1564 1439 sunt
1578 1410 1621 1439 di-

45 1455 74 1482 οὗ
89 1455 263 1495 διεταράχθης
287 1456 344 1485 οὐδὲ
368 1456 569 1495 διεθορυῧήθης,
591 1457 659 1486 ἀλλὰ
681 1459 725 1487 καὶ
741 1458 819 1494 ἔστης
873 1458 969 1497 gnati?
983 1458 1105 1487 tenebras
1126 1457 1256 1487 viderunt
1268 1480 1276 1495 ,
1301 1457 1459 1496 caliginem,
1476 1457 1621 1486 audierunt

46 1501 91 1529 καὶ
103 1502 239 1541 διελέχθης
252 1504 290 1542 τῷ
306 1503 412 1542 μεσίτῃ.
427 1502 527 1536 Ἄλλως
542 1504 568 1532 δὲ
580 1527 587 1539 ,
603 1504 648 1532 καὶ
664 1504 694 1533 τὸ
709 1504 819 1544 ἀόρατον
838 1513 856 1535 Β
874 1515 976 1533 vocem.
996 1504 1052 1533 Sed
1075 1511 1106 1533 tu
1129 1515 1235 1543 quoque
1257 1515 1353 1533 vocem
1373 1503 1484 1539 audisti,
1505 1514 1556 1532 non
1574 1514 1622 1543 per

47 1547 161 1577 δείκνυσι
172 1548 215 1576 διὰ
227 1552 271 1577 τοῦ
282 1549 390 1581 σκότους
399 1559 405 1565 ·
420 1550 472 1578 Καὶ
485 1550 588 1589 γνόφος,
599 1551 688 1589 φησιν,
702 1550 753 1579 ὑπὸ
763 1551 822 1584 τοὺς
876 1549 1079 1589 caliginem‚sed
1087 1561 1135 1590 per
1145 1560 1251 1579 carnem
1266 1561 1272 1577 :
1288 1560 1341 1579 non
1356 1549 1430 1578 fuisti
1448 1549 1621 1589 perturbatus

46 1593 130 1627 πόδας
142 1596 230 1623 αὐτοῦ.
242 1595 312 1624 Τότε
321 1596 366 1624 καὶ
378 1597 494 1630 Μωυσῆς
507 1596 600 1630 ἔδεισε,
612 1597 668 1625 νυνὶ
680 1597 708 1626 δὲ
723 1597 820 1630 οὐδείς·
874 1608 960 1636 neque
980 1598 1100 1627 tumultu
1114 1598 1232 1637 agitatus
1248 1620 1256 1635 ‚
1267 1598 1314 1627 sed
1330 1604 1356 1626 et
1370 1598 1467 1627 stetisti
1483 1605 1508 1626 et
1522 1597 1622 1636 loquu-

47 1639 120 1668 κάτω
135 1640 253 1675 εἱστήκει
264 1644 277 1670 ὁ
289 1641 351 1674 λαὸς
365 1642 423 1670 τότε
433 1664 439 1676 ,
455 1644 532 1680 ἡμεῖς
544 1642 571 1671 δὲ
584 1644 632 1672 οὐκ
644 1643 723 1681 ἐσμὲν
739 1643 822 1679 κάτω,
877 1651 920 1673 tus
939 1655 966 1673 es
987 1655 1047 1673 cum
1070 1645 1252 1674 intercessore.
1268 1645 1377 1683 Alioqui
1393 1652 1419 1673 et
1434 1644 1463 1673 id
1478 1644 1550 1682 quod
1568 1655 1621 1673 non

46 1686 114 1715 ἀλλὰ
125 1689 170 1716 τοῦ
183 1688 293 1726 οὐρανοῦ
304 1688 428 1728 ἀνώτεροι
440 1712 447 1724 ,
464 1688 539 1727 ἐγγὺς
555 1692 599 1717 τοῦ
618 1691 689 1718 Θεοῦ
704 1692 739 1722 ὡς
755 1690 805 1719 υἱοὶ
814 1712 821 1725 ,
877 1690 949 1719 cadit
963 1691 1014 1719 sub
1026 1698 1165 1730 aspectum
1176 1691 1293 1719 ostendit
1302 1702 1350 1731 per
1364 1691 1485 1720 tenebras
1500 1703 1506 1718 :
1519 1692 1546 1720 Ε
1550 1698 1559 1719 t
1573 1702 1621 1720 ca-

48 1732 106 1761 ἀλλ’
122 1734 171 1771 οὐχ
191 1735 225 1766 ὡς
241 1734 365 1768 Minoo-7733.
384 1734 459 1763 Ἐκεῖ
482 1735 580 1773 ἔρημος
593 1731 635 1770 ἦν,
650 1737 762 1764 ἐνταῦθα
775 1737 823 1764 πό·
879 1737 946 1775 ligo,
956 1736 1055 1774 inquit,
1066 1738 1118 1765 sub
1126 1738 1248 1775 pedibus
1263 1739 1334 1776 ejus.
1346 1737 1425 1766 Tunc
1437 1737 1519 1766 etiam
1531 1737 1622 1766 timuit

473 1845 648 1875 MUTIANO
670 1846 924 1876 SCHOLASTICO
946 1846 1198 1876 INTERPRETE.

49 1936 85 1965 Et
99 1938 196 1972 Moses,
208 1936 307 1975 inquit,
324 1937 500 1976 loquebatur;
516 1939 590 1966 Deus
601 1945 689 1967 autem
706 1938 882 1978 respondebat
894 1938 927 1968 ei.
937 1938 1086 1978 Oportebat
1101 1938 1201 1978 quippe
1211 1946 1236 1968 et
1250 1938 1371 1968 divinam
1388 1940 1501 1979 proferri
1517 1951 1621 1972 vocem.

50 1984 179 2022 quoniam
196 1991 221 2013 et
234 1995 282 2024 per
295 1985 388 2014 Mosen
403 1985 470 2024 legis
484 1993 559 2014 erant
581 1985 671 2015 danda
689 1993 821 2026 praecepta
834 1999 839 2014 :
853 1993 993 2026 propterea
1009 1986 1090 2015 etiam
1109 1997 1175 2015 voce
1193 1986 1287 2015 divina
1304 1986 1358 2015 fide
1379 1986 1479 2026 dignus
1495 1987 1620 2017 efficitur.

50 2031 152 2061 Videre
166 2042 282 2071 namque
296 2043 357 2061 cum
373 2043 425 2061 non
441 2040 562 2072 poterant
572 2040 682 2073 propter
690 2034 848 2073 caliginem3
860 2034 955 2063 audire
965 2044 1018 2062 non
1030 2040 1270 2074 poterantpropter
1279 2033 1434 2062 tenuitatem
1445 2035 1517 2063 vocis
1529 2035 1622 2074 ipsius.

51 2079 128 2116 Quid
140 2089 203 2118 ergo
213 2080 314 2108 factum
327 2080 385 2109 est?
396 2081 468 2109 Deus
483 2091 580 2119 magna
594 2091 660 2109 voce
674 2080 820 2120 respondit.
834 2082 907 2110 ”Ec
923 2088 1140 2119 recusaverunt,
1151 2081 1250 2120 inquit,
1267 2092 1303 2109 ne
1317 2081 1495 2120 adjiceretur
1505 2084 1545 2110 eis
1556 2093 1622 2111 ver-

50 2127 129 2154 bum.
142 2126 185 2155 Ab
198 2127 256 2165 ipso
271 2137 386 2164 namque
402 2127 478 2156 initio
490 2126 541 2167 ipsi
559 2138 638 2156 causa
650 2127 688 2156 rei
703 2127 785 2167 hujus
797 2127 884 2156 effecti
899 2134 972 2163 sunt,
989 2134 1018 2156 ut
1031 2129 1104 2156 Deus
1118 2134 1258 2167 appareret
1276 2127 1303 2155 in
1318 2137 1405 2156 carne.
1417 2128 1456 2156 Ει
1472 2128 1621 2167 loquatur,

49 2173 147 2212 inquit,
161 2176 244 2204 nobis
258 2176 357 2204 Moses
367 2197 374 2211 ‚
390 2181 418 2203 ec
433 2185 492 2203 non
507 2176 645 2215 loquatur
661 2177 743 2204 nobis
757 2177 846 2204 Deus.
862 2175 917 2211 Qui
933 2175 1144 2215 comparationes
1154 2175 1275 2211 faciunt,
1288 2174 1398 2203 alteram
1412 2181 1516 2213 partem
1532 2174 1622 2214 depri-

48 2227 143 2257 munt,
158 2228 187 2250 ut
202 2232 243 2250 res
257 2222 368 2251 alterius
383 2222 468 2262 partis
481 2222 616 2251 emineant
630 2235 636 2250 :
650 2223 689 2252 sic
705 2229 729 2251 ct
744 2223 789 2251 hie
803 2234 837 2252 ex
853 2222 1054 2262 comparatione
1068 2222 1178 2251 illorum
1193 2228 1282 2250 nostra
1298 2223 1401 2262 majora
1415 2222 1585 2251 declarantur
1598 2231 1623 2252 et

49 2267 160 2297 meliora
172 2275 198 2297 et
213 2269 404 2305 mansuetiora,
418 2275 444 2298 et
458 2268 667 2298 admirationum
682 2269 849 2309 plenissima.
869 2269 1023 2309 Dupliciter
1036 2279 1153 2308 namque
1166 2268 1278 2297 meliora
1291 2276 1364 2305 sunt,
1378 2269 1506 2307 quoniam
1522 2276 1546 2298 et
1564 2280 1623 2298 ma-

45 2316 107 2355 jora
127 2315 208 2344 simul
222 2323 248 2344 et
258 2315 370 2344 clariora
389 2323 451 2345 sunt
465 2327 471 2342 ε
486 2315 557 2344 unde
577 2316 774 2345 accessibiliora
795 2316 921 2356 pluribus
938 2316 1108 2345 exstiterunt.
1126 2316 1185 2344 Hoc
1197 2317 1298 2355 quippe
1311 2316 1391 2344 etiam
1409 2316 1436 2344 in
1450 2316 1573 2356 Epistola
1587 2317 1623 2346 ad

49 2363 203 2392 Corinthios
217 2364 344 2401 scribens,
359 2363 426 2393 dicit
439 2376 444 2391 ε
456 2365 690 2403 Revelatasacie
700 2365 828 2404 gloriam
841 2365 964 2394 Domini
975 2364 1158 2403 speculantes
1169 2376 1177 2391 .-
1190 2370 1214 2392 et
1226 2374 1277 2392 non
1292 2364 1361 2392 sicut
1377 2364 1466 2392 Moses
1480 2376 1486 2391 :
1501 2364 1622 2394 velamen

49 2411 122 2440 euim
143 2411 258 2451 ponebat
277 2422 357 2451 super
380 2412 474 2440 faciem
495 2423 582 2441 suam.
598 2413 658 2441 Non
673 2420 840 2450 meruerunt,
854 2412 953 2451 inquit,
965 2412 1006 2440 illi
1022 2411 1086 2441 talia
1101 2411 1246 2451 percipere,
1259 2411 1350 2449 qualia
1372 2411 1449 2440 nobis
1471 2412 1622 2442 contributa

51 2465 205 2488 noscuntur.
220 2459 295 2496 Quid
311 2460 382 2488 enim
398 2459 438 2488 illi
455 2459 547 2489 videre
558 2461 735 2489 meruerunt?
744 2461 881 2490 Tenebras
891 2467 916 2489 et
925 2459 1078 2499 caliginem.
1091 2459 1242 2488 Audierunt
1258 2458 1368 2497 quidem
1379 2466 1404 2488 et
1418 2470 1511 2489 vocem
1524 2472 1530 2487 :
1541 2460 1587 2489 sed
1597 2468 1622 2489 et

52 2511 82 2532 tu
94 2505 194 2534 audisti
208 2516 312 2543 vocem,
325 2517 377 2535 non
392 2518 439 2546 per
455 2507 581 2535 nebulam
595 2507 756 2543 venientem,
769 2508 815 2536 sed
829 2518 876 2547 per
889 2517 996 2535 carnem
1011 2506 1121 2535 Christi.
1138 2506 1197 2534 Non
1213 2516 1239 2534 es
1252 2506 1443 2540 tumultuatus,
1457 2516 1543 2544 neque
1558 2517 1622 2546 per·

53 2551 174 2582 turbatus
185 2576 195 2591 ,
209 2553 256 2582 sed
278 2554 393 2590 stetisti,
409 2561 434 2583 et
450 2554 619 2593 colloquutus
634 2565 660 2583 es
677 2554 828 2583 mediatori.
844 2553 1006 2593 Significant
1023 2553 1104 2582 etiam
1124 2552 1241 2581 tenebrae
1263 2552 1479 2581 invisibilitatem
1494 2554 1544 2582 Dei
1558 2565 1564 2581 :
1580 2555 1621 2583 Ec

56 2599 171 2637 nebula,
187 2600 286 2639 inquit,
305 2603 356 2630 sub
375 2602 495 2640 pedibus
516 2603 588 2640 ejus.
604 2601 683 2630 Tunc
697 2611 760 2640 ergo
775 2603 863 2631 Moses
878 2601 986 2638 timuit,
999 2611 1069 2630 nunc
1084 2607 1173 2629 autem
1188 2599 1284 2628 metuit
1301 2599 1391 2629 nullus
1404 2611 1410 2627 t
1426 2607 1451 2629 et
1467 2607 1531 2629 tunc
1545 2600 1621 2640 plebs

1632 1280 1643 1294 2
1669 1273 1720 1296 Cor.
1735 1274 1758 1295 3.

1636 1306 1670 1327 18.

1634 1695 1700 1717 Psal.
1717 1701 1752 1722 17.

1637 1732 1670 1746 10.
