1906 2846
0 2629 3 2640 ι

8 2643 9 2651 i

381 95 510 119 ECLOGA
540 96 583 118 DE
613 96 741 119 SALUTE
768 82 928 120 FRATRUM
955 98 1137 129 effluunt,
1168 98 1288 121 nomn„
1318 98 1374 121 XL.

1593 87 1663 134 057

376 301 503 330 ΛΟΓΟΣ
524 300 563 338 μ’.

87 391 156 431 Περὶ
174 394 220 420 τοῦ
232 415 240 427 ,
257 391 298 420 ὅτι
312 393 350 421 δεῖ
362 391 450 421 πάντα
465 397 548 421 ποιεῖν
565 393 610 421 καὶ
626 393 857 432 πραγματεύεσθαι

126 437 192 476 ὑπὲρ
211 439 258 472 τῆς
281 438 413 477 σωτηρίας
433 440 485 466 τῶν
503 439 623 477 ἀδελφῶν
645 441 738 477 ἡμῶν
756 440 800 467 καὶ
817 439 856 468 ὅτι

127 483 195 521 μέγα
211 483 308 521 ἀγαθὸν
319 505 326 519 ,
341 484 371 512 τὸ
387 488 533 523 συγχωρεῖν
549 489 602 516 τοῖς
619 485 654 517 εἰς
672 487 745 522 ἡμᾶς
760 487 856 522 πλημ-

125 530 233 566 μελοῦσι
245 528 278 557 τὰ
292 529 474 568 ἁμαρτήματα
485 537 490 542 ”
507 532 585 558 τοῦτο
600 529 627 558 δὲ
646 532 732 568 μεῖζον
746 532 855 569 ἐλεημο-

125 574 204 609 σύνης
219 575 298 603 ἐστίν.

116 667 214 697 “Οὗδὲν
230 669 281 696 τῶν
295 668 522 707 ἕπιτυγχανόντων
538 670 585 703 τ’ἧς
601 668 735 707 βασιλείας
746 671 797 697 τῶν
811 670 855 698 οὔ-

85 716 169 754 ρανῶν
180 714 390 754 μακαριώτερον,
405 715 512 753 ἀδελφοὶ
523 737 530 750 ‚
546 714 634 754 ὥσπερ
651 716 708 744 οὐδὲ
722 717 774 744 τῶν
786 718 854 745 ἀπο-

81 761 264 799 τυγχανόντων
280 760 446 799 ἀθλιώτερον,
471 762 504 790 Εἴ
520 761 570 800 γὰρ
586 762 708 800 πατρίδος
723 774 762 794 τις
777 762 854 791 ε’κΕῗε-

84 805 215 844 ῧλημένος
241 807 292 835 ὑπὸ
317 807 423 835 πάντων
447 808 558 835 ε’λεεῖται
575 830 582 843 ,
605 807 649 836 καὶ
675 809 853 847 κληρονομίαν

83 852 223 887 ἀπολέσας,
239 853 310 881 δοκεῖ
325 853 398 891 παρὰ
413 858 492 881 πᾶσιν
505 853 616 886 ἐλεεινὸς
628 849 694 881 εἶναι
704 865 710 870 ·
725 857 738 882 ὁ
753 858 798 883 τοῦ
809 856 854 883 οὖ-

83 901 161 936 ρανοῦ
177 898 311 927 ἐκπίπτων
331 899 377 927 καὶ
396 901 447 928 τῶν
463 899 644 936 ἀποκειμένων
665 902 770 937 ἀγαθῶν
786 902 854 935 ἐκεῖ,

81 943 171 976 πόσοις
190 945 288 983 ὀφείλει
304 945 416 982 δάκρυσι
435 944 614 983 δακρύεσθαι;
631 947 730 982 μᾶλλον
752 945 779 974 δὲ
796 947 854 975 οὐδὲ

81 989 253 1029 δακρύεσθαι;
267 990 408 1028 δακρύεται
423 990 474 1028 γάρ
490 1001 545 1024 τις,
562 990 624 1018 ὅταν
639 1003 665 1019 τι
676 992 746 1030 πάθῃ
759 988 795 1020 ὧν
807 995 854 1021 οὐκ

81 1035 158 1068 αὐτός
173 1037 243 1064 ἐστιν
263 1036 355 1068 αἴτιος.
373 1035 460 1064 εΌταν
478 1035 505 1065 δὲ
518 1035 545 1068 ἐξ
557 1036 654 1068 οἰκείας
666 1037 774 1075 γνώμης
791 1040 854 1066 ἑαυ-

79 1082 122 1111 τὸν
137 1081 276 1122 περιπείρῃ
292 1085 324 1119 τῇ
344 1082 426 1121 κακίᾳ
440 1105 447 1117 ‚
468 1082 526 1111 οὐδὲ
549 1082 687 1122 δακρύων,
704 1084 772 1112 ἀλλὰ
791 1084 854 1123 θρή-

78 1140 129 1157 νων
142 1128 216 1157 ἔσται
235 1127 304 1161 ἄξιος
315 1139 321 1144 ·
346 1130 446 1167 μᾶλλον
459 1128 486 1157 δὲ
505 1128 549 1157 καὶ
564 1129 622 1157 τότε
639 1129 757 1162 πένθους.
775 1131 853 1159 Ἐπεὶ

77 1174 123 1203 καὶ
135 1177 148 1203 ὁ
160 1174 257 1214 Κύριος
268 1177 345 1211 ἡμῶν
361 1175 462 1210 Ἰησοῦς
475 1175 590 1214 Χριστὸς
602 1174 649 1210 τὴν
668 1174 853 1214 Ἰερουσαλὴμ,

77 1220 165 1249 καίτοι
179 1220 325 1250 ἀσεὸοῦσαν
338 1243 346 1257 ‚
369 1221 495 1256 ἐπένθησε
517 1221 562 1250 καὶ
579 1221 729 1260 ἐδάκρυσεν.
750 1221 854 1255 Ὄντως

79 1266 179 1305 μυρίων
204 1267 326 1306 ὀδυρμῶν
350 1266 417 1300 ἄξιοί
437 1269 515 1305 ἐσμεν
529 1290 536 1303 ,
557 1267 655 1306 μυρίων
672 1268 790 1308 θρήνων,
809 1269 853 1297 ἐὰν

77 1318 152 1341 πᾶσα
178 1315 194 1347 ἡ
212 1313 353 1350 οἰκουμένη
375 1313 495 1342 λαὸοὖσα
521 1314 609 1352 φωνὴν
623 1336 630 1350 ,
655 1314 699 1342 καὶ
721 1315 788 1344 λίθοι
809 1315 854 1343 καὶ

79 1358 140 1392 ξύλα
153 1359 198 1388 καὶ
213 1359 306 1398 δένδρα
321 1359 366 1388 καὶ
382 1359 460 1399 θηρία
475 1359 519 1388 καὶ
539 1360 608 1398 ὄρνις
621 1360 665 1388 καὶ
682 1360 767 1399 ἰχθύες
782 1383 789 1396 ,
808 1361 853 1390 καὶ

77 1405 169 1438 ἁπλῶς
182 1410 256 1433 πᾶσα
272 1408 288 1440 ἡ
307 1405 446 1442 οἰκουμένη
458 1428 466 1441 ,
479 1405 523 1434 ἐὰν
538 1406 655 1435 λαὸοῧσα
666 1405 768 1445 φωνὴν,
782 1409 853 1444 ἡμᾶς

77 1450 201 1489 ὀδύρηται
221 1449 281 1483 τοὺς
295 1451 501 1484 ἐκπεπτωκότας
521 1454 572 1480 τῶν
599 1453 704 1489 ἀγαθῶν
727 1452 851 1488 ἐκείνων,

76 1496 149 1526 οὐδὲν
164 1498 223 1526 κατ’
238 1497 313 1530 ἀξίαν
325 1498 474 1535 ὀδυρεῖται,
489 1498 546 1527 οὐδὲ
560 1498 693 1537 θρηνήσει.
710 1499 790 1531 Ποῖος
801 1499 852 1539 γὰρ

75 1543 151 1582 λόγος
166 1546 339 1582 παραστῆσαι
355 1544 509 1580 δυνήσεται,
526 1549 600 1576 ποῖος
617 1548 674 1577 νοῦς
691 1544 792 1580 ἐκείνην
803 1545 851 1581 τὴν

77 1588 263 1628 μακαριότητα
275 1612 283 1625 ,
297 1589 342 1618 καὶ
357 1588 404 1624 τὴν
423 1590 518 1629 ἀρετὴν
531 1590 635 1625 ἐκείνην
647 1613 654 1626 ,
669 1590 716 1626 τὴν
737 1591 832 1626 ἡδονὴν
843 1614 851 1628 ,

74 1635 123 1671 τὴν
143 1635 235 1670 δόξαν,
260 1635 306 1670 τὴν
336 1637 495 1675 εὐφροσύνην
509 1659 516 1672 ,
542 1636 590 1671 τὴν
609 1636 806 1675 λαμπρότητα;
820 1636 852 1666 Ἃ

75 1681 209 1721 ὀφθαλμὸς
228 1683 275 1711 οὐκ
303 1677 373 1717 εἶδε,
395 1682 439 1710 καὶ
464 1678 507 1715 οἷς
531 1684 577 1712 οὐκ
597 1682 713 1719 ἤκουσε,
740 1683 785 1711 καὶ
809 1683 852 1712 ἐπὶ

74 1727 185 1766 καρδίαν
203 1727 341 1767 ἀνθρώπου
356 1728 402 1756 οὐκ
415 1728 513 1763 ἀνέέη;
529 1730 588 1758 Οὐκ.
607 1724 697 1763 εἶπεν,
715 1729 755 1757 ὅτι
771 1731 852 1769 ὑπερ-

75 1773 159 1802 ὅαίνει
171 1774 270 1810 ἁπλῶς,
287 1775 346 1802 ἀλλ’
357 1797 364 1810 ,
381 1774 437 1803 οὐδὲ
451 1774 572 1809 ἐνενόησέ
586 1774 650 1804 ποτέ
664 1787 703 1808 τις
714 1797 721 1809 ,
736 1774 768 1804 Ἃ
779 1776 852 1810 ἡτοί-

76 1831 158 1858 μασεν
182 1823 196 1849 ὁ
217 1820 285 1852 Θεὸς
303 1824 357 1852 τοῖς
378 1821 516 1859 ἀγαπῶσιν
539 1821 625 1850 αὐτόν.
646 1817 700 1850 ῗΩν
715 1821 766 1862 γὰρ
781 1823 852 1850 ἑτοι-

75 1865 179 1904 μαστὴς
201 1866 246 1894 καὶ
275 1866 498 1905 παρασκευαστὴς
522 1869 535 1896 ὁ
555 1867 622 1899 Θεὸς
643 1869 747 1905 ἀγαθῶν
760 1891 768 1903 ,
787 1873 852 1897 ποῖα

75 1912 146 1944 εἰκὸς
161 1907 227 1940 εἶναι
240 1915 342 1948 ταῦτα;
356 1913 389 1941 Εἰ
403 1912 455 1951 γὰρ
469 1912 582 1947 ποιήσας
595 1915 666 1951 ἡμᾶς
681 1913 793 1949 εὐθέως,
809 1916 851 1943 οὐ-

76 1957 147 1991 δενὸς
161 1960 224 1997 παρ’
239 1959 315 1996 ἡμῶν
335 1958 558 1997 προῦπηργμένου
569 1981 578 1994 ,
593 1962 709 1987 τοσαῦτα
722 1959 851 1999 ἐχαρίσα-

73 2013 119 2038 το,
136 2002 295 2042 παράδεισον
310 2025 318 2038 ,
331 2001 436 2040 ὁμιλίαν
455 2002 502 2038 τὴν
521 2004 578 2040 μετ’
597 2004 689 2039 αὐτοῦ,
705 2005 850 2034 ἀθανασίαν

75 2048 222 2087 ὑπέσχετο,
236 2049 291 2087 βίον
307 2048 436 2088 μακάριον
454 2049 499 2077 καὶ
514 2049 658 2088 φροντίδων
678 2051 850 2090 ἀπηλλαγμέ-

72 2104 115 2121 νον
128 2103 134 2109 ”
150 2097 204 2126 τοῖς
217 2096 333 2122 τοσαῦτα
344 2092 508 2129 πεπονηκόσι
523 2093 568 2121 καὶ
583 2094 713 2128 ἠθληκόσι
727 2095 773 2123 καὶ
783 2095 850 2134 ὑπὲρ

74 2139 152 2168 αὐτοῦ
169 2139 327 2177 ὑπομείνασι
347 2139 373 2167 τί
391 2140 419 2167 οὐ
443 2143 594 2178 χαριεῖται;
610 2140 665 2168 Τοῦ
685 2141 847 2179 Μονογενοῧς

72 2186 121 2214 οὐκ
136 2184 259 2224 ἐφείσατο
273 2186 306 2214 δι’
318 2187 390 2223 ἡμᾶς
402 2207 410 2220 ,
432 2186 475 2214 τὸν
489 2185 553 2215 Υἱὸν
569 2186 613 2214 τὸν
627 2186 732 2224 γνήσιον
749 2189 784 2220 εἷς
804 2188 849 2216 θοί-

72 2242 148 2260 νατον
165 2231 246 2260 ἔδωκε
261 2232 295 2260 δι’
311 2233 382 2269 ἡμᾶς
397 2231 504 2271 ἐχθροὺς
524 2232 599 2265 ὄντας
612 2244 618 2250 ’
639 2232 707 2266 τίνος
722 2235 750 2262 οὗ
764 2246 847 2264 κατα-

873 675 891 698 C

857 2261 892 2279 731

73 2276 161 2309 ξιώσει
175 2277 327 2316 γενομένους
342 2277 449 2316 φίλους
467 2278 535 2310 τίνος
559 2280 587 2307 οὐ
611 2278 775 2317 μεταδώσει,
796 2292 848 2309 κα·
865 2291 884 2311 Α

72 2322 203 2356 ταλλοίξας
216 2326 318 2363 ἑαυτῷ;
331 2324 384 2353 Καὶ
396 2324 520 2357 πλούσιός
534 2326 588 2353 ἐστι
603 2324 702 2365 σφόδρα
717 2326 761 2355 καὶ
776 2327 848 2356 ἄπει-

74 2381 130 2408 ρος,
147 2369 192 2398 καὶ
214 2371 335 2408 ἐπιθυμεῖ
350 2370 395 2398 καὶ
421 2370 561 2404 σπούδαζει
583 2373 630 2406 τῆς
652 2372 784 2412 ἡμετέρας
805 2386 847 2412 φι-

72 2415 130 2449 ὶίας
151 2421 238 2455 τυχεῖν
250 2428 255 2433 ·
270 2418 347 2454 ἡμεῖς
367 2415 393 2444 δὲ
410 2417 438 2445 οὐ
462 2416 642 2455 σπουδάζομεν
665 2417 760 2455 οὕτως,
777 2420 845 2458 ἀγα-

1165 303 1323 332 HOMILIA
1345 304 1405 333 XL.

916 395 1002 432 Quod
1014 402 1144 434 oporteat
1159 398 1367 437 omniasacere
1380 405 1408 427 et
1421 402 1536 438 operari
1545 411 1599 440 pro
1611 412 1658 431 ,ςα-

952 442 1012 470 lute
1027 443 1157 480 fratrum
1170 451 1350 479 nostrorum,
1373 448 1507 486 quodque
1522 459 1658 487 magnum

952 489 1060 516 bonum
1074 491 1111 517 sit
1127 496 1231 518 contra
1245 501 1296 518 nos
1310 492 1440 520 admissa
1457 501 1576 531 peccata
1588 505 1659 523 con·-

951 533 1081 570 donaoe,
1103 541 1131 563 et
1145 536 1225 573 quod
1238 536 1270 563 id
1290 539 1386 576 majus
1406 539 1593 577 eleemosyna
1606 543 1654 570 sit.

953 663 1029 692 Nihil
1050 664 1153 693 felicius
1171 665 1204 694 iis
1221 666 1268 704 qui
1286 677 1401 705 regnum
1419 668 1547 697 caelorum
1568 680 1656 698 conse-

1667 312 1717 332 sav.
1732 316 1748 332 t.
1760 318 1810 340 7,p.

1667 348 1722 371 900.

1675 682 1711 705 ΕΚ
1723 682 1809 703 Homit.

912 717 1045 747 quuntur‚
1067 711 1179 748 fratres,
1205 719 1235 740 ut
1260 713 1328 741 nihil
1349 714 1527 743 miserabilius
1550 716 1583 744 iis
1609 717 1655 754 qui
1669 715 1809 741 ²1³¹¹¹EP⁴⁸¹·

912 756 981 785 illud
1004 757 1140 788 amittunt.
1166 759 1194 787 Si
1217 759 1287 787 enim
1310 759 1370 797 quis
1393 771 1408 788 a
1431 761 1518 799 patria
1538 763 1630 800 pulsus
1646 786 1652 798 ‚
1667 746 1809 804 issulilz'ffh

1785 777 1809 803 4.

913 804 1034 832 omnium
1049 805 1306 834 commiserationem
1322 813 1428 843 movet,
1447 814 1473 835 et
1486 808 1531 846 qui
1549 808 1654 837 heredi-
1668 808 1701 834 Β]

913 857 993 878 tatem
1014 851 1122 887 amisit,
1149 851 1276 880 omnibus
1295 852 1375 880 miser
1393 863 1449 881 csse
1465 854 1575 883 videtur
1589 866 1595 883 :
1609 857 1657 894 qui

913 906 927 924 e
947 897 1012 924 caelo
1033 903 1058 925 et
1077 908 1111 925 cx
1132 897 1209 925 honis
1231 898 1287 926 illic
1306 899 1431 937 repositis
1456 900 1572 936 excidit,
1592 910 1658 939 quot

912 942 1042 982 lacrymis
1054 943 1145 982 plangi
1158 943 1254 972 debet?
1264 944 1318 972 imo
1331 954 1382 973 non
1395 946 1504 984 plangi3
1518 947 1657 986 plangitur

912 990 983 1017 enim
999 989 1061 1027 quis
1072 1012 1079 1025 ‚
1098 1000 1158 1017 cum
1178 989 1243 1028 quid
1262 990 1381 1029 patitur,
1396 993 1473 1030 cujus
1487 992 1543 1032 ipse
1559 1003 1610 1022 non
1628 993 1655 1022 in

911 1045 990 1063 causa
1008 1041 1060 1069 est;
1086 1045 1148 1063 cum
1169 1043 1257 1064 autem
1272 1046 1305 1064 ex
1320 1037 1429 1076 propria
1452 1039 1590 1068 voluntate
1609 1050 1655 1068 sc—

912 1081 999 1120 ipsum
1019 1080 1046 1108 iu
1069 1081 1215 1119 nequitiam
1232 1083 1362 1121 conjecit,
1382 1094 1434 1112 nou
1449 1084 1594 1124 lacrymis,
1609 1085 1656 1114 scd

910 1126 1034 1155 lamentis
1053 1127 1152 1165 dignus
1171 1128 1239 1163 erit;
1261 1129 1320 1157 imo*
1341 1129 1419 1157 etiam
1434 1130 1517 1160 luctu.
1547 1131 1654 1161 Etenim

911 1173 1044 1201 Dominus
1066 1181 1154 1202 noster
1177 1175 1254 1203 Jcsus
1274 1175 1400 1204 Christus
1424 1177 1590 1213 Jerusalem,
1606 1179 1654 1207 etsi

910 1218 994 1258 impie
1016 1226 1154 1257 agentem,
1172 1220 1244 1248 luxit
1266 1227 1291 1248 et
1306 1220 1469 1259 deploravit.
1494 1224 1566 1253 Vere
1580 1225 1655 1253 mille

910 1265 1018 1293 fletibus
1037 1265 1113 1303 digni
1136 1276 1245 1301 sumus,
1272 1267 1348 1294 mille
1365 1267 1497 1297 lamentis,
1522 1270 1550 1299 Si
1573 1271 1655 1299 totius

910 1311 983 1339 orbis
998 1318 1115 1340 assumta
1131 1322 1213 1348 voce,
1229 1319 1254 1340 et
1268 1312 1372 1352 lapides
1388 1321 1413 1342 et
1426 1314 1498 1352 ligna
1510 1323 1534 1344 et
1547 1317 1656 1346 aibores

910 1365 935 1387 ct
949 1358 1040 1387 bestiae
1055 1365 1079 1386 ct
1093 1369 1155 1387 aves
1169 1365 1195 1386 et
1210 1358 1295 1397 pisces
1306 1381 1313 1395 ‚
1331 1366 1402 1387 totus
1413 1383 1420 1395 ,
1436 1360 1545 1398 iuquam
1557 1385 1563 1397 ‚
1582 1363 1656 1391 orbis

909 1405 931 1433 si
947 1410 1063 1433 assumta
1078 1415 1144 1434 voce
1155 1415 1202 1433 nos
1216 1405 1329 1434 defleret
1344 1406 1391 1443 qui
1403 1417 1417 1434 a
1433 1406 1511 1435 bonis
1521 1408 1574 1436 illis
1582 1409 1656 1437 exci-

909 1449 1018 1487 dimus,
1044 1461 1096 1479 non
1119 1461 1167 1489 pro
1189 1451 1285 1479 merito
1306 1452 1380 1480 fleret
1403 1459 1428 1480 et
1451 1453 1651 1484 lamentaretur.

909 1496 977 1530 Quis
996 1496 1067 1524 enim
1082 1507 1185 1531 sermo,
1201 1507 1260 1534 quae
1275 1508 1349 1526 mens
1368 1498 1441 1527 illam
1457 1499 1654 1530 beatitudinem

907 1543 1044 1571 declarare
1054 1543 1154 1582 possit,
1169 1543 1244 1571 illam
1254 1544 1380 1572 virtutem
1389 1567 1396 1580 ‚
1410 1545 1584 1584 voluptatem,
1597 1547 1655 1586 glo-

908 1589 975 1617 riam
987 1611 995 1626 ,
1016 1588 1152 1626 laetitiam,
1173 1589 1342 1628 splendorem
1355 1591 1368 1618 ἶ)
1383 1591 1454 1628 Quae
1471 1593 1573 1622 oculus
1594 1605 1654 1623 non

907 1637 1003 1673 vidit,
1021 1642 1048 1664 et
1063 1637 1142 1664 auris
1158 1646 1216 1664 non
1231 1637 1360 1674 audivit,
1377 1644 1405 1665 et
1418 1639 1449 1666 in
1464 1649 1514 1667 cor·
1527 1640 1654 1670 hominis

910 1693 969 1710 non
983 1684 1203 1711 ascenderunt?
1220 1683 1280 1710 Non
1302 1682 1388 1720 dixit,
1405 1684 1520 1723 Superat
1535 1692 1650 1722 tantum,

908 1728 955 1756 scd
977 1739 1025 1757 nec
1045 1729 1171 1767 cogitavit
1194 1729 1337 1767 quisquam
1350 1753 1357 1764 ,
1386 1731 1456 1768 Quae
1474 1736 1654 1771 proeparavit

908 1776 1054 1803 Dominus
1068 1776 1256 1814 diligentibus
1275 1786 1313 1804 se.
1330 1777 1399 1804 Nam
1421 1788 1480 1815 qum
1495 1778 1565 1806 bona
1581 1780 1652 1808 Deus

911 1829 1055 1861 praeparat,
1067 1821 1156 1859 qualia
1168 1833 1222 1850 esse
1234 1823 1381 1851 verisimile
1391 1831 1428 1852 est
1437 1824 1450 1851 .⁹
1461 1825 1489 1853 Si
1502 1825 1572 1853 enim
1583 1833 1653 1865 post-

908 1879 990 1905 quam
1010 1879 1057 1896 nos
1078 1868 1141 1896 fecit
1161 1870 1266 1905 statim,
1286 1876 1428 1908 antequam
1451 1871 1561 1909 quidvis
1576 1872 1652 1901 fecis-

908 1926 1012 1951 semus,
1029 1922 1101 1943 tanta
1111 1915 1223 1954 largitus
1235 1923 1273 1944 est
1283 1939 1289 1952 ‚
1301 1917 1457 1956 paradisum
1468 1940 1475 1953 ‚
1486 1918 1652 1958 colloquium

909 1971 971 1989 cum
983 1961 1057 2001 ipso,
1076 1961 1305 1991 immortalitatem
1323 1964 1461 2002 promisit,
1485 1965 1569 1994 vitam
1585 1966 1652 1995 bea-

908 2014 963 2035 tam
989 2015 1014 2036 et
1039 2007 1110 2036 curis
1131 2019 1244 2037 vacuam
1268 2021 1275 2037 z
1300 2009 1333 2037 iis
1360 2010 1406 2048 qui
1424 2017 1496 2039 tanta
1521 2012 1651 2050 fecerint,

909 2054 955 2092 qui
970 2054 1149 2091 decertarint,
1166 2055 1211 2093 qui
1230 2066 1278 2094 pro
1294 2055 1351 2095 ipso
1366 2057 1438 2096 passi
1452 2057 1568 2094 suerint,
1585 2059 1651 2097 quid

909 2110 961 2129 non
982 2100 1134 2139 largietur?
1158 2101 1305 2140 Unigenito
1326 2113 1377 2131 non
1403 2104 1521 2143 pepercit
1542 2113 1653 2145 propter

908 2157 971 2183 nos,
994 2147 1096 2176 Filium
1115 2147 1263 2186 genuinum
1277 2147 1311 2176 ad
1330 2156 1444 2178 mortem
1462 2150 1574 2179 tradidit
1589 2163 1651 2191 pro-

907 2200 966 2232 pter
986 2203 1035 2222 nos
1056 2193 1179 2222 inimicos
1193 2205 1265 2232 :quo
1287 2205 1336 2223 nos
1355 2205 1407 2223 nou
1429 2195 1610 2235 dignabitur,
1627 2198 1650 2226 si

907 2240 986 2269 amici
1009 2240 1179 2269 efficiamur?
1200 2241 1266 2279 quid
1280 2252 1332 2270 non
1349 2241 1426 2270 dabit
1447 2243 1523 2272 nobis
1542 2244 1594 2272 sibi
1609 2256 1649 2274 re-

906 2287 1074 2316 conciliatis?
1092 2287 1127 2315 Et
1140 2287 1216 2316 dives
1232 2294 1270 2316 est
1283 2287 1428 2317 admodum
1443 2296 1468 2318 et
1481 2290 1627 2321 immensus
1638 2315 1648 2330 7

905 2330 1032 2371 cupitque
1052 2342 1083 2360 ac
1101 2339 1175 2360 curat
1197 2332 1343 2361 amicitiam
1361 2334 1487 2372 consequi
1506 2342 1623 2364 nostram
1640 2348 1646 2364 ε

905 2386 953 2404 nos
966 2386 1040 2411 vero,
1067 2375 1177 2413 dilecti,
1202 2387 1254 2404 non
1275 2376 1311 2405 ita
1326 2387 1451 2407 curamus
1466 2378 1540 2407 illam
1555 2390 1648 2408 conse-

904 2420 969 2458 qui;
991 2427 1015 2449 ct
1038 2420 1104 2459 quid
1126 2420 1201 2458 dico,
1221 2431 1273 2450 non
1298 2423 1444 2451 curamus?
1471 2422 1595 2452 nolumus
1611 2424 1649 2452 sic

109 2518 116 2527 '¹
135 2510 143 2541 [
159 2510 216 2534 Uim*
231 2511 319 2534 iterum
339 2509 453 2543 leguntur
472 2512 495 2536 in
520 2511 596 2540 Fs’loz
626 2512 656 2535 dr·
675 2514 814 2545 Cumpuuvt
842 2523 864 2546 p.
882 2516 938 2542 757,
952 2514 999 2548 R]

1668 1242 1722 1263 Luc.
1745 1248 1782 1271 19-

1668 1615 1688 1634 1,
1699 1608 1770 1630 Com
1782 1616 1807 1638 9,
