1906 2846
468 177 500 200 IN
529 178 637 201 EPIST.
668 179 713 201 AD
741 179 910 202 Henna-zos.

131 237 236 276 νόμενα.
253 238 384 267 Τοσοῧτόν
408 240 477 268 ἐστιν
503 242 519 274 ἡ
543 240 631 273 πίστις
652 241 765 279 ἀγαθόν·
787 242 832 270 καὶ
854 241 905 279 γὰρ

131 283 193 312 ὅταν
203 285 239 317 εἷς
250 284 405 323 ἀμηχανίαν
417 285 587 324 ἐμπέσωμεν,
598 286 657 316 τότε
667 287 906 325 ἀπαλλαττόμεθα,

131 328 180 358 κᾶν
194 329 260 369 πρὸς
278 330 354 358 αὐτὸν
376 331 419 359 τὸν
442 331 552 361 θάνατον
569 333 697 371 ἔλθωμεν,
711 333 760 361 κᾶν
783 335 907 372 ἀπογνω-

132 377 180 414 6θῇ
197 375 230 403 τὰ
252 378 310 404 an'
328 379 409 414 ἡμᾶς.
427 377 463 406 Τί
483 378 535 418 γὰρ
560 379 626 407 ἄλλο
646 374 678 414 ἦν
699 379 806 414 λοιπόν;
822 379 906 417 Αἰγύ-

131 433 204 450 πτιοι
218 422 263 450 καὶ
284 422 404 452 θάλασσα
429 423 522 456 αὐτοὺς
544 424 656 457 ἀόπλους
678 424 813 461 ἕκύκλουν,
829 425 875 453 καὶ
890 425 907 460 ἢ

132 467 310 505 ἀποπνιγῆναι
325 469 407 507 ἐχρῆν
425 469 610 508 φεύγοντας,ἢ
626 472 662 503 εἷς
686 470 733 503 τὰς
754 472 906 509 Αἰγυπτια-

133 511 182 545 κὰς
204 517 296 552 χεῖρας
320 515 456 552 ἐμπεσεῖν.
487 515 556 544 Ἀλλ’
581 516 652 554 ὅμως
682 516 734 545 ἀπὸ
762 516 908 556 ἀμηχάνων

135 557 228 591 αὐτοὺς
250 559 376 588 διέσωσε·
391 561 421 589 τὸ
436 561 499 589 αὐτὸ
523 561 594 601 ὕδωρ
616 566 670 594 τοῖς
694 562 741 600 μὲν
756 561 908 601 ὑπεστρών-

133 616 194 646 νυτο
208 605 329 646 καθάπερ
349 608 400 645 γῆ,
417 607 476 640 τοὺς
491 608 518 637 δὲ
533 609 704 642 κατεπόντιζε
725 607 845 648 καθάπερ
865 608 908 636 θά-

133 652 217 679 λαττα
226 663 232 668 ·
245 653 300 680 ἐκεῖ
313 652 360 689 μὲν
374 654 421 687 τ’ἧς
432 654 532 692 φύσεως
544 654 744 691 ἐπελανθάνετο,
756 656 867 683 ἐνταῦθα
882 654 908 683 δὲ

133 696 178 726 καὶ
199 698 329 731 ὡπλίζετο
351 701 411 728 κατ’
430 701 524 729 αὐτῶν.
540 700 636 729 Πίστει
650 700 684 729 τὰ
702 701 779 740 τείχη
802 700 908 740 Ἱεριχὼ

132 742 228 781 ἔπεσε,
253 745 422 774 κυκλωθέντα
448 746 492 775 ἐπὶ
513 746 580 775 ἔπτὰ
603 746 715 786 ἡμέρας.
740 747 780 775 Οὐ
804 746 856 787 γὰρ
876 747 907 781 δὴ

133 790 288 829 σαλπίγγων
311 790 366 830 ἠχὴ
387 791 473 825 λίθους
498 792 540 822 οἷα
572 805 601 821 τε
628 793 807 822 καταὲἄλλειν
836 793 907 828 ἐστὶ,

132 836 182 864 κᾶν
210 837 293 877 μυρία
318 849 357 870 τις
378 838 423 874 ἔτη
444 838 573 878 σαλπίζῃ,
589 839 647 868 ἀλλ’
674 842 690 874 ἡ
715 839 803 872 πίστις
820 839 907 868 πάντα

134 882 253 913 δύναται.

172 933 256 973 ζΟρόῖις
283 938 437 974 πανταχοῦ,
462 936 522 974 οὐχὶ
548 935 703 975 ἀκολουθία,
727 935 785 965 οὐδὲ
806 935 908 974 φύσεως

134 980 207 1019 νόμῳ
230 980 465 1019 μεταὸαλλομένην
483 981 574 1017 αὐτὴν,
600 981 670 1010 ἀλλὰ
695 980 768 1020 παρὰ
793 982 907 1020 προσδο-

135 1026 193 1054 κίαν
212 1026 316 1055 ἅπαντα
339 1027 478 1065 γινομενας
500 1028 603 1056 Οὗκοῧν
629 1027 674 1055 καὶ
698 1028 810 1055 ἐνταῦθα
835 1027 909 1066 παρὰ

134 1072 294 1111 προσδοκίαν
321 1072 427 1101 ἅπαντα
449 1072 558 1110 γίνεται.
573 1072 686 1107 Ἐπειδὴ
711 1072 763 1111 γὰρ
783 1072 838 1101 ἅνω
863 1073 909 1101 καὶ

133 1118 207 1146 κάτω
220 1117 318 1156 ἔλεγεν,
329 1117 369 1146 ὅτι
383 1119 421 1146 δεῖ
434 1118 566 1146 πιστεύειν
589 1123 646 1150 ταῖς
661 1118 750 1147 ἐλπίσι
764 1122 823 1150 ταῖς
839 1119 907 1156 μελ-

132 1163 256 1200 λούσαις,
268 1164 376 1196 εἰκότως
396 1166 486 1192 τοῦτον
507 1163 612 1192 ἅπαντα
627 1164 670 1193 τὸν
692 1164 768 1202 λόγον
785 1164 889 1200 ἐκίνησε
899 1187 907 1201 ‚

133 1209 234 1243 δεικνὺς
249 1210 289 1238 ὅτι
301 1211 330 1238 οὗ
344 1211 400 1245 νῦν,
415 1209 484 1238 ἀλλὰ
499 1209 544 1238 καὶ
557 1209 582 1243 ἐξ
599 1211 686 1249 ἀρχῆς
697 1210 787 1239 πάντα
801 1209 835 1238 τὰ
845 1210 909 1239 θαύ-

135 1269 207 1294 ματα
223 1256 267 1286 διὰ
286 1256 384 1292 ταύτης
405 1255 518 1290 ἤνυσται
543 1256 589 1284 καὶ
614 1255 799 1294 κατώρθωται.
813 1256 909 1286 Πίστει

134 1302 222 1332 Ῥαὰὸ
235 1304 252 1337 ἡ
267 1302 351 1341 πόρνη
366 1303 395 1330 οὐ
410 1300 582 1330 συναπώλετο
595 1305 650 1334 τοῖς
672 1302 851 1338 ἀπειθήσασι,
866 1303 909 1331 δε-

137 1348 236 1387 ξαμένη
245 1347 304 1381 τοὺς
324 1347 511 1380 κατασκόπους
535 1348 594 1385 μετ’
613 1348 732 1388 εἰρήνης.
750 1349 853 1378 Οὐκοῦν
869 1350 909 1377 αἷ-

135 1394 226 1434 σχρὸν,
241 1395 262 1423 εἷ
277 1394 321 1423 καὶ
330 1393 429 1432 πόρνης
446 1393 615 1433 ἀπιστότεροι
626 1394 752 1433 φανείητε
762 1406 768 1412 ·
783 1393 910 1433 καίτοιγε

133 1441 220 1476 ἐκείνη
235 1443 287 1469 τῶν
308 1441 408 1479 ἀνδρῶν
429 1440 540 1475 ἤκουσεν
561 1440 793 1479 ἀπαγγελλόντων,
808 1441 854 1469 καὶ
869 1442 910 1470 εὖ·

133 1579 198 1618 πρὸς
208 1579 303 1614 ἑαυτὴν
313 1601 321 1615 ,
335 1578 375 1607 ὅτι
390 1578 457 1617 μετὰ
471 1579 577 1607 πολλῶν
591 1578 688 1617 ἔσομαι
702 1580 754 1607 τῶν
768 1580 838 1617 ε’μῶν
849 1590 856 1596 ·
868 1581 914 1608 οὐκ

133 1621 216 1659 εἶπεν,
229 1624 281 1663 ἐγὼ
295 1625 425 1655 τοσούτων
448 1625 632 1664 φρονιμωτέρα
649 1624 763 1663 δύναμαι
781 1621 848 1654 εἶναι
864 1626 913 1654 ἀν-

134 1487 197 1520 θέως
210 1487 510 1526 ἓπίστευσε.Τοιγαροῦν
519 1486 564 1515 καὶ
575 1486 606 1514 τὸ
616 1486 690 1519 τέλος
700 1486 896 1522 ἐπηκολούθησε
904 1498 910 1503 ·
920 1465 957 1516 ΖᾸἸ
967 1487 1041 1516 Finis
1064 1497 1128 1526 ergo
1154 1494 1194 1516 est
1219 1495 1399 1526 consequutus
1418 1499 1425 1515 :

134 1533 239 1562 πάντων
261 1532 313 1572 γὰρ
339 1533 527 1568 ἀπολωλότων,
544 1532 610 1570 μόνη
640 1532 762 1567 διεσώθη.
777 1533 836 1561 Οὐκ
855 1528 913 1562 εἷπε

1643 171 1706 207 351

962 248 1001 270 est
1019 241 1086 271 fides
1098 254 1104 270 ε
1116 253 1178 272 nam
1191 242 1298 282 quando
1317 243 1353 272 ad
1366 249 1467 272 tantam
1482 244 1633 273 venerimus
1647 255 1708 284 per-

963 288 1135 326 plexitatem,
1149 296 1179 318 ut
1198 290 1290 319 nullus
1305 289 1460 319 inveniatur
1475 290 1576 328 exitus,
1591 297 1656 319 tunc
1671 291 1709 320 li-

962 334 1106 371 beramur,
1126 335 1230 365 etiamsi
1251 335 1287 365 ad
1301 336 1388 376 ipsam
1410 342 1524 365 mortem
1544 337 1707 372 venerimus,

963 382 1066 411 etiamsi
1077 393 1119 412 res
1130 390 1226 412 nostrae
1238 384 1291 412 sint
1302 385 1382 424 plane
1393 383 1627 424 desperatae.Quid
1637 385 1709 414 enim

963 431 1080 460 restabat
1092 431 1188 460 aliud?
1200 431 1324 471 AEgyptii
1333 439 1358 461 et
1368 443 1441 461 mare
1452 443 1496 461 eos
1506 432 1709 462 circumdabant

940 179 1018 202 CAP.
1049 181 1095 202 Xl.
1126 180 1244 203 HOMIL.
1275 181 1384 204 XXVH-

927 481 944 504 C
964 480 1078 509 inermes
1088 502 1098 517 ‚
1112 487 1137 508 et
1149 480 1289 520 oportebat
1303 490 1347 509 eos
1360 480 1404 509 vel
1418 481 1544 509 suffocari
1559 481 1691 521 fugientes
1702 505 1709 519 ‚

964 525 1006 555 vel
1028 525 1147 554 incidere
1166 526 1194 554 in
1209 536 1304 554 manus
1319 525 1503 565 AEgyptiacas.
1519 526 1573 556 Sed
1593 534 1681 556 tamen
1694 539 1709 556 a

964 571 1043 600 rebus
1066 572 1133 600 adeo
1155 571 1247 600 dubiis
1267 578 1293 600 et
1308 572 1445 611 perplexis
1469 583 1513 601 eos
1534 573 1659 602 liberavit
1679 584 1711 602 ac

964 618 1132 647 conservavit
1149 629 1155 645 ε
1170 617 1241 646 idem
1255 628 1329 646 mare
1339 617 1382 646 his
1397 617 1506 656 quidem
1524 625 1639 648 stratum
1658 620 1710 648 fuit

963 663 1031 692 sicut
1046 670 1127 699 terra,
1138 663 1199 692 illos
1209 669 1298 692 autem
1312 662 1456 692 submersit
1468 671 1607 703 tamquam
1620 676 1692 694 mare
1703 678 1708 693 :

963 709 1020 738 illic
1044 709 1255 738 obliviscebatur
1275 716 1391 746 naturae,
1410 709 1456 738 hic
1476 710 1557 739 etiam
1580 710 1709 740 adversus

963 754 1035 793 ipsos
1049 753 1214 783 armabatur.
1228 754 1304 783 Fide
1317 756 1393 783 muri
1404 755 1524 783 Jericlzo
1539 763 1710 784 corruerunt

963 800 1086 827 circuitu
1107 804 1216 837 septem
1235 799 1358 827 dierum.
1372 799 1433 827 Non
1447 799 1520 828 enim
1536 810 1617 828 sonus
1632 800 1711 829 tuba-

962 853 1025 871 rum
1045 849 1130 882 potest
1154 853 1245 871 muros
1265 842 1391 882 dejicere,
1409 843 1514 872 etiamsi
1532 843 1607 873 mille
1627 854 1710 874 annos

963 886 1090 923 sonuerit,
1102 885 1149 914 sed
1163 885 1230 915 fides
1244 893 1330 926 potest
1341 887 1440 917 omnia.

1003 935 1032 962 Ω.
1046 931 1132 961 Vides
1153 943 1211 961 eam
1231 933 1331 972 ubique
1352 934 1464 972 mutari,
1481 945 1533 963 non
1548 945 1710 974 consequen-

926 988 945 1010 n
963 979 1012 1015 tia,
1025 988 1073 1007 nec
1083 978 1142 1017 lege
1156 986 1268 1015 naturae,
1280 979 1327 1008 sed
1338 980 1427 1008 omnia
1439 980 1498 1009 fieri
1511 987 1609 1020 praeter
1617 991 1712 1021 exspe-

964 1026 1128 1054 ctationem?
1145 1025 1217 1064 Ergo
1232 1026 1277 1054 hic
1292 1037 1399 1065 quoque
1417 1034 1512 1066 praeter
1531 1029 1710 1068 exspectatio-

963 1082 1024 1100 nem
1039 1072 1109 1100 fiunt
1121 1072 1220 1100 omnia.
1231 1073 1302 1100 Nam
1313 1073 1440 1111 quoniam
1453 1084 1552 1113 susque
1563 1075 1650 1114 deque
1664 1075 1711 1104 di-

964 1117 1040 1146 cebat
1049 1117 1213 1146 credendum
1223 1128 1279 1146 esse
1288 1118 1345 1157 spei
1356 1118 1463 1156 futurae,
1470 1127 1530 1159 apte
1542 1127 1629 1150 totum
1638 1121 1711 1150 hunc

963 1174 1113 1193 sermonem
1124 1163 1198 1199 facit,
1212 1163 1352 1192 ostendens
1369 1164 1439 1202 quod
1457 1175 1509 1194 non
1525 1176 1596 1195 nunc
1609 1167 1709 1205 solum,

964 1209 1011 1238 sed
1023 1209 1104 1238 etiam
1117 1209 1151 1237 ab
1165 1209 1242 1238 initio
1260 1210 1350 1238 omnia
1367 1210 1497 1239 miracula
1511 1223 1560 1251 per
1572 1213 1640 1242 hanc
1654 1221 1713 1243 acta

963 1262 1027 1284 sunt
1053 1262 1079 1284 et
1104 1255 1231 1295 perfecta.
1251 1255 1327 1284 Fide
1354 1256 1460 1284 Rakab
1490 1261 1628 1286 meretrix
1653 1270 1713 1288 non

961 1304 1049 1341 periit
1068 1312 1135 1331 cum
1155 1301 1332 1338 incredulis,
1344 1303 1491 1341 excipiens
1513 1305 1713 1342 exploratores

963 1358 1030 1377 cum
1044 1358 1126 1387 pace.
1145 1348 1238 1387 Turpe
1250 1353 1288 1376 est
1302 1357 1366 1386 ergo
1380 1347 1403 1376 si
1419 1349 1500 1377 etiam
1515 1351 1655 1380 meretrice
1666 1362 1713 1391 ap-

964 1394 1081 1434 pareatis
1101 1393 1189 1433 magis
1210 1393 1342 1423 increduli
1361 1407 1367 1422 :
1386 1405 1552 1434 quamquam
1574 1396 1623 1425 illa
1640 1398 1714 1427 viros

966 1440 1072 1471 audjvit
1092 1447 1198 1470 tantum
1219 1441 1407 1470 annuntiantes
1425 1448 1451 1470 et
1473 1443 1563 1471 statim
1589 1443 1713 1475 credidit.

1449 1498 1511 1517 nam
1535 1500 1599 1518 cum
1622 1501 1714 1520 omnes

966 1533 1117 1574 periissent,
1135 1534 1192 1563 sola
1201 1533 1253 1563 suit
1271 1534 1355 1563 salva.
1368 1534 1429 1563 Non
1442 1533 1514 1563 dixit
1525 1535 1598 1574 apud
1610 1547 1648 1574 se,
1659 1537 1714 1567 Ero

967 1591 1029 1610 cum
1042 1580 1136 1609 multis
1152 1580 1201 1619 qui
1219 1587 1281 1609 sunt
1302 1580 1354 1609 mei
1366 1593 1373 1610 ε
1386 1590 1439 1610 ηοη
1453 1580 1534 1617 dixit,
1544 1582 1638 1621 Egone
1652 1594 1714 1623 pos-

967 1637 1027 1656 sum
1042 1637 1098 1656 esse
1115 1626 1274 1666 prudentior
1295 1633 1334 1656 tot
1354 1627 1421 1656 viris
1442 1627 1654 1667 intelligentibus
1665 1631 1712 1669 qui

558 1734 735 1764 MUTIANO
752 1734 1007 1764 SCHOLASTICO
1029 1736 1282 1767 INTERPRETE.

133 1833 224 1857 autem
236 1827 273 1857 ad
287 1827 466 1867 perditionem
480 1825 607 1855 valuisse.
618 1826 650 1854 In
666 1832 772 1855 tantum
786 1831 825 1854 est
837 1825 904 1854 fides
921 1836 1049 1865 magnum
1063 1826 1179 1864 bonum,
1193 1827 1321 1865 quoniam
1333 1828 1430 1863 etiam,
1446 1829 1553 1867 quando
1567 1830 1603 1860 ad
1616 1831 1713 1872 despe-

134 1875 265 1904 rationem
281 1874 400 1913 aliquam
418 1874 583 1910 venerimus,
599 1879 665 1901 tuuc
677 1883 784 1911 quoque
802 1873 951 1902 liberamur
959 1884 968 1910 5
984 1884 1015 1901 ac
1029 1873 1052 1902 si
1065 1884 1150 1912 usque
1163 1873 1198 1902 ad
1208 1875 1295 1913 ipsam
1307 1882 1421 1904 mortem
1432 1876 1582 1915 veniamus,
1595 1889 1626 1907 ac
1640 1880 1664 1908 si
1678 1880 1712 1909 de

134 1922 212 1951 nobis
226 1922 261 1951 ab
277 1921 403 1951 omnibus
417 1921 582 1960 desperetur.
596 1921 663 1956 Quae
678 1930 794 1958 namque
810 1920 868 1959 jam
882 1931 945 1960 spes
959 1920 1038 1949 erat?
1053 1921 1124 1949 Hinc
1139 1920 1261 1960 AEgyptii
1272 1945 1279 1957 ,
1290 1922 1353 1951 inde
1366 1933 1451 1960 mare,
1465 1930 1491 1951 et
1510 1924 1561 1963 ipsi
1576 1925 1690 1955 inermes
1703 1939 1709 1954 t

134 1976 182 1998 aut
202 1969 272 1998 enim
292 1969 319 1997 in
340 1968 409 1996 mari
429 1973 505 1996 erant
518 1966 641 2006 perituri,
652 1966 674 1994 si
689 1966 788 1995 vellent
803 1966 905 2004 fugere,
920 1966 1008 1995 autin
1024 1977 1119 1995 manus
1135 1967 1309 2006 AEgyptiacas
1329 1967 1454 1997 incidere.
1468 1969 1662 1999 Verumtamen
1677 1982 1710 2001 ex

135 2016 236 2056 majore
249 2015 432 2055 desperatione
445 2025 489 2043 eos
500 2013 627 2043 liberavit
641 2022 647 2040 t
661 2013 782 2053 idipsum
795 2023 869 2041 mare
881 2013 939 2042 istis
951 2020 990 2042 est
1002 2013 1169 2042 substratum
1181 2014 1250 2043 sicut
1262 2021 1344 2050 terra,
1357 2015 1408 2044 hos
1419 2022 1510 2044 autem
1518 2015 1646 2045 demersit
1661 2018 1711 2048 sic-

135 2070 165 2092 ut
182 2073 271 2092 mare:
282 2063 339 2091 illic
353 2062 469 2091 oblitum
484 2067 585 2089 naturae
603 2071 671 2096 sure,
688 2059 733 2088 hic
745 2067 834 2089 autem
848 2060 928 2088 etiam
944 2067 1080 2089 armatum
1096 2068 1135 2089 est
1148 2060 1293 2090 adversum
1305 2072 1357 2091 eos.
1367 2063 1459 2099 Fide,
1469 2063 1575 2101 inquit,
1590 2065 1710 2094 Jericho

133 2112 238 2140 cecidit
256 2111 416 2139 circumitis
436 2111 527 2138 muris
549 2110 612 2148 ejus
626 2118 678 2147 per
689 2114 797 2147 septem
812 2108 883 2136 dies.
897 2108 958 2136 Non
974 2108 1045 2136 enim
1066 2108 1194 2137 tubarum
1208 2109 1312 2138 sonitus
1327 2120 1469 2139 murorum
1483 2121 1548 2139 saxa
1561 2110 1668 2151 dejecit,
1679 2124 1710 2142 ac

133 2158 156 2187 si
171 2168 218 2197 per
226 2157 317 2186 decem
330 2156 417 2185 millia
432 2166 516 2184 annos
532 2155 592 2194 quis
606 2154 679 2184 tubis
691 2154 804 2191 insonet,
815 2154 860 2183 sed
878 2154 944 2184 fides
957 2156 1047 2184 omnia
1059 2155 1141 2184 valet.

172 2205 288 2234 Intueris
299 2204 400 2243 ubique
414 2214 501 2242 neque
515 2202 675 2232 conscientia
690 2202 738 2242 [f.
751 2203 962 2241 consequentia]
975 2202 1031 2232 ulla
1045 2214 1146 2238 rerum,
1157 2214 1243 2243 neque
1256 2211 1359 2233 naturae
1372 2204 1431 2243 lege
1445 2205 1534 2233 omnia
1547 2208 1706 2244 permutari,

133 2250 180 2279 sed
190 2257 302 2290 propter
312 2251 354 2289 [f.
368 2251 478 2289 praeter]
491 2259 566 2289 spem
578 2255 674 2277 cuncta
688 2248 769 2285 fieri?
782 2248 899 2277 Proinde
909 2249 990 2278 etiam
1004 2249 1050 2278 hic
1059 2256 1170 2289 propter
1181 2252 1223 2289 [f
1231 2252 1340 2290 praeter]
1350 2261 1425 2290 spem
1433 2258 1527 2280 cuncta
1538 2251 1618 2283 fiunt.
1629 2253 1709 2288 Quo—

133 2298 207 2326 niam
221 2298 294 2326 enim
312 2307 419 2326 sursum
434 2304 515 2336 atque
528 2296 654 2326 deorsum
673 2295 799 2332 dicebat,
817 2296 879 2334 quia
899 2303 1004 2336 oportet
1025 2297 1132 2326 credere
1147 2304 1172 2327 et
1186 2298 1285 2338 spebus
1300 2298 1399 2328 futuris
1413 2299 1485 2337 regi,
1503 2310 1609 2329 omnem
1625 2301 1707 2330 istum

132 2356 282 2375 sermonem
297 2345 394 2383 movit,
411 2345 554 2374 ostendens
566 2344 631 2383 quia
650 2354 703 2373 non
728 2351 793 2372 tunc
804 2366 811 2380 ,
827 2343 875 2373 sed
894 2355 928 2373 ex
944 2344 1022 2374 initio
1039 2346 1129 2374 omnia
1144 2346 1274 2375 miracula
1289 2357 1337 2386 per
1352 2346 1435 2375 fidem
1450 2347 1591 2386 impetrata
1606 2355 1668 2377 sunt
1682 2356 1708 2378 ct

131 2393 248 2432 perfecta
261 2399 334 2422 sunt.
348 2393 435 2428 Fide,
448 2392 545 2431 inquit,
559 2393 666 2421 Rahab
681 2393 816 2420 meretrix
828 2402 887 2420 non
895 2394 982 2431 periit
996 2403 1056 2422 una
1069 2403 1134 2422 cum
1147 2394 1328 2433 infidelibus,
1339 2396 1498 2433 suscipiens
1509 2395 1709 2433 exploratores

132 2452 197 2471 cum
209 2452 290 2481 pace.
303 2441 422 2471 Proinde
435 2441 582 2470 admodum
597 2448 675 2481 turpe
687 2447 735 2477 est,
743 2440 764 2469 si
775 2441 913 2469 meretrice
928 2441 1092 2472 infideliores
1104 2443 1268 2472 exstitissent
1277 2455 1286 2481 5
1299 2450 1388 2472 tamen
1400 2443 1447 2472 illa
1462 2443 1584 2472 homines
1596 2443 1707 2473 audivit

133 2489 298 2528 nuntiantes,
314 2496 340 2519 et
355 2489 495 2518 confestim
516 2488 643 2518 credidit.
661 2490 731 2518 Nam
749 2495 772 2517 ct
788 2499 846 2518 eam
867 2489 977 2518 eftectus
991 2498 1172 2530 consequutus
1187 2498 1227 2520 est
1239 2503 1245 2519 :
1259 2491 1385 2520 omnibus
1406 2491 1506 2531 quippe
1519 2491 1705 2531 pereuntibus,

136 2536 192 2564 sola
211 2536 314 2565 salvata
333 2543 380 2566 est.
396 2537 456 2565 Non
471 2536 543 2565 dixit
557 2535 591 2566 ad
609 2536 736 2575 seipsam,
753 2537 826 2572 Quia
847 2547 910 2565 cum
931 2536 1058 2576 plurimis
1081 2538 1147 2567 meis
1161 2548 1206 2567 ero
1218 2550 1224 2566 :
1236 2548 1288 2567 non
1305 2537 1387 2577 dixit,
1402 2539 1475 2567 Num
1489 2548 1538 2577 ego
1550 2537 1708 2577 prudentior

137 2583 195 2613 istis
205 2594 260 2614 esse
276 2595 385 2624 possum
396 2584 560 2624 sapientibus
577 2584 653 2622 viris,
666 2584 712 2623 qui
729 2595 780 2613 non
793 2584 917 2624 credent,
931 2592 955 2615 et
968 2596 1016 2626 ego
1030 2585 1136 2616 credam
1147 2586 1160 2615 ἶ)
1171 2586 1247 2616 Nihil
1264 2587 1315 2617 tale
1329 2586 1409 2623 dixit.
1428 2586 1471 2616 sed
1495 2585 1609 2615 credidit
1629 2586 1708 2616 dicti>
