1906 2846
286 186 328 220 29
344 176 351 217 i

281 248 314 275 sit
327 243 407 282 Deus,
425 251 530 284 percunt
545 244 620 272 uubis
631 244 718 271 omnia
729 244 742 270 ἶ)
754 244 834 271 Multi
846 251 934 272 autem
945 255 1015 282 quae—

281 299 341 320 runt
352 291 484 329 quomodo
497 289 638 317 translatus
652 288 686 316 sit
698 288 799 323 Enoch,
814 296 838 316 ct
848 290 1015 318 curtransla-

281 344 333 368 tus,
356 344 379 364 et
399 347 446 363 cur
466 345 515 362 nou
537 340 657 361 mortuus
677 333 722 368 sit,
744 344 830 370 neque
845 334 910 372 ipse,
933 345 1016 372 neque

279 383 352 411 Elias
363 394 368 413 :
381 389 405 409 et
421 382 440 409 si
457 380 544 408 adhuc
559 379 666 415 vivunt,
684 378 816 416 quomodo
832 380 932 415 vivant,
947 387 973 408 et
988 380 1014 408 in

276 437 329 464 quo
346 427 447 454 habitu.
470 425 522 453 scd
540 424 648 452 omniuo
661 434 887 462 supervacaneum
902 432 939 453 cst
958 425 1015 453 lia¹c

277 483 400 510 quirrcrc.
421 472 488 500 Nam
505 470 577 508 quod
594 470 639 498 illi¹
653 469 761 507 quidem
772 491 779 504 ‚
798 480 892 508 nempe
908 470 1011 508 Enoch,

276 520 309 548 sit
326 520 485 551 translatus:
505 519 548 546 hic
563 528 635 553 vcro,
653 528 746 556 nempe
764 517 845 551 Elias,
859 518 892 545 sit
906 528 1012 546 assum-

276 573 334 599 tus,
347 566 473 594 dixerunt
487 566 631 604 Scripturae
648 575 653 590 :
668 564 713 591 ubi
725 571 812 592 autem
827 564 888 599 sint,
907 571 931 593 ct
946 575 1014 603 quo·

275 612 355 640 modo
372 613 432 647 sint,
449 621 500 639 non
521 611 613 638 itidem
630 609 784 647 adjecerunt
803 621 808 636 ε
828 620 879 638 nun
897 610 1014 649 amplius

623 184 650 206 5.
679 185 816 207 JOANMS
844 184 1023 207 cunYSOST.
1053 185 1210 210 Auenti-tr.
1237 188 1504 216 CONSTANTINOP-

1069 249 1166 280 θηκαν-
1192 249 1263 277 οὐδὲν
1289 250 1338 289 γὰρ
1362 252 1440 280 πλέον
1466 254 1517 281 τῶν
1544 257 1692 294 ἀναγκαίων
1716 258 1828 296 λέγουσι.

1067 306 1152 334 Τοῦτο
1167 306 1213 343 μὲν
1227 306 1279 346 γὰρ
1295 308 1399 346 γέγονε,
1417 309 1485 348 λέγω
1501 311 1527 340 δὲ
1542 312 1571 341 τὸ
1585 314 1632 347 τῆς
1647 315 1810 352 μεταθέσεως
1820 338 1827 349 ,

1067 364 1096 391 ἐκ
1118 365 1262 403 προοιμίων
1276 366 1384 402 εὐθέως,
1399 367 1468 401 ὅπως
1489 372 1506 404 ἠ
1524 371 1673 410 ἀνθρωπίνη
1698 373 1772 411 φύσις
1788 375 1829 402 ἐλ-

1067 422 1130 450 πίδα
1143 422 1212 460 λοίῧῃ
1224 425 1270 458 τ’ῆς
1281 424 1448 459 καταλύσεως
1459 430 1504 455 τοῦ
1520 428 1629 457 θανάτου
1641 452 1648 465 ,
1662 429 1706 457 καὶ
1720 432 1768 464 τῆς
1784 442 1831 459 κα-

1067 481 1205 519 θαιρέσεως
1227 484 1274 517 τῆς
1295 484 1445 521 τυραννίδος
1467 487 1515 519 τῆς
1536 486 1702 523 διαὸολικῆς,
1725 488 1771 516 καὶ
1791 488 1832 517 ὅτι

1065 539 1280 577 παραλυθήσεται
1295 542 1308 568 ὁ
1327 541 1450 575 θάνατος·
1467 543 1591 580 μετετέθη
1606 544 1657 583 γὰρ
1675 547 1703 573 οὐ
1726 545 1832 584 νεκρὸς,

1066 594 1134 624 ἀλλὰ
1155 598 1199 624 τοῦ
1221 597 1257 634 μὴ
1283 598 1344 626 ἰδεῖν
1362 598 1482 627 θάνατον.
1503 599 1554 628 Διὰ
1569 604 1644 630 τοῦτο
1668 602 1829 640 προσέθηκε,

275 658 344 686 enini
360 657 451 685 dicunt
466 667 545 694 quam
560 666 618 693 quat
634 661 694 682 sunt
708 655 862 683 necessaria.
876 656 945 684 Nam
958 656 1014 685 haec
1030 660 1046 682 Β
1066 654 1116 686 ζῶν
1139 654 1263 692 μετετέθη
1274 678 1280 689 ,
1306 655 1346 684 ὅτι
1371 657 1538 696 εὐηρέστησε.
1563 658 1690 699 Καθάπερ
1714 660 1764 699 γάρ
1792 673 1831 693 τις

275 703 383 741 quidem
397 701 533 731 translatio
548 702 615 729 sucta
631 701 681 728 fuit
695 701 785 729 statim
797 700 832 729 ab
844 700 971 737 exordio;
985 709 1013 730 ut

275 749 389 777 humana
403 754 496 776 natura
513 757 585 785 spem
598 746 738 785 acciperet,
754 745 827 783 quod
837 753 862 774 et
873 757 944 775 mors
956 746 1013 775 dis-

274 795 438 829 solveretur,
459 800 483 821 οι
499 792 600 821 diaboli
620 792 741 831 tyrannis
755 791 889 821 deleretur
906 805 911 821 :
929 793 1011 830 quod,

274 839 391 877 inquam,
403 850 473 867 mors
484 838 674 867 dissolveretur
687 850 692 865 :
709 838 853 867 translatus
867 838 938 866 enim
961 839 1011 868 suit

274 896 324 913 non
342 893 473 921 mortuus,
494 884 539 913 sed
557 895 589 913 ne
606 884 708 912 videret
728 891 850 912 mortem.
870 885 1011 924 Propterea

272 931 386 967 addidit,
406 932 494 961 Vivus
510 938 548 959 cst
570 930 725 965 translatus,
745 931 806 968 quia
824 931 925 970 placuit
946 932 1011 960 Deo.

272 977 347 1006 Sicut
374 977 445 1005 enim
468 984 542 1016 pater
563 976 697 1016 quispiam
718 977 834 1005 minatus
858 977 925 1011 filio,
953 978 1012 1006 vult

272 1023 380 1062 quidem
389 1024 477 1052 statim
490 1024 576 1051 minas
591 1023 734 1059 remittere,
750 1022 855 1060 quando
870 1023 948 1051 fuerit
959 1024 1011 1051 mi-

272 1075 367 1105 natus3
383 1068 494 1097 sustinet
511 1075 600 1096 autem
620 1074 644 1096 et
659 1074 808 1095 constanter
826 1067 965 1106 perdurat,
982 1074 1011 1095 ut

272 1114 378 1142 interim
394 1125 455 1142 eum
469 1113 580 1151 castiget
594 1119 619 1141 et
634 1112 785 1149 admoneat,
801 1113 908 1140 stabiles
922 1119 945 1141 ct
961 1112 1010 1140 fir-

272 1170 328 1188 mas
344 1159 430 1188 sinens
445 1169 549 1187 manere
564 1158 649 1186 minas
668 1169 673 1184 :
693 1158 727 1186 ita
743 1158 822 1186 etiam
840 1159 922 1193 Deus,
937 1168 1010 1186 more

271 1205 325 1233 sere
341 1205 456 1233 dixerim
478 1204 604 1240 humano,
622 1214 675 1231 non
692 1203 830 1239 sustinuit,
855 1203 901 1231 sed
920 1203 1009 1232 statim

271 1249 385 1278 ostendit
409 1249 482 1287 quod
503 1260 574 1277 mors
594 1248 627 1277 sit
646 1249 740 1277 soluta.
757 1248 791 1277 Et
808 1249 925 1288 primum
945 1249 1009 1277 sinit

1065 712 1209 747 ἀπειλήσας
1231 713 1319 754 πατὴρ
1335 715 1398 754 υἱῷ,
1411 715 1532 753 βούλεται
1556 716 1602 754 μὲν
1625 717 1715 750 εὐθέως
1730 720 1828 748 ἀνεῖναι

1064 769 1111 805 τὴν
1127 770 1246 807 ἀπειλὴν,
1258 770 1319 800 ὅταν
1333 773 1463 812 ἀπειλῆσῃ
1473 796 1480 809 ,
1495 773 1616 813 ἀνέχεται
1629 774 1655 804 δὲ
1670 775 1714 804 καὶ
1731 788 1829 816 καρτε-

1067 834 1120 868 ρεῖ,
1131 829 1173 858 ἵνα
1189 829 1252 862 τέως
1268 830 1342 859 αὐτὸν
1358 832 1506 871 σωφρονίσῃ
1525 833 1569 861 καὶ
1584 835 1724 874 νουθετήσῃ
1734 857 1741 871 ‚
1755 836 1829 875 ἀφεὶς

1066 887 1175 926 βεὸαίαν
1191 888 1277 926 μένειν
1293 888 1340 924 τὴν
1356 890 1465 925 ἀπειλήν
1475 901 1482 908 ·
1498 890 1566 919 οὕτω
1576 891 1621 919 καὶ
1635 894 1649 920 ὁ
1665 893 1749 929 Θεὸς,
1763 905 1828 932 σχε-

1065 948 1107 976 δὸν
1119 949 1199 976 εἰπεῖν
1210 948 1393 987 ἀνθρωπίνως,
1409 950 1455 978 οὐκ
1469 950 1655 990 ἐκαρτέρησεν,
1668 952 1726 980 ἀλλ’
1737 952 1828 985 εὐθέως

1064 1005 1168 1042 ἔδειξεν,
1182 1006 1223 1034 ὅτι
1245 1005 1352 1035 λέλυται
1365 1009 1378 1035 ὃ
1393 1007 1511 1040 θάνατος.
1539 1007 1592 1036 Καὶ
1614 1008 1717 1047 πρῶτον
1737 1011 1829 1050 ἀφίησι

1063 1063 1106 1092 τὸν
1120 1064 1228 1093 θάνατον
1243 1066 1278 1096 εἷς
1293 1064 1336 1093 τὸν
1348 1064 1446 1094 δίκαιον
1457 1065 1591 1104 γενέσθαι,
1611 1067 1725 1105 φοὸἧσαι
1736 1069 1829 1106 βουλό-

1064 1133 1140 1160 μενος
1155 1122 1198 1151 διὰ
1209 1126 1254 1151 τοῦ
1268 1122 1360 1155 παιδὸς
1372 1122 1415 1151 τὸν
1435 1123 1546 1162 πατέρα.
1559 1125 1651 1154 Θέλων
1666 1124 1717 1164 γὰρ
1733 1125 1827 1161 δεῖξαι,

1062 1181 1102 1210 ὅτι
1116 1181 1196 1214 ὄντως
1217 1181 1286 1210 ἐστὶν
1300 1184 1317 1216 ἦ
1332 1181 1462 1220 ἀπόφασις
1484 1182 1594 1220 βεδαία,
1609 1185 1636 1212 οὐ
1651 1183 1710 1217 τοὺς
1729 1185 1826 1217 κακοὺς

1062 1239 1171 1275 εὐθέως,
1183 1239 1252 1268 ἀλλὰ
1266 1239 1364 1268 καὶτὸν
1382 1239 1594 1278 εὐαρεστήσαντα
1609 1241 1725 1270 ὑπέὸαλε
1735 1245 1768 1280 τῇ
1790 1255 1825 1272 τι·

271 1296 582 1335 esscjustimoi·tem‚per
595 1294 680 1323 filium
689 1295 885 1323 volensterrcre
896 1302 1006 1334 patrem.
1024 1311 1041 1333 C
1061 1297 1164 1336 μωρίᾳ,
1183 1296 1226 1325 τὸν
1245 1296 1375 1334 μακάριον
1398 1298 1494 1324 ἐκεῖνον
1516 1297 1559 1325 τὸν
1581 1296 1660 1326 Ἄὸελ
1676 1298 1761 1338 λέγω.
1781 1301 1826 1329 καὶ

270 1341 371 1369 volens
389 1341 458 1369 enim
478 1340 614 1369 ostendere
632 1340 703 1378 quod
726 1351 816 1369 revera
835 1347 873 1368 est
891 1340 968 1368 firma
982 1348 1006 1369 et

270 1386 372 1414 stabilis
383 1386 519 1422 sententia,
532 1397 582 1414 non
594 1387 683 1414 statim
695 1386 787 1421 malm,
799 1387 845 1414 sed
856 1386 935 1414 ctiam
945 1397 1004 1414 eum

269 1432 315 1469 qui
337 1432 386 1471 ipsi
413 1432 511 1470 placuit
526 1431 640 1470 subjecit
662 1431 803 1470 supplicio,
823 1431 940 1466 beatum,
965 1431 1004 1459 in-

268 1487 358 1514 quam,
376 1477 453 1504 illum
475 1477 585 1505 Abelcin
605 1489 610 1504 ε
627 1483 651 1505 et
669 1487 733 1516 pene
747 1477 836 1504 statim
851 1483 911 1515 post
926 1476 1003 1505 illum

268 1522 403 1550 transtulit
415 1522 508 1550 Enoch
523 1523 665 1551 viventem.
683 1522 716 1550 Et
732 1533 782 1550 non
797 1522 875 1550 illum
890 1523 1005 1550 suscita-

268 1568 316 1602 vit,
341 1578 373 1595 nc
393 1569 514 1607 protinus
535 1569 647 1596 nimium
671 1567 850 1602 confiderent,
870 1567 915 1596 sed
934 1568 1004 1596 hunc

268 1615 402 1642 transtulit
419 1615 566 1649 viventem;
583 1625 628 1653 per
640 1614 750 1642 Ahelcm
766 1614 873 1651 quidem
887 1621 983 1642 terrens
994 1637 1001 1650 ,

267 1670 315 1697 per
334 1660 405 1688 hunc
423 1666 511 1688 autem
532 1660 597 1688 dans
614 1660 697 1687 zelum
718 1666 742 1688 ct
761 1660 957 1688 aemulationem
975 1667 1002 1688 ut

269 1706 323 1734 Deo
338 1706 479 1745 placerent.
496 1706 556 1741 Quo
571 1706 600 1734 fit
616 1713 643 1734 ut
662 1707 718 1734 Deo
735 1716 785 1734 non
803 1706 940 1745 placeant,
956 1707 1001 1745 qui

1059 1356 1152 1394 σχεδὸν
1167 1354 1234 1392 μετὰ
1247 1358 1336 1383 τοῦτον
1353 1354 1445 1387 εὐθέως
1462 1355 1590 1392 μετέθηκε
1601 1355 1645 1385 τὸν
1658 1356 1747 1397 Ἑνὼχ
1757 1360 1823 1392 ζῶν-

1057 1428 1099 1444 τα.
1117 1415 1169 1444 Καὶ
1185 1415 1230 1443 οὐκ
1250 1414 1391 1450 ἀνέστησεν
1411 1416 1519 1452 ἐκεῖνον,
1533 1415 1575 1443 ἵνα
1598 1416 1634 1454 μὴ
1657 1418 1822 1458 θαρῤήσωσιν

1057 1472 1166 1509 εὐθέως,
1180 1472 1248 1501 ἀλλὰ
1272 1473 1399 1510 μετέθηκε
1421 1476 1511 1502 τοῦτον
1527 1475 1627 1511 ζῶντα,
1649 1475 1692 1504 διὰ
1716 1475 1763 1514 μὲν
1777 1479 1822 1506 τοῦ

1056 1531 1134 1560 'Max
1155 1530 1290 1570 φοὸήσας,
1303 1531 1346 1559 διὰ
1367 1531 1394 1560 δὲ
1416 1532 1506 1561 τούτου
1530 1532 1586 1566 δοὺς
1601 1535 1677 1568 ζῆλον
1700 1537 1745 1564 τοῦ
1762 1537 1822 1564 εὐα-

1059 1595 1157 1629 ρεστεῖν
1173 1591 1253 1629 αὐτῷ.
1268 1588 1352 1618 ςΏοντε
1368 1592 1392 1619 οἱ
1405 1591 1540 1629 αὐτόματα
1553 1592 1640 1621 πάντα
1654 1592 1762 1631 ἄγεσθαι
1777 1594 1822 1622 καὶ

1057 1648 1179 1688 φέρεσθαι
1195 1648 1328 1686 λέγοντες,
1343 1648 1388 1677 καὶ
1412 1648 1448 1686 μὴ
1472 1650 1668 1687 προσδοκῶντες
1682 1649 1822 1687 ἀντίδοσιν,

1056 1708 1103 1735 οὐκ
1116 1708 1307 1745 εὐαρεστοῧσιν,
1322 1706 1411 1746 ὥσπερ
1425 1707 1483 1737 οὐδὲ
1498 1709 1521 1735 οἱ
1539 1707 1676 1742 Ἕλληνες.
1695 1709 1758 1742 Τοῖς
1772 1709 1822 1749 γὰρ

683 1825 856 1855 MUTIANO
878 1825 1018 1855 SCHOLA
1024 1826 1131 1855 STICO
1153 1826 1313 1856 INTERPR
1319 1826 1402 1856 ETE.

264 1918 391 1947 labuntur
404 1918 481 1946 nohis
495 1919 594 1952 omnia,
610 1925 635 1947 et
651 1929 701 1947 non
716 1919 808 1948 stant?
821 1919 902 1948 Multi
917 1926 1005 1948 autem
1018 1926 1149 1958 quaerunt,
1161 1929 1214 1958 quo
1228 1918 1372 1948 translatus
1386 1918 1421 1948 sit
1436 1919 1537 1957 Enoch,
1552 1927 1576 1948 et
1586 1930 1668 1959 quare
1678 1920 1820 1951 translatus

263 1966 308 2001 sit,
319 1973 343 1994 et
355 1976 437 2004 quare
451 1976 502 1994 non
513 1966 593 1994 fuerit
603 1973 735 2002 mortuus,
747 1977 830 2004 neque
843 1967 900 2006 ipse
909 1977 992 2005 neque
1004 1967 1107 2004 Helias;
1120 1974 1144 1995 et
1155 1967 1176 1995 si
1191 1966 1280 1995 adhuc
1289 1967 1397 2004 vivunt,
1409 1967 1542 2005 quomodo
1554 1968 1658 2005 vivunt,
1670 1975 1695 1997 et
1709 1968 1736 1997 in
1746 1969 1819 2007 quali

262 2013 366 2043 habitu.
385 2013 437 2042 Sed
453 2024 679 2052 supervacaneum
693 2020 731 2042 est
755 2014 803 2042 ista
824 2014 968 2052 requirere.
987 2014 1057 2050 Quia
1075 2024 1139 2043 vero
1154 2014 1298 2042 translatus
1314 2021 1351 2043 est
1367 2014 1426 2050 iste,
1450 2021 1475 2043 et
1487 2014 1549 2053 quia
1565 2022 1698 2044 assumtus
1711 2022 1750 2044 est
1763 2016 1818 2052 ille,

263 2060 409 2099 Scripturae
420 2059 561 2096 dixerunt;
574 2060 620 2088 ubi
636 2067 723 2088 autem
740 2059 791 2088 sint
807 2067 832 2088 et
845 2060 990 2098 quomodo,
1008 2071 1059 2088 non
1074 2059 1246 2089 addiderunt.
1259 2060 1335 2088 Nihil
1347 2067 1436 2089 autem
1451 2060 1584 2099 amplius,
1602 2071 1682 2098 quam
1696 2071 1754 2098 quae
1769 2071 1818 2090 ne-

262 2108 372 2135 cessaria
385 2113 457 2141 sunt,
472 2105 575 2134 dicunt.
594 2106 651 2135 Hoc
665 2106 736 2134 enim
752 2106 851 2134 sactum
866 2112 913 2141 est,
928 2106 978 2134 hoc
994 2112 1042 2139 est,
1055 2105 1128 2144 quod
1142 2105 1176 2134 de
1191 2105 1364 2134 translatione
1372 2105 1482 2140 dicitur,
1497 2105 1562 2144 ipsis
1579 2105 1663 2134 initiis
1673 2105 1774 2141 statim,
1789 2113 1818 2134 ut

262 2154 350 2182 anima
367 2154 482 2182 humana
501 2164 575 2192 spem
592 2153 737 2193 acciperet,
753 2159 778 2181 et
791 2153 853 2191 quia
869 2153 1014 2181 solveretur
1031 2163 1116 2188 mors,
1135 2159 1160 2181 et
1177 2152 1351 2181 damnaretur
1365 2152 1498 2181 diabolica
1515 2151 1637 2191 tyrannis
1653 2164 1658 2180 :
1674 2153 1818 2182 translatus

262 2208 300 2229 est
314 2201 384 2229 enim
403 2211 454 2230 non
470 2208 599 2237 mortuus,
615 2200 662 2229 sed
676 2207 704 2228 ut
722 2210 774 2228 non
786 2200 889 2229 videret
900 2207 1022 2229 mortem.
1033 2201 1175 2239 Propterea
1189 2199 1305 2235 addidit,
1320 2200 1411 2229 Vivus
1423 2199 1566 2228 translatus
1577 2206 1625 2236 est,
1639 2199 1703 2237 quia
1717 2200 1818 2239 placuit

263 2246 328 2274 Deo.
345 2246 419 2275 Sicut
431 2246 501 2274 enim
513 2246 736 2285 paterquisquam
749 2246 926 2275 comminatus
941 2246 1009 2283 filio,
1017 2246 1107 2274 volens
1122 2245 1259 2274 confestim
1273 2245 1380 2284 quando
1394 2245 1571 2274 comminatus
1582 2252 1632 2284 est,
1641 2246 1816 2275 remissiorem

261 2293 345 2321 facere
364 2294 597 2322 comminationem
619 2305 624 2321 :
645 2293 683 2321 sic
697 2300 722 2322 et
735 2294 807 2322 Deus
819 2294 930 2322 sustinet
946 2304 977 2322 ac
991 2293 1120 2332 patienter
1136 2293 1240 2328 tolerat,
1255 2300 1285 2321 ut
1304 2293 1413 2322 interim
1428 2293 1507 2321 illum
1521 2293 1648 2332 corrigat,
1663 2300 1689 2322 et
1704 2300 1817 2330 moneat,

262 2340 416 2378 permittens
426 2340 531 2369 sirmam
542 2351 695 2379 permanere
705 2340 947 2370 comminationem.
961 2341 1006 2370 Sic
1016 2348 1041 2369 et
1053 2342 1137 2378 Deus,
1150 2347 1179 2369 ut
1191 2351 1257 2380 pene
1268 2340 1356 2368 dicam
1372 2340 1491 2369 humano
1502 2351 1590 2376 more,
1606 2351 1658 2369 non
1672 2340 1814 2377 sustinuit,

262 2385 307 2414 sed
321 2387 444 2415 continuo
456 2387 569 2415 ostendit
581 2387 644 2425 quia
658 2387 744 2416 soluta
757 2394 796 2416 est
812 2398 891 2417 mors,
911 2388 947 2416 Et
965 2388 1083 2427 primum
1098 2387 1229 2427 permittit
1244 2387 1301 2416 fleri
1314 2394 1437 2425 mortem,
1451 2394 1549 2416 terrere
1563 2387 1655 2416 volens
1669 2397 1715 2426 per
1727 2387 1815 2416 filium

262 2438 372 2469 patrem.
382 2433 483 2462 Volens
493 2434 593 2473 quippe
603 2434 750 2471 ostendere,
766 2434 829 2472 quia
840 2445 929 2463 revera
942 2442 1077 2473 permanet
1089 2435 1166 2463 firma
1179 2434 1318 2471 sententia,
1329 2444 1381 2463 non
1393 2434 1477 2463 malos
1489 2434 1587 2471 statim,
1601 2433 1647 2463 sed
1661 2433 1740 2462 etiam
1753 2443 1815 2462 eum

262 2479 307 2516 qui
322 2479 455 2517 placuerat
469 2481 580 2518 subjecit
594 2480 736 2520 supplicio,
747 2480 856 2509 beatum
867 2480 944 2509 illum
962 2481 1027 2509 Abel
1045 2481 1117 2519 dico,
1134 2488 1160 2509 et
1171 2491 1236 2520 pene
1248 2487 1307 2520 post
1321 2481 1399 2509 illum
1414 2481 1551 2510 confestim
1565 2479 1699 2509 transtulit
1710 2479 1814 2516 Enoch,

263 2531 348 2553 cinon
364 2526 527 2554 resuscitavit
541 2527 629 2563 illum,
644 2538 677 2556 ne
693 2535 891 2567 praesumerent,
906 2538 954 2556 nec
968 2527 1131 2558 confidentes
1145 2529 1322 2563 efficerentur,
1336 2528 1383 2557 sed
1398 2528 1532 2557 transtulit
1547 2527 1623 2556 illum
1642 2527 1751 2566 vivum3
1767 2538 1814 2566 per

264 2569 328 2597 Alwl
350 2571 455 2609 quidem
476 2579 632 2610 perterrens.
651 2585 697 2614 per
718 2574 798 2603 istum
818 2581 906 2605 autem
925 2574 1044 2605 excitans
1058 2575 1091 2604 ad
1109 2574 1304 2605 aemulationem
1322 2574 1442 2616 placendi
1467 2574 1526 2604 sibi.
1547 2573 1662 2602 Proinde
1684 2574 1730 2612 qui
1750 2584 1810 2603 casu
