1886 2846
465 182 495 204 IN
525 182 632 205 EMST.
663 181 707 204 AD
734 182 901 205 minut-tos,

112 244 142 273 ἄν
160 255 199 276 τις
214 243 270 284 ἔχοι
290 244 384 282 τέχνας
405 244 487 271 εἰπεῖν
498 255 503 260 ·
517 244 583 272 ἀλλὰ
600 244 706 272 πάντων
723 243 820 272 τούτων
840 245 881 272 εὗ-

110 290 246 329 κολωτέρα
260 292 277 324 ἡ
299 288 379 328 ἀρετὴ
389 311 397 325 ,
413 288 459 318 ἐὰν
473 288 599 327 θέλωμεν,
617 290 661 318 καὶ
676 290 705 318 τὸ
721 291 757 322 εἰς
776 290 819 318 τὸν
837 292 881 318 οὐ·

112 336 189 375 ρανὸν
202 336 333 371 ἀναόἧναι
342 347 348 353 ·
364 336 474 370 θελῆσαι
488 335 539 374 γὰρ
554 336 591 363 δεῖ
605 335 681 373 μόνον
696 337 806 364 ἐνταῦθα
816 358 823 371 ,
839 335 883 363 καὶ

109 381 198 410 πάντα
210 381 378 410 ἕπεται.οὐκ
393 380 449 409 ἔστι
462 381 512 420 γὰρ
528 382 656 416 εἰπεῖν,οὐ
668 382 795 420 δύναμαι·
807 385 883 411 τοῦτ’)

109 426 161 466 γὰρ
177 427 360 466 κατηγορῆσαί
377 428 433 455 ἐστι
455 430 500 455 τοῦ
525 428 684 466 δημιουργῡῧ
697 439 702 445 ·
718 429 740 456 εἰ
755 427 806 466 γὰρ
821 427 883 455 ἁδυ-

110 473 203 506 νάτους
226 476 297 511 ἡμᾶς
319 473 458 509 ἐποίησεν,
477 469 533 502 εἶτα
556 474 691 502 ἐπιτάττει
705 497 711 509 ,
738 473 883 512 κατηγορία

110 521 188 549 αὐτοῦ
203 521 268 549 ἐστι.
279 520 342 552 Πῶς
357 515 411 555 οὖν,
424 519 502 558 φησὶ,
515 520 607 548 πολλοὶ
618 521 645 548 οὗ
665 519 787 548 δύνανται
798 533 805 555 ;
820 520 883 549 “Ort

110 565 139 593 οὖ
163 564 277 594 θέλουσι.
296 565 380 594 Πόθεν
405 565 432 594 δὲ
456 567 484 594 οὗ
506 566 639 601 θέλουςιν;
655 566 718 594 Ἀπὸ
740 565 881 605 ῥᾳθυμίας

110 610 179 640 ὥστε
200 612 223 640 εἷ
244 610 400 647 θελήσουσι,
421 611 526 644 πάντως
549 612 712 646 δυνήσονται.
734 611 786 640 Διὰ
806 615 882 641 τοῦτο

110 657 156 686 καὶ
172 659 186 686 ὅ
202 657 308 691 Παῧλός
329 670 406 696 φησι·
423 658 502 687 Θέλω
524 658 624 690 πάντας
642 658 792 697 ἀνθρώπους
815 654 882 687 εἶναι

110 705 145 735 ὡς
171 703 215 731 καὶ
238 703 359 741 ἐμαυτὸν,
373 703 463 738 ἐπειέὴ
487 704 544 743 ᾔδει
569 704 609 733 ὅτι
634 704 730 736 πάντες
755 703 882 738 ἠδύναντο

110 744 176 777 εἶναι
192 751 227 782 ὡς
241 750 286 778 καὶ
306 750 395 781 αὐτός·
409 750 466 779 οὐδὲ
486 750 535 789 γὰρ
550 749 591 785 ἂν,
607 750 630 778 εἴ
647 762 675 787 γε
696 749 820 778 ἀδύνατον
839 745 882 785 ἦν,

110 797 187 824 τοῦτο
212 791 279 824 εἶπε.
304 796 397 829 Θέλεις
424 796 543 834 γενέσθαι
569 796 704 834 {inspersu
725 798 771 830 τῆς
798 799 883 835 ἀρχῆς

110 841 238 870 ἔπιλαὸοῧ
253 842 340 879 μόνον.
357 841 422 871 Εἰπὲ
445 842 476 876 δή
499 854 560 880 μοι,
574 843 600 870 ἐν
617 846 672 874 ταῖς
687 842 792 880 τέχναις
810 843 880 871 ἁπά-

111 899 183 923 σαις,
197 887 260 917 ὅταν
276 887 392 925 θέλωμεν
413 889 439 916 ἐν
464 889 553 921 αὐταῖς
576 888 697 926 γενέσθαι
709 910 715 922 ,
733 887 882 927 ἀρκούμεθα

110 935 148 972 τῷ
164 934 256 967 Θέλειν,
269 933 286 968 ἢ
303 934 348 962 καὶ
362 934 499 972 ἁπτόμεθα
512 937 564 963 τῶν
581 933 761 972 πρειγμάτων;
776 929 840 962 Οἶόν
857 946 882 961 τι

109 979 194 1018 λέγω,
211 979 334 1018 βούλεταί
356 992 395 1013 τις
414 980 533 1019 γενέσθαι
553 979 730 1018 κυῧερνήτης·
747 982 775 1008 οὐ
794 979 880 1018 λέγει,

111 1025 192 1060 θέλω,
207 1026 252 1054 καὶ
268 1026 352 1065 τούτῳ
369 1028 506 1064 ἀρκεῖται,
524 1024 591 1053 ἀλλὰ
607 1024 652 1052 καὶ
667 1027 711 1052 τοῦ
726 1023 882 1062 πράγματος

110 1071 231 1099 ἅπτεται.
253 1070 333 1103 Θέλει
357 1071 477 1108 γενέσθαι
503 1069 631 1107 ἔμπορος’
655 1071 682 1097 οὐ
708 1069 792 1106 λέγει,
815 1068 882 1097 θέλω

109 1116 197 1154 μόνον,
213 1116 282 1145 ἀλλὰ
299 1116 343 1144 καὶ
356 1120 401 1144 τοῦ
415 1116 572 1154 πράγματος
586 1115 709 1143 ἅπτεται..
729 1114 880 1152 Ἀποδημῆ-

109 1174 154 1191 σαι
168 1162 247 1190 πάλιν
262 1161 348 1198 θέλει,
363 1161 406 1190 καὶ
433 1162 461 1190 οὐ
484 1160 570 1199 λέγει,
585 1160 668 1195 θέλω,
684 1159 753 1189 ἀλλὰ
770 1161 814 1188 καὶ
837 1163 882 1189 τοῦ

108 1208 265 1247 πράγματος
289 1208 410 1236 ἅπτεται.
432 1203 501 1236 Εἶτα
525 1208 550 1235 ἐν
575 1211 655 1235 πᾶσιν
681 1207 728 1235 οὐκ
755 1208 830 1246 ἀρκεῖ
852 1207 882 1235 τὸ

110 1255 220 1288 θελῆσαι
235 1254 324 1291 μόνον,
338 1253 407 1282 ἀλλὰ
420 1253 466 1281 καὶ
481 1253 511 1281 τὸ
525 1252 599 1291 ἔργον
613 1254 764 1292 προσθεῖναι
780 1253 818 1280 δεῖ
827 1263 833 1270 ·
846 1253 882 1284 εἷς

111 1298 138 1328 δὲ
163 1299 206 1328 τὸν
231 1299 339 1338 οὐρανὸν
362 1299 516 1337 βουλόμενος
540 1300 672 1334 ἀνελθεῖι,
694 1298 792 1337 λέγεις,
815 1298 881 1327 θέλω

111 1345 204 1383 μόνον;
217 1347 280 1378 Πῶς
294 1341 348 1381 οὖν,
364 1345 454 1384 φησὶν,
472 1344 573 1384 ἔλεγες,
588 1344 628 1373 ὅτι
640 1344 669 1372 τὸ
687 1345 769 1373 θέλειν
792 1346 879 1384 ἀρκεῖ;

110 1391 151 1421 Τὸ
165 1392 247 1421 θέλειν
264 1392 331 1429 μετὰ
343 1393 394 1420 τῶν
411 1391 503 1431 ἔργων,
518 1392 548 1420 τὸ
562 1391 821 1429 ἁντιλαμὸανόμενον
836 1395 881 1420 τοῦ

110 1437 282 1477 πράγματος,
294 1437 324 1466 τὸ
338 1438 494 1467 πονέσαντα.
507 1437 625 1477 Ἴίχομεν
640 1438 691 1476 γὰρ
707 1441 880 1478 συνεργοῦντα

109 1483 155 1512 καὶ
169 1483 372 1523 συμπράττοντα
391 1484 435 1513 τὸν
449 1484 517 1513 Θεόν
527 1496 534 1501 ·
555 1484 633 1522 μόνον
649 1484 784 1521 ἑλώμεθα,
803 1483 879 1522 μόνον

109 1531 144 1562 ὡς
157 1529 226 1568 ἔργῳ
240 1531 456 1568 προσενεχθῶμεν
480 1531 518 1568 τῷ
539 1530 694 1568 πράγματι,
708 1530 786 1568 μόνον
807 1542 881 1569 μερι-

931 182 1006 204 CAP.
1038 182 1085 204 IX·
1115 183 1231 205 nomi..
1262 184 1332 206 XVI.
1610 173 1678 206 233

936 254 1015 281 quam
1027 244 1054 272 in
1069 244 1177 272 ensibus
1188 244 1291 284 sphaera
1307 244 1495 283 tuden-&quid
1511 250 1558 280 est,
1572 245 1616 273 dic
1628 246 1676 273 mi-

935 289 980 325 hi,
992 289 1100 328 gravius
1114 301 1195 329 quam
1214 291 1327 320 scrutari
1343 290 1508 331 profundum
1521 291 1625 319 maris?
1643 291 1677 319 Et

935 335 1000 365 alias
1014 343 1083 365 artes
1099 336 1307 366 innumerabiles
1321 337 1439 376 potueris
1453 337 1542 366 dicere
1555 349 1561 364 :
1575 337 1621 365 sed
1635 337 1678 364 liis

935 381 1060 411 omnihus
1072 390 1112 411 est
1125 383 1211 412 virtus
1223 383 1336 420 facilior,
1348 383 1369 411 si
1384 384 1510 419 velimus,
1523 390 1548 412 et
1561 383 1679 411 ascensio

936 427 962 456 iu
977 428 1072 457 caelum
1085 441 1091 457 ε
1106 429 1175 458 velle
1185 429 1257 458 enim
1271 429 1316 458 hic
1327 429 1414 457 solum
1426 436 1538 468 oportet,
1555 436 1580 457 et
1589 429 1678 458 omnia

936 482 1091 512 sequuntur.
1106 476 1165 504 Non
1186 476 1247 504 licet
1265 476 1365 510 dicere,
1384 477 1443 504 Non
1458 486 1582 514 possum;
1599 476 1626 503 id
1641 481 1680 503 est

936 530 1060 549 accusare
1082 521 1214 560 Opificem
1228 533 1234 549 :
1248 532 1310 550 nam
1334 521 1355 550 si
1379 532 1425 549 nos
1450 521 1512 549 fecit
1531 520 1680 548 imbecillos

936 573 961 594 et
973 566 1075 605 jubeat,
1090 567 1174 606 ipsius
1188 574 1226 596 est
1240 567 1384 596 accusatio.
1396 566 1540 601 Quomodo
1553 576 1624 604 ergo,
1636 565 1679 593 in—

910 621 916 640 ι
936 612 1005 650 quit,
1022 613 1100 641 multi
1116 623 1168 642 non
1181 614 1313 653 possunt?
1326 613 1397 649 Quia
1412 623 1464 641 uon
1475 612 1581 640 volunt.
1599 613 1678 648 Quo-

936 659 1015 687 modo
1034 669 1086 687 non
1110 659 1226 688 volunt?
1243 661 1301 688 Prae
1319 659 1423 688 desidia
1438 671 1443 687 z
1461 669 1521 687 nam
1543 658 1563 686 si
1581 658 1679 686 volue-

936 705 1000 739 rint,
1023 712 1147 744 potcrunt
1166 705 1284 735 omnino,
1304 706 1448 745 Propterea
1469 704 1570 733 Paulus
1591 703 1679 733 dicit?

939 752 1010 780 l‘olo
1026 763 1125 781 omnes
1139 753 1272 781 homines
1284 762 1345 781 esse
1359 754 1432 781 sicul
1448 753 1598 790 meipsum,
1612 762 1678 790 quo-

937 798 1008 826 niam
1024 799 1123 827 sciebat
1138 809 1227 827 omnes
1240 809 1316 837 posse
1327 809 1381 827 esse
1396 798 1464 826 sicut
1479 804 1533 826 erat
1550 798 1605 836 ipse
1617 809 1623 824 :
1635 808 1680 826 ne-

936 854 987 882 que
996 844 1067 872 euim
1078 844 1128 873 hoc
1139 844 1263 880 dixisset,
1277 844 1298 872 si
1309 844 1367 872 ficri
1381 854 1431 872 non
1443 850 1541 883 posset.
1556 844 1607 872 Vis
1620 843 1679 872 sieri

938 890 1058 928 probus?
1070 890 1233 929 principium
1248 889 1418 930 apprehende
1431 897 1544 918 tantum.
1555 890 1623 918 Nam
1636 889 1680 917 dic

938 936 1014 972 mihi,
1026 936 1053 964 in
1069 937 1193 965 omnibus
1208 937 1321 973 artibus,
1337 938 1357 965 si
1373 937 1489 965 velimus
1503 947 1547 965 eas
1562 937 1678 975 assequi,

937 982 1072 1010 sussicitne
1091 982 1167 1010 nobis
1189 982 1272 1019 veile,
1289 993 1321 1010 an
1337 983 1416 1011 etiam
1432 993 1472 1011 res
1487 982 1681 1021 aggredimur?

938 1028 975 1055 L‘t
993 1027 1109 1066 exempli
1126 1038 1202 1055 causa
1219 1040 1224 1054 :
1240 1028 1298 1056 vult
1315 1028 1413 1066 aliquis
1428 1039 1483 1057 csse
1499 1029 1660 1067 gubernator
1674 1041 1679 1056 ι

937 1083 989 1101 non
1004 1073 1087 1108 dicit,
1108 1073 1188 1108 VolQ
1205 1080 1229 1102 et
1245 1074 1296 1101 hoc
1310 1074 1334 1102 ei
1349 1075 1459 1109 suflicit,
1474 1075 1519 1103 sed
1533 1076 1611 1103 etiam
1625 1085 1681 1103 rem

936 1119 1101 1157 aggreditur.
1113 1119 1181 1148 Vult
1195 1127 1327 1148 mercator
1342 1131 1397 1148 esse
1412 1133 1416 1148 :
1435 1131 1486 1149 non
1502 1121 1587 1149 solum
1602 1121 1679 1155 dicit,

937 1165 1019 1201 Yolo,
1033 1165 1080 1194 sed
1094 1165 1174 1193 etiam
1187 1176 1242 1193 rem
1256 1165 1378 1205 suscipit.
1393 1166 1461 1195 Vult
1472 1177 1580 1205 peregre
1592 1167 1679 1206 pross-

936 1212 1000 1240 cisci
1013 1224 1019 1240 :
1032 1222 1084 1240 nou
1099 1211 1176 1248 dicit,
1189 1212 1268 1247 Volo,
1283 1218 1397 1247 tantum,
1409 1212 1455 1240 sed
1469 1213 1548 1241 etiam
1564 1225 1621 1242 rem
1631 1224 1679 1252 ag-

936 1260 1068 1299 greditur.
1090 1261 1184 1299 Itaque
1207 1261 1234 1289 in
1258 1260 1384 1289 omnihus
1405 1271 1457 1289 non
1480 1262 1580 1290 sufficit
1594 1262 1681 1290 solum

936 1311 1014 1348 velle,
1022 1311 1068 1340 sed
1079 1312 1178 1339 sactum
1190 1322 1296 1350 quoque
1307 1319 1345 1340 est
1356 1311 1511 1340 addendum
1525 1323 1530 1339 :
1542 1312 1570 1340 in
1583 1312 1680 1340 coelum

936 1371 1024 1393 autem
1037 1364 1078 1393 vis
1093 1364 1243 1399 ascendere,
1258 1371 1283 1392 et
1297 1364 1365 1393 dicis
1378 1364 1482 1401 solum,
1498 1364 1589 1393 Volo?
1603 1365 1680 1399 Quo-

936 1416 1016 1445 modo
1030 1426 1109 1455 ergo,
1126 1416 1230 1455 inquit,
1243 1416 1353 1445 dicebas
1374 1416 1447 1455 quod
1469 1417 1570 1445 sufficit
1591 1417 1681 1445 velle?

935 1468 1013 1497 Velle
1025 1478 1086 1496 cum
1098 1467 1184 1505 sactis,
1199 1478 1254 1496 rem
1269 1474 1294 1496 et
1305 1467 1425 1496 laborem
1436 1468 1578 1507 suscipere.
1591 1467 1681 1496 Habe-

934 1530 994 1548 mus
1015 1518 1084 1547 enim
1101 1519 1188 1547 Deum
1205 1518 1378 1558 adjuvantem
1393 1526 1418 1547 et
1437 1529 1515 1558 opem
1535 1519 1678 1548 ferentem:

109 1575 259 1613 μνήσωμεν,
273 1575 349 1613 μόνον
361 1576 397 1608 εἷς
411 1579 468 1604 νοῦν
485 1575 644 1615 βαλώμεθα,
655 1575 700 1604 καὶ
715 1576 801 1605 πάντα
816 1575 878 1605 ἕπε-
896 1583 915 1605 D
934 1570 1021 1598 solum
1035 1569 1176 1607 eligamus,
1188 1569 1277 1597 solum
1292 1569 1327 1598 ad
1342 1580 1397 1598 rem
1410 1577 1548 1608 tamquam
1563 1570 1598 1599 ad
1611 1581 1680 1610 opus

107 1633 161 1651 ται.
176 1621 241 1651 Ἐὰν
263 1621 290 1651 δὲ
310 1621 488 1660 καθεύδωμεν,
503 1622 547 1651 καὶ
570 1621 708 1661 ῥέῃ-οντες
724 1623 878 1661 προσδοκῶ-
934 1619 1107 1656 accedamus,
1119 1626 1224 1648 tantum
1240 1619 1324 1648 simus
1339 1620 1463 1658 solliciti,
1476 1627 1582 1650 tantum
1599 1632 1677 1650 men—

527 1757 701 1787 MUTIANO
724 1757 979 1787 SCHOLASTICO
1002 1757 1255 1787 INTERPRETE.

105 1856 278 1895 spectantes?
293 1857 358 1895 quid
380 1864 469 1886 autem
491 1857 643 1895 difficilius,
664 1869 745 1896 quam
767 1869 828 1886 cum
855 1858 953 1896 gladiis
975 1857 1091 1897 pilarum
1114 1868 1188 1886 more
1209 1857 1327 1886 ludere?
1347 1858 1414 1897 quid
1435 1866 1522 1888 autem
1548 1861 1673 1899 gravius,

104 1903 150 1931 dic
162 1903 241 1937 mihi,
255 1914 336 1942 quam
348 1904 515 1943 profundum
531 1905 619 1944 pelagi
632 1906 746 1934 scrutari
760 1906 815 1934 ?Et
829 1906 921 1934 decem
935 1905 1020 1933 millia
1034 1905 1100 1933 alias
1114 1912 1183 1933 artes
1195 1905 1255 1942 quis
1269 1905 1357 1934 dicere
1371 1913 1458 1945 posset
1472 1918 1478 1934 :
1493 1907 1539 1935 sed
1551 1908 1672 1936 omnium

1167 1952 1236 1980 velle
1255 1952 1326 1980 enim
1349 1952 1394 1981 hic
1413 1964 1481 1992 opus
1495 1961 1534 1982 est
1553 1961 1670 1991 tantum,

103 2003 129 2025 et
146 1998 236 2027 omnia
250 2006 409 2037 sequuntur.
428 2001 488 2029 Non
508 2007 597 2040 potest
617 2001 686 2029 enim
702 2001 767 2038 dici,
782 2002 841 2029 'Non
862 2011 992 2040 possum;
1009 2010 1093 2038 neque
1116 2010 1242 2028 accusare
1265 2007 1339 2039 potes
1355 2000 1526 2030 Conditorem
1541 2014 1548 2029 :
1562 2003 1584 2031 si
1598 2003 1669 2032 enim

102 2043 281 2083 impossibiles
299 2057 345 2074 nos
359 2047 431 2084 fecit,
442 2047 540 2076 deinde
560 2048 684 2087 imperat,
698 2049 831 2077 accusatio
851 2050 907 2087 ejus
928 2054 975 2076 est.
991 2046 1135 2084 Quomodo
1156 2057 1230 2085 ergO,
1243 2046 1343 2085 inquis,
1359 2048 1438 2076 multi
1459 2059 1512 2077 non
1531 2050 1668 2088 possunt?

102 2091 149 2108 *¹⁴*
166 2092 308 2127 Quomodo
329 2104 391 2133 ergo
411 2095 489 2124 multi
511 2095 605 2124 nolunt
626 2096 639 2123 Ξ)
660 2096 690 2123 Si
711 2096 781 2124 enim
802 2095 956 2129 voluerint,
971 2105 1062 2124 omues
1088 2101 1211 2133 poterunt
1228 2101 1359 2134 :propter
1379 2095 1430 2124 hoc
1449 2102 1474 2124 et
1490 2096 1590 2126 Paulus
1619 2099 1667 2127 di—

101 2138 160 2167 xit:
179 2141 250 2169 Volo
268 2152 366 2171 omnes
386 2143 517 2172 homines
538 2154 601 2172 esse
619 2146 693 2172 sicut
717 2146 856 2183 meipsum
871 2167 879 2178 ‚
908 2143 1034 2181 quoniam
1053 2142 1152 2170 sciebat
1170 2141 1242 2180 quud
1262 2152 1352 2171 omnes
1373 2150 1495 2182 poterant
1513 2155 1568 2174 esse
1597 2146 1666 2176 sicut

98 2185 154 2224 ipse
171 2199 177 2214 ε
195 2197 364 2226 nequaquam
383 2190 455 2218 enim
473 2190 524 2219 hoc
546 2190 657 2225 diceret,
676 2192 696 2219 si
720 2191 886 2231 impossibile
904 2198 979 2219 esset.
996 2190 1046 2220 Vis
1061 2190 1144 2218 ficri?
1168 2189 1333 2229 principium
1356 2197 1461 2219 tantum
1479 2192 1662 2231 apprehende.

98 2232 150 2261 Dic
163 2241 252 2263 autem
267 2235 334 2264 mihi
351 2247 357 2263 z
375 2236 402 2265 in
416 2237 521 2267 artibus
535 2239 637 2267 cunctis
648 2262 656 2273 ,
676 2249 737 2267 cum
752 2239 919 2268 voluerimus
935 2239 961 2267 in
977 2238 1015 2267 eis
1028 2237 1137 2278 perfecti
1154 2237 1211 2266 ficri
1222 2260 1230 2273 ‚
1245 2248 1310 2266 num
1323 2238 1423 2266 sufficit
1438 2239 1515 2268 nobis
1529 2240 1613 2277 velle,
1629 2253 1662 2271 an

97 2280 177 2309 etiam
191 2281 365 2320 aggredimur
380 2283 452 2322 ipsas
467 2286 530 2314 res?
545 2286 638 2315 Veluti
653 2285 726 2324 quod
739 2286 800 2315 dico
817 2298 822 2314 :
839 2287 898 2315 vult
912 2286 1010 2324 aliquis
1025 2285 1082 2314 fieri
1099 2285 1262 2325 gubernator
1279 2297 1285 2312 ε
1302 2295 1355 2313 non
1369 2285 1455 2323 dicit,
1472 2287 1558 2323 Volo,
1573 2295 1599 2316 et
1611 2288 1662 2318 hoc

94 2328 118 2356 ei
135 2328 246 2363 sufficit,
263 2328 309 2358 sed
326 2330 406 2359 etiam
420 2342 477 2360 rem
497 2333 583 2372 ipsam
598 2333 762 2372 aggreditur.
776 2335 844 2364 Vult
862 2335 920 2363 fieri
941 2334 1089 2373 negotiator
1103 2345 1108 2361 :
1123 2344 1174 2362 non
1191 2333 1267 2367 dicit,
1284 2333 1365 2367 Volo,
1382 2340 1496 2370 tantum,
1513 2335 1559 2364 sed
1579 2336 1659 2366 etiam

94 2384 152 2403 rem
169 2375 334 2414 aggreditur.
351 2377 380 2406 In
400 2378 545 2417 longinqua
561 2380 621 2409 vult
642 2391 762 2420 pergere,
778 2392 829 2410 non
846 2381 922 2418 dicit,
941 2381 1020 2415 Volo,
1036 2380 1081 2409 sed
1102 2380 1182 2409 etiam
1209 2391 1265 2408 rem
1283 2380 1368 2420 ipsam
1387 2381 1551 2420 aggreditur.
1567 2383 1603 2412 Et
1622 2386 1661 2414 sic

95 2422 122 2451 in
140 2423 266 2451 omnibus
284 2434 335 2452 non
355 2425 455 2454 sufficit
469 2427 538 2456 velle
555 2434 669 2462 tantum,
682 2427 728 2457 sed
748 2429 827 2457 etiam
849 2440 916 2469 opus
937 2435 1041 2469 oportet
1058 2428 1158 2457 addere
1174 2440 1180 2455 :
1196 2428 1223 2456 in
1238 2428 1333 2456 caelum
1353 2435 1442 2457 autem
1460 2429 1551 2458 volens
1569 2441 1661 2460 ascen-

95 2467 168 2504 dere,
185 2468 255 2498 dicis
275 2476 389 2509 tantum,
408 2472 503 2501 Volo?
519 2473 660 2508 Quomodo
679 2485 742 2513 ergo
761 2475 878 2511 dicebas,
894 2475 994 2514 inquis,
1010 2475 1073 2514 quia
1094 2475 1163 2504 velle
1186 2474 1308 2503 suffieit?
1322 2473 1376 2503 Sed
1395 2474 1464 2504 velle
1485 2485 1546 2504 cum
1567 2486 1657 2516 opere,

96 2516 298 2555 apprehendens
319 2518 399 2547 etiam
422 2530 478 2548 rem
498 2531 558 2549 cum
581 2521 682 2550 labore.
700 2522 836 2552 Habemus
860 2523 961 2563 quippe
983 2529 1181 2562 cooperatorem
1203 2528 1228 2550 ct
1254 2520 1404 2560 adjutorem
1423 2522 1510 2551 Deum
1527 2534 1534 2558 ;
1554 2529 1658 2553 tantum

98 2573 153 2591 rem
174 2574 349 2599 assumamus,
363 2573 467 2596 tantum
484 2569 566 2598 veluti
589 2569 623 2598 ad
641 2580 708 2609 opus
728 2570 896 2609 accedamus,
908 2572 940 2600 ad
959 2582 1014 2600 rem
1035 2578 1138 2600 tantum
1158 2580 1249 2599 curam
1273 2579 1405 2608 geramus,
1420 2577 1522 2599 tantum
1542 2570 1567 2599 in
1584 2583 1658 2600 meu<

258 2622 331 2641 rom.
358 2624 415 2643 xii.
1502 2619 1538 2645 10

104 1950 216 1978 istarum
234 1950 340 1980 facilior
358 1959 397 1980 est
414 1952 514 1989 virtus,
529 1952 551 1981 si
571 1953 749 1989 voluerimus,
765 1960 789 1981 et
811 1953 837 1981 iu
859 1953 955 1981 ezr-lum
975 1952 1117 1981 ascendere
1135 1964 1142 1980 ε

1695 761 1797 789 μίὀκζ.
1810 769 1832 790 7.
