1906 2846
75 1008 129 1028 Luc.
142 1005 164 1026 8.
175 1003 198 1025 6.

106 1056 197 1074 Pronum

73 1090 152 1113 quanta
164 1086 191 1104 sit

74 1125 115 1136 ¹15.

73 1148 128 1168 Lus.
143 1151 176 1169 Π.
191 1144 213 1168 S,

75 1289 160 1310 Matth.
177 1288 213 1311 15.

75 1321 111 1342 25.
125 1327 162 1349 25.

77 1703 153 1724 Ι-ΪτοιΙ.
168 1699 218 1725 3.S.

234 201 300 214 ’μὴ

234 213 290 236 ζ’)ι

524 211 552 231 S.
581 209 615 230 JO
626 208 719 230 xNMS
745 206 925 229 CHRYSOST.

231 279 354 311 terrogat,
377 271 424 300 scd
443 269 607 308 discipulum
629 268 722 295 volens
743 266 882 294 instituere
907 276 914 292 t
935 265 971 293 ita

229 318 308 347 etiam
325 317 446 345 Christus
462 325 513 343 non
530 313 650 341 oratione
668 311 791 349 indigens
806 310 908 346 orabat,
925 310 972 339 sed

230 371 253 392 tc
268 363 394 391 inducere
405 361 495 389 volens
509 365 536 386 ut
551 357 659 386 assidue
673 357 709 385 sis
719 363 835 384 attentus
847 355 972 391 orationi,

228 416 256 437 nt
275 419 331 436 cam
353 406 459 435 emittas
477 405 533 433 sine
553 402 761 439 intermissione,
784 408 813 430 ut
834 401 931 438 sobrie,
947 408 971 430 et

226 464 287 482 euin
310 452 395 480 multa
413 450 562 490 vigilantia.
581 449 705 487 vigilare
728 454 819 476 autem
840 457 893 475 non
911 446 972 476 dico

227 499 314 528 solum
333 504 414 526 noctu
434 495 596 536 expergisci,
619 493 665 523 sed
686 494 767 522 etiam
791 492 907 522 interdiu
928 504 972 522 so-

226 546 317 574 brium
331 555 387 573 esse
403 544 429 572 in
445 543 570 583 precibus
587 554 592 570 :
605 541 722 579 vigilans
737 540 809 569 enim
821 540 844 568 is
856 540 972 579 appella·

227 592 374 620 tur.Potcst
390 590 461 618 enim
476 588 574 626 aliquis
589 594 668 615 noctu
682 597 761 615 orans
772 586 891 614 dormire
899 593 924 614 et
936 586 973 614 in-

228 637 314 665 terdiu
331 647 382 664 non
400 645 477 664 orans
495 633 623 672 vigilare,
638 631 745 670 quando
765 631 870 660 animus
884 638 923 660 est
938 631 974 660 ad

228 685 314 712 Deum
326 683 453 717 intentus,
467 679 573 719 quando
585 679 683 718 cogitat
698 689 759 707 cum
776 689 828 717 qno
842 678 971 715 disserat,

228 730 262 759 ad
276 741 355 768 quem
365 729 445 758 verba
456 727 547 763 saciat,
565 725 673 764 quando
686 732 792 765 reputat
802 725 873 764 quod
885 724 973 764 angeli

228 775 332 804 adstent
351 785 411 802 cum
430 780 542 801 tremore
559 779 583 800 et
598 771 705 807 timore,
725 771 783 810 ipse
796 778 885 799 autem
900 781 973 799 acce-

227 821 268 849 dit
280 820 395 849 oseitans
408 826 470 847 etse
480 818 590 847 fricans.
603 819 704 856 Magna
717 828 790 846 arma
801 824 863 845 sunt
872 828 972 856 preces,

227 867 249 895 si
266 876 326 894 cum
342 877 371 894 ea
391 875 443 904 qua
461 875 510 904 par
530 870 568 892 est
586 870 673 892 mente
689 863 764 892 fiant.
778 862 814 891 Et
834 869 862 891 ut
881 873 973 891 earum

227 912 284 941 vim
301 911 435 949 intelligas
447 933 455 948 ,
477 910 540 938 hinc
557 908 692 949 perpende
711 921 716 936 ε
735 908 934 948 impudentiam
948 915 973 937 et

228 958 407 996 iniquitatem,
432 955 618 984 crudelitatem
638 962 663 984 et
687 955 869 994 importunam
887 954 973 983 auda-

227 1004 296 1033 ciam
310 1004 421 1032 vincnnt
440 1002 553 1032 assiduae
572 1012 662 1041 preces
677 1013 683 1029 :
700 1002 813 1030 Audite
829 1001 912 1037 enim,
929 1001 973 1029 in-

227 1051 294 1090 quit,
316 1051 387 1090 quid
409 1051 488 1078 dicat
503 1049 596 1088 judea:
624 1048 799 1087 iniquitatis.
824 1047 859 1075 Et
879 1057 972 1076 rursus

227 1097 339 1125 vincunt
350 1095 481 1124 desidiam
494 1106 500 1122 :
517 1101 541 1122 et
553 1093 626 1132 quod
641 1104 693 1122 non
705 1093 766 1122 fecit
782 1093 909 1127 amicitia,
920 1093 971 1121 hoc

228 1141 333 1171 assidua
347 1141 410 1170 fecit
423 1139 619 1178 interpellatio:
635 1140 672 1167 Ει
687 1140 714 1167 si
728 1148 786 1166 non
802 1148 835 1166 eo
848 1139 927 1176 quod
934 1141 971 1166 sit
988 1141 1007 1164 D

227 1190 289 1227 ejus
300 1190 424 1223 amicus,
437 1186 535 1224 inquit,
546 1186 629 1213 dabit
636 1187 673 1221 ei,
686 1184 738 1213 sed
747 1191 846 1212 tamen
855 1190 972 1222 propter

227 1235 288 1273 ejus
295 1233 517 1272 impudentiam,
529 1240 649 1269 surgens
658 1230 742 1258 dabit
751 1231 787 1257 ei.
799 1228 835 1256 Et
845 1239 903 1257 eam
912 1239 970 1267 quae

227 1287 283 1308 erat
297 1279 406 1317 indigna
418 1300 426 1315 ,
443 1277 553 1316 dignam
567 1276 629 1305 fecit
645 1275 787 1304 assiduitas
807 1286 813 1303 :
833 1276 901 1304 Non
915 1282 968 1312 est,

226 1324 325 1363 inquit,
339 1326 445 1352 bonum
456 1324 586 1361 accipere
594 1331 701 1361 panem
700 1321 849 1361 filiorum,
861 1327 888 1349 et
900 1322 970 1350 dare

227 1372 358 1400 canibus.
376 1371 488 1405 Etiam,
503 1368 601 1407 inquit,
621 1369 747 1396 Domine
763 1379 770 1394 .-
788 1377 857 1395 nam
872 1373 899 1395 et
915 1377 969 1395 ca-

227 1417 285 1446 tuli
297 1417 451 1445 comedunt
464 1425 479 1444 e
490 1424 590 1443 mensa
602 1414 786 1442 dominorum
798 1422 926 1441 suorum.

270 1508 296 1535 5.
313 1506 489 1535 Attendamus
510 1516 573 1544 ergo
591 1502 703 1533 orationi
716 1515 721 1530 :
734 1509 795 1531 sunt
810 1512 907 1540 magna
922 1512 967 1530 ar—

977 1530 1013 1548 252

957 205 1098 227 ARCHIEP
1106 219 1112 227 .
1141 204 1396 228 CONSTANTt-NOP
1403 221 1410 227 .

1026 260 1096 297 οἶδας
1110 265 1149 293 ὅτι
1162 267 1208 293 οὐκ
1224 267 1323 304 ἀγνοῶν
1337 267 1437 306 ἐρωτᾷ,
1449 267 1516 296 ἀλλὰ
1529 268 1571 296 τὸν
1585 270 1795 308 μαθητευόμενον

1026 309 1106 338 Οέλων
1128 311 1280 349 ἐναγαγεῖν·
1301 311 1369 339 οὕτω
1393 312 1437 339 καὶ
1458 314 1472 340 ὁ
1496 313 1608 351 Χριστὸς
1628 315 1656 342 οὐ
1677 316 1796 353 δεόμενος

1026 357 1104 394 εὗχῆς
1121 357 1233 385 ἐποιεῖτο
1249 356 1297 392 τὴν
1314 357 1407 397 εὐχὴν,
1422 357 1490 386 ἀλλὰ
1508 358 1536 387 σὲ
1550 359 1631 387 θέλων
1650 361 1796 399 ἒναγαγεὶν,

1026 401 1068 430 ἰ’να
1084 403 1199 441 συνεχῶς
1213 403 1346 442 προσέχῃς
1360 406 1392 442 τῇ
1407 405 1485 443 εὐχῇ,
1500 404 1543 432 ἵνα
1556 405 1743 441 ἀδιαλείπτως,
1754 407 1796 435 ἵνα

1025 447 1173 486 νηφόντως,
1187 449 1231 477 καὶ
1253 449 1320 486 μετὰ
1342 451 1442 484 πολλ’ἧς
1465 452 1512 485 τῆς
1534 450 1678 488 ἀγρυπνίας
1698 451 1797 487 ταύτην

1026 495 1111 531 ποιῇς.
1127 493 1278 533 Ἀγρυπνεῐν
1303 494 1330 523 δὲ
1351 496 1379 523 οὐ
1399 495 1428 523 τὸ
1447 495 1538 528 νυκτὸς
1563 495 1707 534 ἐγείρεσθαι
1728 497 1797 536 λέγω

1027 539 1114 577 μόνον,
1126 540 1194 569 ἀλλὰ
1208 540 1253 569 καὶ
1271 540 1300 569 τὸ
1321 542 1348 569 ἐν
1363 541 1450 580 ἡμέρᾳ
1464 541 1553 580 νήφειν
1571 543 1596 570 ἐν
1617 547 1674 575 ταῖς
1687 554 1797 581 προσευ-

1025 590 1099 624 χαῖς·
1113 585 1242 624 ἄγρυπνος
1265 586 1315 625 γὰρ
1334 588 1454 615 καλεῖται
1475 589 1489 615 ὁ
1508 590 1631 620 τοιοῦτος.
1647 587 1725 616 Ἐπεὶ
1741 587 1797 617 ἔστι

1026 631 1071 660 καὶ
1094 632 1185 664 νυκτὸς
1205 632 1347 671 εὐχόμενον
1370 633 1514 668 animosam,
1535 633 1579 662 καὶ
1599 635 1625 662 ἔν
1648 634 1736 673 ἡμέρᾳ
1758 634 1796 672 μὴ

1027 677 1167 716 εὐχόμενον
1183 681 1331 717 ἀγρυπνεῖν,
1348 679 1410 707 ὅταν
1425 681 1440 714 ἡ
1461 679 1533 718 ψυχὴ
1549 680 1679 718 τεταμένη
1698 676 1716 720 ᾗ
1732 681 1798 720 πρὸς

1027 723 1069 752 τὸν
1091 723 1170 759 Θεὸν,
1186 724 1249 753 ὅταν
1275 726 1348 763 ἐννοῇ
1369 725 1420 753 τίνι
1443 725 1591 763 διαλέγεται
1598 726 1683 765 ,πρὸς
1705 726 1765 754 τίνα
1785 728 1798 755 ὁ

1027 771 1101 809 λόγος
1118 771 1197 809 αὐτῇ,
1211 770 1273 803 ὅταν
1288 770 1357 809 λάδῃ
1379 772 1405 799 ἐν
1423 773 1459 810 νῷ
1475 770 1515 800 ὅτι
1531 771 1637 810 ἄγγελοι
1661 772 1797 811 παρεστή-

1027 829 1088 846 κασι
1112 816 1180 854 μετὰ
1201 817 1300 857 τρόμου
1314 818 1360 845 καὶ
1381 817 1475 856 φόὸου,
1492 817 1568 850 αὐτὸς
1582 817 1609 846 δὲ
1629 817 1725 857 προσίῃ
1744 830 1796 856 χα-

1027 862 1164 901 σμώμενος
1179 863 1223 891 καὶ
1237 862 1377 901 κνώμενος.
1391 862 1468 901 Μέγα
1481 862 1559 891 ὅπλον
1578 862 1658 901 εὐχὴ,
1669 862 1713 892 ἐὰν
1729 863 1797 901 μετὰ

1026 910 1072 943 τῆς
1084 909 1269 947 προσηκούσης
1283 908 1387 946 γίνηται
1403 908 1525 940 διανοίας.
1536 908 1588 936 Καὶ
1600 908 1642 937 ἵνα
1653 909 1740 947 μάθῃς
1753 910 1797 938 αὗ-

1026 957 1074 990 τῑῆς
1091 955 1138 990 τὴν
1164 954 1250 994 ἰσχὺν,
1271 954 1364 983 σκόπει
1389 956 1517 983 ἐντεῦθεν·
1540 954 1726 993 ἀναισχυντίας
1751 954 1797 983 καὶ

1026 1000 1129 1033 ἀδικίας
1147 1001 1192 1028 καὶ
1214 1000 1350 1038 ὠμότητος
1371 1000 1415 1028 καὶ
1436 999 1593 1039 ἰταμότητος
1613 999 1758 1039 ἐκράτησεν
1779 1001 1796 1034 ἡ

1027 1046 1139 1085 συνεχὴς
1153 1046 1279 1079 ἔντευξις·
1291 1046 1433 1075 Ἀκούσατε
1450 1046 1516 1085 γὰρ,
1529 1046 1610 1085 φησὶ,
1624 1045 1651 1074 τί
1671 1048 1685 1074 ὁ
1706 1044 1797 1084 κριτὴς

1026 1091 1097 1130 λέγει
1119 1095 1166 1127 τῆς
1186 1092 1298 1125 ἀδικίας.
1320 1092 1373 1121 Καὶ
1394 1092 1469 1120 ὄκνου
1490 1092 1569 1120 πάλιν
1592 1091 1736 1130 ἐκράτησε·
1751 1090 1795 1119 καὶ

1025 1138 1090 1178 ὅπερ
1105 1140 1151 1167 οὒκ
1167 1138 1273 1173 ἐποίησε
1286 1139 1374 1177 φιλία,
1385 1142 1461 1167 τοῦτο
1472 1138 1593 1174 ἐποίησεν
1610 1138 1722 1171 ἔντευξις
1737 1149 1796 1166 συν-

1026 1185 1103 1224 εχής·
1122 1185 1167 1214 καὶ
1189 1186 1211 1213 εἷ
1240 1185 1277 1223 μὴ
1299 1184 1342 1213 διὰ
1362 1185 1392 1213 τὸ
1414 1184 1488 1223 φίλον
1511 1185 1589 1213 αὐτοῦ
1610 1179 1690 1220 εἶναι,
1716 1184 1794 1222 φησὶ,

1025 1231 1102 1261 δώσει
1114 1232 1195 1270 αὐτῷ,
1207 1231 1273 1260 ἄλλοί
1288 1244 1316 1269 γε
1328 1231 1371 1259 διὰ
1383 1230 1430 1266 τὴν
1444 1230 1578 1260 ἀναίδειαν
1589 1231 1666 1259 αὐτοῦ
1681 1229 1796 1263 ἀναστὰς

1025 1276 1103 1305 δώσει
1124 1277 1207 1315 αὐτῷ.
1229 1275 1282 1304 Καὶ
1307 1275 1412 1309 ἀναξίαν
1432 1271 1511 1304 οὖσαν
1536 1275 1609 1308 ἀξίαν
1630 1275 1753 1310 ἐποίησεν
1777 1278 1794 1310 ἡ

1025 1322 1135 1361 συνεχὴς
1157 1321 1325 1361 προσεδρεία·
1343 1322 1401 1350 Οὐκ
1422 1322 1491 1357 ἔστι,
1508 1321 1587 1360 φησὶ,
1602 1321 1683 1350 καλὸν
1703 1320 1794 1350 λαὸεἶν

1023 1368 1067 1397 τὸν
1091 1368 1168 1408 ἄρτον
1181 1369 1232 1396 τῶν
1249 1368 1356 1403 τέκνων,
1371 1367 1415 1396 καὶ
1432 1369 1521 1405 βαλεῖν
1536 1372 1590 1400 τοῖς
1604 1366 1746 1406 κυναρίοις.
1761 1367 1795 1396 Ἥ

1025 1411 1065 1446 δὲ,
1080 1412 1136 1447 ναὶ,
1152 1412 1229 1451 φησὶ,
1244 1410 1337 1450 Κύριε·
1350 1411 1396 1439 καὶ
1409 1411 1460 1450 γὰρ
1474 1411 1507 1440 τὰ
1521 1411 1633 1451 κυνάρια
1647 1410 1729 1440 ἐσθίει
1743 1411 1796 1440 ἀπὸ

1024 1461 1070 1493 τῆς
1089 1458 1222 1497 τραπέζης
1239 1458 1291 1485 τῶν
1306 1457 1402 1496 κυρίων
1419 1459 1514 1486 αὑτῶν.

1064 1503 1245 1543 Προσέχωμεν
1266 1503 1351 1532 τοίνυν
1373 1505 1406 1542 τῇ
1431 1505 1510 1542 εὐχῇ·
1530 1503 1599 1542 μέγα
1618 1503 1698 1533 ὅπλον
1714 1504 1796 1540 ἐστὶν,

229 1562 272 1580 ma
289 1562 393 1591 preces,
408 1551 430 1580 si
442 1552 508 1579 fiant
530 1556 628 1578 attente
646 1556 671 1578 et
690 1547 812 1585 assidue,
828 1547 850 1576 si
868 1547 969 1586 absque
986 1558 1005 1579 A
1024 1549 1068 1578 ἐὰν
1091 1549 1158 1587 μετὰ
1173 1548 1304 1582 {me-1542<
1318 1549 1439 1587 γίνηται,
1463 1549 1507 1578 ἐὰν
1527 1549 1610 1588 χωρὶς
1632 1549 1790 1585 κενοδοξίας,

229 1597 302 1625 inani
318 1597 401 1635 gloria
412 1619 420 1633 ,
434 1597 457 1625 si
469 1607 530 1625 cum
546 1605 613 1635 puro
624 1601 649 1623 et
663 1595 766 1623 sincero
778 1593 886 1622 affectu.
901 1593 968 1621 Ora-

229 1643 267 1672 tio
291 1643 363 1672 bella
387 1643 483 1672 evertit
499 1665 505 1677 ‚
523 1642 578 1681 ipsa
593 1648 696 1680 gentem
714 1641 846 1679 integram
860 1646 885 1668 et
899 1639 969 1668 indi-

232 1700 312 1728 gnam
321 1689 450 1718 beneficio
462 1688 549 1716 affecit
564 1699 570 1714 ε
585 1687 709 1723 Audivi,
719 1686 822 1724 inquit,
831 1688 970 1726 gemitum

231 1747 344 1771 eorum,
357 1742 383 1764 et
403 1735 539 1764 descendi
558 1734 598 1762 ad
613 1744 660 1762 eos
679 1734 845 1762 liberandos
862 1745 869 1760 .·
884 1732 969 1761 oratio

1024 1595 1068 1624 ἐὰν
1085 1595 1152 1634 μετὰ
1165 1596 1252 1634 ψυχῆς
1265 1595 1426 1634 εἰλικρινοῦς.
1438 1594 1511 1630 Αὕτη
1523 1595 1664 1634 πολεμίους
1679 1596 1796 1636 ἐτροπώ-

1026 1653 1099 1678 σατο,
1115 1640 1182 1676 αὕτη
1195 1642 1264 1674 ἔθνος
1276 1640 1418 1679 ὁλόκληρον
1432 1640 1477 1669 καὶ
1494 1640 1597 1674 ἀνάξιον
1613 1640 1796 1680 εὐηργέτησεν.

1024 1687 1146 1716 Ἤκουσα
1156 1710 1163 1723 ,
1179 1687 1243 1726 φησὶ
1253 1709 1260 1722 ,
1276 1690 1321 1715 τοῦ
1336 1689 1483 1725 στεναγμοῦ
1500 1687 1598 1723 αὐτῶν,
1619 1688 1664 1715 καὶ
1680 1686 1795 1722 κατέὸην

1025 1736 1069 1761 τοῦ
1083 1732 1213 1766 ἐξελέσθαι
1229 1732 1336 1764 αὑτούς·
1355 1732 1421 1766 αὕτη
1435 1731 1573 1771 φάρμακόν
1589 1733 1645 1761 ἐστι
1657 1731 1796 1770 σωτήριον,

643 1836 818 1865 MUTIANO
840 1835 1094 1865 SCHOLASTICO
1117 1835 1366 1866 INTERPRETE.

231 1938 286 1960 stus
303 1940 355 1958 non
370 1939 436 1968 opus
457 1928 558 1956 habens
574 1927 704 1964 oratione,
726 1927 835 1964 orabat;
856 1927 903 1956 sed
918 1934 942 1956 te
956 1927 1048 1957 volens
1062 1927 1212 1963 instituere,
1232 1934 1261 1956 ut
1280 1927 1404 1957 assiduus
1420 1928 1457 1957 sis
1471 1928 1506 1957 ad
1523 1928 1680 1965 orationem,
1695 1934 1725 1956 ut
1738 1927 1795 1956 sine

230 1976 450 2018 praetermissione
463 1997 472 2013 ,
487 1981 515 2002 ut
535 1973 623 2002 sobrie
644 1980 669 2002 et
684 1984 745 2002 cum
764 1973 849 2002 multa
864 1973 1006 2012 vigilantia
1021 1984 1090 2003 ores.
1108 1974 1230 2014 Vigilate
1244 1981 1333 2003 autem
1352 1985 1404 2003 non
1417 1975 1443 2003 in
1452 1975 1504 2003 hoc
1514 1974 1586 2010 dico,
1599 1981 1629 2003 ut
1644 1981 1720 2003 nocte
1730 1985 1795 2003 sur-

230 2032 317 2064 gatur,
331 2022 467 2052 sedetiam
480 2021 507 2049 in
517 2020 561 2049 die
575 2020 696 2049 sobrium
710 2031 766 2049 esse
779 2020 807 2048 in
821 2021 939 2049 oratione
949 2032 954 2048 :
966 2020 1084 2059 vigilans
1099 2021 1200 2060 quippe
1213 2028 1334 2058 vocatur,
1349 2021 1396 2060 qui
1405 2021 1468 2050 talis
1481 2028 1531 2050 est.
1543 2022 1613 2050 Nam
1623 2028 1711 2061 potest
1720 2021 1794 2060 quis-

230 2083 310 2110 quam
324 2078 348 2100 et
361 2069 485 2099 noctibus
498 2079 576 2097 orans
587 2067 717 2106 dormire,
733 2074 759 2096 et
777 2068 804 2096 in
819 2067 863 2096 die
876 2078 955 2096 orans
967 2068 1081 2106 vigilare
1095 2068 1220 2107 :quando
1234 2069 1315 2097 suerit
1328 2068 1417 2097 anima
1436 2068 1552 2104 intenta,
1567 2068 1675 2107 quando
1692 2068 1795 2097 intelli-

232 2119 271 2157 git
282 2119 324 2147 cui
335 2117 466 2156 loquitur,
478 2115 511 2144 ad
525 2126 605 2154 quem
619 2116 661 2145 illi
675 2126 760 2144 sermo
771 2122 819 2153 est,
835 2115 942 2153 quando
951 2115 980 2144 in
991 2122 1078 2144 mente
1088 2116 1202 2155 percipit
1216 2116 1278 2155 quia
1293 2115 1381 2154 angeli
1395 2122 1457 2144 sunt
1471 2122 1611 2154 praesentes
1623 2126 1685 2144 cum
1699 2116 1795 2144 timore

233 2173 258 2194 et
269 2173 393 2201 tremore,
407 2164 464 2203 ipse
477 2169 566 2191 autem
583 2162 685 2191 accedit
703 2162 828 2199 oscitans,
843 2169 868 2191 et
885 2162 995 2191 scabens
1009 2162 1135 2202 seipsum.
1152 2164 1252 2201 Magna
1271 2173 1345 2191 arma
1367 2169 1429 2191 sunt
1450 2162 1546 2200 oratio,
1567 2162 1592 2191 si
1611 2173 1673 2191 cum
1691 2162 1795 2201 integra

234 2219 319 2241 mente
334 2212 389 2240 fiat.
409 2211 446 2239 Et
460 2217 489 2238 ut
506 2220 633 2248 agnoscas
649 2210 708 2248 ejus
726 2209 872 2247 virtutem,
889 2210 970 2238 etiam
984 2209 1179 2250 impudentiam
1197 2217 1223 2238 et
1243 2210 1410 2248 iniquitatem
1430 2216 1455 2238 et
1473 2209 1657 2239 crudelitatem
1675 2217 1701 2239 et
1715 2209 1794 2249 supi-

235 2260 344 2288 nitatem
361 2259 486 2297 frequens
507 2257 591 2287 vincit
611 2257 708 2286 oratio.
733 2258 870 2286 Audistis
881 2281 889 2293 ,
911 2258 1009 2296 inquit,
1033 2259 1106 2298 quid
1123 2259 1231 2287 dixerit
1249 2259 1342 2298 judex
1365 2259 1531 2297 iniquitatis
1544 2261 1557 2286 ?
1571 2257 1624 2288 Sed
1646 2258 1727 2287 etiam
1749 2257 1796 2296 pi-

235 2308 343 2347 gritiam
353 2306 490 2347 superavit
505 2318 511 2333 z
526 2312 551 2334 et
564 2305 637 2344 quod
649 2305 767 2334 amicitia
778 2307 922 2345 promereri
933 2317 985 2335 non
1000 2307 1100 2346 potuit,
1116 2307 1167 2336 hoc
1176 2306 1325 2346 promeruit
1336 2306 1442 2335 assidua
1458 2306 1551 2335 oratio.
1568 2308 1608 2335 Et
1622 2308 1648 2335 si
1662 2316 1732 2341 non,
1749 2305 1795 2333 in—

235 2356 309 2393 quit,
325 2362 442 2394 propter
451 2356 613 2382 amicitiam
629 2354 711 2382 dabit
727 2354 784 2391 illi,
798 2361 1004 2383 verumtamen
1020 2361 1139 2394 propter
1149 2355 1314 2384 molestiam
1332 2356 1394 2394 ejus
1412 2364 1568 2393 exsurgens
1579 2355 1661 2383 dabit
1675 2354 1731 2382 illi.
1743 2352 1796 2382 Sed

237 2403 315 2431 etiam
327 2402 467 2441 indignam
476 2401 587 2440 dignam
601 2400 664 2429 facit
673 2401 758 2430 oratio
769 2401 902 2430 continua.
915 2403 991 2439 Non,
1002 2402 1100 2441 inquit,
1114 2409 1155 2432 est
1165 2405 1271 2432 bonum
1282 2404 1413 2441 accipere
1422 2402 1678 2441 panemfiliorum,
1687 2407 1715 2430 et
1725 2401 1797 2429 dare

238 2452 369 2478 canibus.
380 2450 491 2484 Etiam,
505 2450 642 2487 Domine,
656 2449 743 2487 inquit
755 2461 762 2477 ε
777 2459 845 2477 nam
856 2456 883 2477 et
898 2460 986 2478 canes
999 2451 1155 2480 comedunt
1169 2452 1204 2479 de
1215 2452 1321 2479 mensis
1331 2450 1513 2479 dominorum
1525 2459 1651 2478 suorum.

278 2503 409 2530 Instemus
422 2501 505 2540 igitur
518 2501 631 2530 orationi
646 2513 651 2528 :
665 2511 762 2540 magna
774 2511 848 2530 arma
864 2508 927 2530 sunt
941 2503 1044 2537 oratio,
1063 2503 1085 2531 si
1103 2513 1165 2531 cum
1179 2502 1325 2532 intentione
1339 2502 1435 2540 fuerit,
1455 2502 1477 2531 si
1493 2502 1549 2530 sine
1561 2511 1629 2531 vana
1648 2500 1734 2540 gloria
1749 2524 1757 2538 ,
1773 2503 1795 2531 si

242 2558 301 2576 cnm
315 2548 403 2577 animo
416 2549 527 2577 sincero.
546 2549 609 2588 Ipsa
623 2549 694 2578 bella
709 2549 826 2587 devicit,
844 2556 870 2578 et
884 2550 964 2578 vertit
977 2549 1003 2578 in
1020 2550 1112 2589 sugam
1124 2551 1210 2590 ipsam
1222 2557 1327 2589 gentem
1341 2550 1472 2589 integram
1483 2572 1491 2586 ,
1501 2555 1526 2578 et
1540 2548 1680 2587 indignam
1693 2548 1796 2578 benefi-

242 2594 312 2622 cium
325 2595 470 2632 promereri
484 2595 547 2623 facit
559 2607 565 2622 ε
575 2596 706 2634 Audivi,
723 2596 827 2634 inquit,
839 2597 976 2635 gemitum
988 2606 1097 2632 eorum,
1112 2603 1139 2626 et
1150 2598 1286 2628 descendi
1298 2597 1422 2627 liberare
1432 2606 1488 2625 eos.
1501 2596 1555 2625 Ista
1571 2594 1793 2625 medicamentum
