1886 2846
406 193 438 216 IN
467 193 575 217 EPIST.
605 193 650 216 An
676 193 844 217 HEBRAEOS.
874 192 952 217 CAP.
982 193 1032 217 Vl.
1062 193 1182 217 nonu,-
1212 195 1246 217 Χ.

1560 188 1622 234 147

877 256 950 285 Cum
972 255 1114 285 deberetis
1135 266 1196 286 esse
1212 257 1345 296 magistri
1358 263 1476 296 propter
1493 264 1605 297 tempus
1617 282 1624 295 ,

879 301 909 331 id
921 301 966 330 hic
979 312 1086 340 quoque
1101 301 1179 331 dicit.
1197 302 1234 331 Et
1248 302 1342 331 multis
1356 302 1383 331 in
1401 302 1468 332 locis
1483 303 1626 344 Scriptura

880 343 1029 377 doEtrinam
1041 347 1107 377 dicit
1120 348 1234 376 imbrem
1247 359 1254 376 ε
1267 349 1422 378 Mandabo
1432 349 1515 387 enim,
1527 350 1626 389 inquit,
1641 356 1697 377 lsai.
1712 357 1724 378 5
1746 356 1769 378 6.

882 395 1004 423 nubibus
1013 405 1049 423 ne
1060 396 1091 423 in
1102 396 1193 433 ipsam
1205 394 1312 433 pluant
1321 395 1453 433 imbrem,
1467 396 1579 435 loquens
1590 397 1624 426 de

881 437 976 467 vinea:
995 437 1070 476 quod
1086 437 1197 476 quidem
1212 437 1279 467 alibi
1295 445 1374 468 vocat
1395 439 1491 469 famem
1509 441 1585 480 panis
1600 448 1626 470 et
1639 444 1752 466 Amuss.1
1763 452 1781 466 ιΔ

881 484 954 513 sitim
965 494 1050 522 aquae.
1066 484 1102 513 Et
1114 484 1211 513 iterum
1224 496 1230 512 :
1242 485 1368 514 Flavius
1379 486 1437 514 Dei
1444 487 1570 525 repletus
1583 494 1626 516 est
1639 503 1705 525 Psnl.
1742 504 1767 525 6‘

55 256 113 286 λίαν
130 258 147 292 ἡ
169 255 262 297 Γραφὴ
281 256 367 296 λέγει·
390 256 565 294 Ἐντελοῦμαι
585 256 653 296 γὰρ,
674 257 752 295 φησὶ,
767 260 826 289 ταῖς

55 306 174 346 νεφέλαις
195 311 240 337 τοῦ
262 306 299 345 μὴ
324 306 414 346 βρέξαι
433 307 468 339 εἷς
488 307 566 335 αὐτὸν
591 306 678 335 ὑετόν·
698 307 760 346 περὶ
783 310 829 336 τοῦ

57 358 213 395 ἀμπελῶνος
227 357 358 396 λέγουσα·
373 357 438 396 ὅπερ
457 358 574 396 ἀλλαχοῦ
591 357 668 395 λιμὸν
687 357 766 397 ἄρτου
785 356 831 386 καὶ

58 406 135 446 δίψαν
153 406 247 440 ὕδατος
259 408 344 436 καλεῖ.
356 407 409 436 Καὶ
423 407 513 441 πάλιν,
523 406 558 436 ‘0
572 407 691 445 ποταμὸς
703 410 747 436 τοῦ
760 408 830 436 Θεοῧ

58 456 199 496 ἐπληρώθη
215 457 327 486 ὑδάτων.
344 458 384 493 Γῆ
405 457 456 496 γὰρ
476 460 492 492 ἡ
511 460 623 493 πιοῦσα,
636 457 713 497 φησὶ,
727 458 771 487 τὸν
787 459 829 487 ἐπ’
846 463 863 486 Β

58 507 139 542 αὖτῆς
162 507 291 541 πολλάκις
316 508 457 547 ἐρχόμενον
481 509 565 537 ὑετόν.
581 508 712 537 Ἐνταῦθα
734 509 827 544 δηλοῖ,
1759 515 1780 531 Ἰ·

56 557 95 586 ὅτι
113 557 158 586 καὶ
171 558 291 591 ἐδέξαντο
305 559 350 587 καὶ
366 558 487 588 συνέπιον
504 559 547 588 τὸν
565 558 651 597 λόγον,
663 558 709 587 καὶ
724 558 828 587 πολλοί-

57 620 98 642 κις
119 608 211 638 τούτου
225 609 328 648 ἔτυχον,
342 609 387 638 καὶ
402 609 459 639 οὐδὲ
475 609 556 643 οὕτως
571 609 719 638 ἀπώναντο.
734 609 768 638 Ei
781 608 828 646 μὲν

58 658 109 698 γὰρ
130 658 167 697 μὴ
187 659 366 699 ἐγεωργήθης,
380 660 468 699 φησὶν,
483 662 505 689 εἰ
521 660 558 699 μὴ
574 660 724 692 ἀπέλαυσας
739 662 830 694 ὑετῶν,

57 709 105 738 οὐκ
120 712 152 744 ἠν
167 711 290 738 τοσοῦτον
311 710 340 738 τὸ
360 710 440 739 κακόν
450 721 456 727 ·
472 711 506 739 Εἰ
520 710 571 750 γὰρ
594 710 632 748 μὴ
647 706 736 746 ἦλθον,
751 711 828 750 φησὶ,

880 532 975 570 aquis.
995 532 1085 560 Terra
1093 533 1181 566 enim,
1195 530 1299 569 inquit,
1314 541 1390 570 soepe
1400 535 1567 562 venientem
1579 544 1627 562 su-
1643 541 1678 555 ¹0·

878 587 931 615 per
941 587 970 605 se
986 578 1085 606 bibens
1099 577 1230 606 imbrem.
1242 576 1292 605 Hie
1306 577 1421 606 ostendit
1437 578 1510 616 quod
1523 585 1549 607 et
1561 590 1626 608 ver-

880 623 946 651 bum
958 622 1109 662 acceperint
1121 645 1128 659 ‚
1140 629 1166 652 et
1176 622 1257 652 simul
1271 623 1405 659 biberint,
1414 631 1440 652 et
1451 624 1478 653 id
1493 635 1564 664 saepe
1573 625 1627 654 sint

881 668 1029 706 assequuti,
1041 679 1089 697 nec
1103 667 1131 697 id
1144 675 1232 698 tamen
1245 668 1282 697 eis
1294 669 1433 708 profuerit.
1449 670 1478 699 Si
1491 670 1626 709 agricoIae,

882 714 991 752 inquit,
1003 725 1084 754 opera
1095 724 1147 743 non
1162 714 1256 743 fuisses
1271 714 1375 752 cultus,
1389 716 1411 744 si
1428 716 1563 746 imbribus
1576 727 1629 746 non

57 759 103 788 καὶ
119 759 236 794 ἐλάλησα
250 761 350 795 αὐτοῖς,
362 760 494 800 ἁμαρτίαν
513 763 561 790 οὐκ
575 757 645 801 εἶχον
656 774 662 780 ·
677 763 699 790 εἰ
715 762 742 791 δὲ
763 764 831 791 πολ-
883 768 954 787 (35505
966 758 1108 797 ἱΙΤῙὲἃῙΠΞ,
1120 768 1172 787 ΠΟΠ
1184 765 1250 788 esset
1266 765 1371 788 “mlum
1385 760 1488 789 malum
1502 772 1508 791 :
1525 771 1587 789 nam
1600 761 1631 790 δι’
1641 776 1710 797 ,Ιοιιηι
1728 776 1762 798 15.

886 814 945 832 non
965 806 1119 841 venissem,
1135 804 1231 842 inquit,
1240 811 1267 833 et
1277 806 1304 833 ei
1317 806 1508 844 nonfuissem
1523 807 1631 845 loquu—
1643 813 1681 828 2²-

883 856 938 885 tus,
951 857 1105 889 peccatum
1122 861 1181 879 non
1195 851 1367 880 habuissent
1387 863 1396 878 .-
1414 852 1438 880 si
1455 858 1545 881 autem
1561 863 1631 892 saepe

881 896 975 926 bibisti
990 904 1016 926 et
1032 897 1172 936 accepisti,
1187 908 1235 926 cur
1248 908 1298 937 pro
1311 898 1442 927 fructibus
1456 899 1508 928 alia
1521 899 1628 939 produ-

883 942 975 970 xisti?
995 943 1192 980 Eup-eccam,
1217 943 1320 981 inquit,
1342 950 1373 972 ut
1392 944 1507 983 faceret
1528 956 1630 984 uvam,
1644 954 1767 976 [sarria.

880 988 951 1026 fecit
963 994 1060 1015 autem
1069 990 1181 1026 spinas.
1194 988 1278 1017 Vides
1291 989 1362 1027 quod
1374 990 1514 1029 Scriptura
1529 991 1630 1030 ubique

883 1032 974 1071 spinas
990 1039 1068 1061 vocat
1083 1039 1191 1072 peccata
1201 1034 1214 1061 ἐ’
1229 1034 1299 1062 Nam
1311 1041 1334 1063 et
1349 1035 1441 1064 David
1453 1035 1537 1065 dicit:
1553 1038 1629 1066 Con·
1643 1049 1784 1080 Psu1.31.4.

56 809 132 842 λάκις
158 809 229 842 ἔπιες
254 810 300 839 καὶ
317 810 412 847 ἐδέξω,
431 811 500 844 τίνος
527 811 614 841 ἕνεκεν
640 813 698 841 ἀντὶ
720 815 830 852 καρπῶν

57 859 135 898 ἕτερα
159 859 298 899 ἐξήγαγες
320 860 435 899 Ἔμεινα
456 861 523 901 γὰρ,
545 862 623 901 φησὶν
636 884 642 895 ,
664 863 707 891 ἵνα
731 863 830 902 ποιήσῃ

58 910 205 950 σταφυλὴν,
221 911 328 947 ἐποίησε
351 912 379 940 δὲ
396 911 518 945 ἀκάνθας.
534 912 617 953 Ὁρᾷς
637 913 678 942 ὅτι
692 916 832 952 πανταχοῦ

58 964 74 996 ἧ
89 961 182 1001 Γραφὴ
194 962 308 995 ἀκάνθας
319 963 395 991 καλεῖ
406 963 440 991 τὰ
454 963 649 1002 &unp-effluerem
660 965 714 993 Καὶ
725 963 777 1003 γὰρ
788 964 833 992 καὶ
849 973 867 996 C

59 1013 72 1039 ὁ
90 1011 175 1039 Δαυίδ
197 1023 286 1051 φησιν,
307 1012 460 1051 Ἔστράφην
483 1014 518 1045 εἷς
538 1013 734 1053 ταλαιπωρίαν,
753 1014 779 1041 ἐν
795 1015 832 1052 τῷ

59 1062 212 1100 ἐμπαγῆναί
231 1074 276 1100 μοι
300 1063 424 1091 ἄκανθαν.
441 1064 481 1091 Οὐ
500 1062 551 1102 γὰρ
570 1063 661 1095 ἁπλῶς
675 1063 833 1102 ἐπέρχεται,

58 1113 117 1140 ἀλλ’
130 1112 309 1150 ἐμπήγνυται·
321 1112 369 1141 κᾶν
391 1112 484 1152 μικρὸν
502 1115 582 1148 αὖτῆς
602 1112 832 1152 ἐναπομείνῃ,καὶ

59 1161 96 1200 μὴ
114 1166 203 1191 πᾶσαν
226 1163 307 1198 αὐτὴν
329 1163 472 1202 ἐξέλωμεν,
494 1164 556 1193 αὐτὸ
577 1164 607 1192 τὸ
634 1163 727 1203 μικρὸν
753 1165 832 1204 ὀδυνᾷ

57 1213 163 1251 ὁμοίως,
171 1213 291 1253 καθάπερ
306 1214 351 1243 ἐπὶ
370 1217 418 1250 τῆς
438 1214 625 1249 ἀκάνθης-καὶ
638 1213 665 1242 τί
685 1214 754 1252 λέγω
769 1214 832 1243 αὐτὸ

58 1263 88 1293 τὸ
110 1263 218 1302 μικρόν;
234 1264 280 1292 καὶ
304 1265 372 1302 μετὰ
398 1265 428 1294 τὸ
449 1264 630 1305 ἐξαιρεθῆναι,
651 1264 763 1293 ἐπιπολὺ
785 1267 833 1300 τῖς

58 1316 164 1353 πληγῆς
177 1314 224 1350 τὴν
239 1315 331 1351 ὀδύνην
347 1315 482 1354 ἐναφίησι·
497 1316 542 1345 καὶ
558 1316 601 1345 διὰ
614 1319 690 1346 τοῦτο
705 1317 742 1345 δεῖ
755 1319 832 1355 θερα-

59 1365 136 1397 πείας
149 1366 249 1400 πολλῆς
263 1366 308 1395 καὶ
325 1366 456 1405 ἰατρείας,
468 1366 536 1396 ὥστε
558 1368 645 1397 τέλεον
664 1369 745 1403 αὐτῆς
760 1370 833 1398 ἐλευ-

61 1417 222 1455 θερωθῆναι·
244 1416 303 1445 οὐδὲ
326 1416 378 1456 γὰρ
406 1419 482 1456 ἀρκεῖ
506 1417 536 1446 τὸ
558 1417 653 1451 ἐξελεῖν
681 1418 758 1456 μόνον
785 1419 833 1454 τὴν

885 1088 981 1107 versus
995 1088 1059 1106 sum
1078 1080 1110 1106 in
1128 1089 1290 1107 oerumnam
1306 1081 1374 1109 dum
1389 1082 1462 1109 mihi
1476 1083 1571 1122 infixa
1587 1090 1631 1112 est

882 1125 977 1160 spina.
986 1124 1045 1152 Non
1058 1123 1147 1152 solum
1159 1124 1230 1152 enim
1242 1124 1402 1163 ingreditur,
1414 1128 1461 1156 sed
1475 1129 1555 1157 etiam
1569 1129 1630 1158 infi-

883 1169 956 1208 gitur
971 1181 978 1197 :
996 1177 1021 1198 et
1037 1169 1059 1198 si
1075 1181 1173 1209 parum
1189 1170 1246 1209 ejus
1261 1179 1412 1207 remaneat,
1431 1180 1456 1201 et
1473 1185 1525 1203 non
1542 1182 1628 1204 totum

882 1215 973 1255 ipsum
985 1216 1174 1252 exemerimus,
1188 1226 1285 1255 parum
1297 1216 1367 1245 illud
1380 1228 1454 1256 :eque
1464 1219 1542 1248 infert
1555 1220 1630 1249 dolo—

884 1274 950 1298 rem,
966 1270 1046 1302 atque
1057 1263 1085 1292 in
1098 1264 1184 1304 spina.
1199 1264 1234 1293 Et
1247 1264 1317 1303 quid
1332 1265 1393 1295 dico
1408 1265 1497 1305 ipsum
1510 1278 1605 1306 parum
1617 1269 1631 1297 ζ)

883 1315 964 1343 etiam
988 1322 1131 1353 postquam
1154 1315 1234 1344 suerit
1258 1323 1396 1344 exemtum
1406 1339 1413 1352 ,
1435 1316 1482 1345 diu
1509 1318 1631 1348 immittit

883 1365 970 1405 plagae
983 1365 1104 1394 dolorem
1119 1378 1126 1394 ε
1141 1366 1254 1405 ideoque
1270 1367 1355 1395 multa
1370 1366 1502 1396 medicina
1512 1379 1579 1408 opus
1591 1377 1631 1398 est

884 1423 909 1445 et
924 1416 1076 1451 curatione,
1092 1423 1123 1445 ut
1138 1417 1253 1456 perfecte
1269 1417 1416 1446 liberemur
1435 1430 1441 1445 ε
1460 1429 1545 1457 neque
1558 1420 1630 1449 enim

61 1466 209 1506 ἁμαρτίαν,
233 1465 302 1495 ἀλλὰ
323 1467 362 1495 δεῖ
384 1467 429 1495 καὶ
454 1466 498 1495 τὸν
518 1466 653 1505 πληγέντα
675 1470 834 1506 θεραπεῦσαι
849 1479 868 1502 1)
884 1473 1023 1506 peccatum
1038 1466 1126 1495 solum
1136 1467 1254 1495 eximere
1272 1467 1387 1502 sufficit,
1400 1467 1447 1496 sed
1458 1468 1538 1498 etiam
1551 1480 1630 1509 opor-

61 1517 150 1546 τόπον.
169 1517 248 1546 Ἀλλὰ
270 1517 374 1546 δέδοικα
399 1517 436 1556 μὴ
452 1518 517 1556 πρὸς
534 1521 605 1556 ἡμᾶς
619 1513 636 1556 ᾗ
652 1517 682 1546 τὸ
694 1517 833 1556 λεγόμενον

61 1567 163 1605 μᾶλλον
187 1567 204 1601 ἢ
225 1567 289 1606 πρὸς
306 1567 426 1606 ἑτέρους,
443 1567 489 1604 τὸ,
504 1569 542 1603 Γῆ
562 1571 578 1603 ἦ
603 1571 700 1598 πιοῦσα
722 1569 766 1598 τὸν
789 1571 830 1598 ἐπ’

61 1618 142 1651 αὐτῆς
164 1617 292 1650 πολλάκις
314 1618 455 1657 ἐρχόμενον
477 1618 564 1648 ὑετόν*
580 1618 621 1648 ἀεὶ
640 1618 691 1659 γὰρ
712 1618 832 1657 πίνομεν,

61 1667 103 1696 ἀεὶ
117 1667 258 1705 ἀκούομεν,
271 1669 330 1696 ἀλλ’
340 1668 433 1701 εὐθέως
446 1668 493 1704 τὴν
508 1669 595 1698 νοτίδα
610 1669 776 1708 ἀπόλλυμεν,
787 1673 832 1699 τοῦ

59 1718 134 1753 ἡλίου
150 1719 347 1755 ἀνατείλαντος,
360 1719 404 1748 καὶ
429 1719 471 1747 διὰ
491 1721 567 1747 τοῦτο
588 1719 702 1752 ἀκάνθας
721 1719 831 1758 ἐκφέρο-

884 1524 921 1546 tet
937 1528 1031 1547 curare
1044 1517 1135 1547 locum
1146 1527 1313 1557 percussum.
1331 1519 1385 1547 Sed
1404 1519 1485 1548 timeo
1504 1531 1537 1549 ne
1553 1522 1630 1557 nobis

886 1568 972 1607 magis
986 1568 1128 1603 dicantur,
1142 1579 1223 1607 quam
1235 1568 1295 1597 aliis
1312 1568 1420 1598 dicatur
1435 1569 1522 1607 illud,
1540 1572 1630 1600 Terra

885 1621 963 1648 enim
973 1641 983 1656 ‚
998 1619 1102 1659 inquit,
1119 1631 1193 1660 saepe
1207 1630 1294 1659 super
1311 1622 1508 1649 sevenientem
1524 1623 1624 1650 bibens

886 1671 1005 1698 imbrem
1027 1682 1036 1696 .-
1055 1681 1160 1710 semper
1175 1670 1246 1699 enim
1265 1670 1387 1699 bibimus
1399 1694 1407 1708 ,
1424 1682 1528 1711 semper
1547 1672 1629 1701 audi—

886 1729 947 1748 mus
956 1743 963 1757 ,
976 1719 1022 1749 sed
1034 1720 1176 1749 humorem
1190 1719 1281 1749 statim
1296 1721 1436 1760 perdimus
1447 1744 1455 1759 ,
1471 1722 1572 1751 oriente
1582 1734 1629 1752 so-

483 1838 658 1867 MUTIANO
679 1837 930 1868 SCHOLASTICO
953 1838 1207 1868 INTERPRETE.

62 1953 111 1982 pra
126 1942 244 1979 dicebat,
261 1943 408 1971 Debentes
420 1952 482 1971 esse
494 1942 626 1971 doctores
636 1949 755 1981 propter
770 1949 891 1980 tempus,
907 1941 959 1970 boc
972 1941 1052 1970 etiam
1064 1940 1108 1969 hic
1121 1940 1196 1970 dicit.
1213 1940 1248 1970 Et
1260 1941 1286 1970 in
1300 1942 1425 1981 plurimis
1434 1943 1500 1973 locis
1515 1945 1630 1976 imbrem

61 1989 212 2018 doctrinam
223 1989 363 2028 Scriptura
376 1988 443 2017 dicit
458 2000 464 2017 ε
480 1989 633 2017 Mandabo
642 1988 723 2025 enim,
737 1988 834 2027 inquit,
850 1989 985 2025 nubibus,
1001 1994 1032 2016 ut
1043 1998 1101 2016 non
1113 1988 1220 2026 pluant
1235 1998 1322 2028 super
1333 2000 1380 2018 eos
1390 1992 1520 2020 imbrem.
1534 1993 1575 2022 De
1587 1994 1629 2023 vi-

62 2047 110 2065 nea
124 2036 227 2065 dictum
241 2043 280 2065 est
299 2048 305 2063 ε
320 2036 394 2074 quod
409 2036 475 2064 alibi
490 2036 587 2064 samem
604 2036 691 2076 panis,
709 2043 734 2065 et
749 2036 823 2065 sitim
842 2046 918 2074 aquae
933 2041 1019 2063 vocat.
1039 2035 1074 2063 Et
1091 2034 1188 2063 iterum
1206 2046 1212 2062 :
1229 2035 1354 2066 fluvius
1370 2037 1427 2065 Dei
1440 2039 1575 2077 impletus
1587 2047 1630 2070 est

61 2085 158 2122 aquis.
173 2083 261 2111 Terra
269 2084 344 2111 enim
356 2083 465 2119 bibens,
474 2082 571 2121 inquit,
581 2084 747 2112 venientem
754 2093 839 2121 super
846 2092 876 2110 se
885 2079 1073 2110 imbrem-Hic
1079 2079 1198 2109 declarat
1209 2080 1272 2119 quia
1280 2090 1451 2122 susceperunt
1460 2091 1485 2113 ct
1495 2086 1629 2117 combibe-

61 2136 124 2158 runt
135 2129 259 2167 verbum,
276 2136 301 2158 et
314 2129 412 2168 saepius
423 2129 492 2158 hanc
502 2140 558 2158 rem
568 2136 753 2169 perceperunt,
764 2135 789 2158 et
801 2139 849 2158 nec
858 2129 896 2157 sic
906 2127 986 2156 utiles
1000 2127 1063 2156 facti
1075 2134 1146 2155 sunt.
1159 2127 1188 2156 Si
1200 2127 1271 2156 enim
1282 2138 1333 2157 non
1344 2129 1514 2169 excolereris,
1530 2133 1630 2172 inquit,

60 2176 84 2204 si
95 2186 147 2205 non
157 2176 289 2216 potareris
305 2175 448 2212 imbribus,
465 2186 517 2204 non
528 2182 596 2205 esset
606 2182 710 2204 tantum
721 2175 822 2204 malum
834 2187 839 2202 :
851 2175 882 2204 Si
895 2174 967 2203 enim
978 2183 1037 2202 non
1047 2175 1204 2210 venissem,
1215 2173 1314 2212 inquit,
1325 2182 1354 2204 et
1369 2176 1506 2215 loquutus
1518 2182 1558 2209 eis
1569 2192 1628 2210 non

61 2233 163 2258 essem,
173 2230 324 2261 peccatum
337 2233 395 2251 non
410 2223 551 2251 haberent
567 2234 575 2249 .·
591 2222 614 2251 si
629 2233 692 2251 vero
706 2222 804 2262 saepius
815 2221 908 2250 bibisti
920 2227 946 2249 et
958 2219 1102 2260 excepisti,
1114 2231 1166 2258 qua
1177 2221 1279 2250 ratione
1293 2232 1342 2261 pro
1357 2223 1489 2254 fructibus
1500 2226 1552 2255 alia
1566 2238 1629 2267 pro-

62 2269 171 2299 tulisti?
185 2271 365 2309 Ezspectavi
377 2270 458 2305 enim,
473 2269 570 2308 inquit,
582 2277 614 2299 ut
618 2271 739 2310 faceret
753 2280 837 2304 uvas,
843 2270 922 2309 fecit
932 2275 1030 2298 autem
1041 2270 1150 2307 spinas.
1167 2269 1290 2306 Intueris,
1301 2270 1364 2308 quia
1376 2270 1476 2310 ubique
1489 2273 1627 2314 Scriptura

61 2317 152 2356 spinas
160 2316 226 2346 dicit
236 2317 362 2356 peccata?
371 2317 479 2346 Etenim
491 2318 570 2346 etiam
581 2317 673 2347 David
682 2317 786 2356 inquit:
801 2318 963 2346 Conversus
972 2326 1037 2345 sum
1045 2317 1076 2344 in
1087 2317 1203 2344 miseria
1213 2327 1290 2354 mea,
1301 2317 1371 2346 dum
1381 2319 1571 2358 infigerentur
1577 2326 1627 2352 mi—

61 2365 94 2393 hi
100 2367 201 2403 spinae.
209 2365 270 2393 Non
277 2363 347 2392 enim
353 2363 512 2403 simpliciter
518 2371 666 2404 penetrant,
677 2364 722 2393 sed
731 2364 896 2403 infiguntur:
906 2373 937 2392 ac
947 2363 969 2391 si
978 2373 1074 2402 parum
1086 2372 1177 2391 eorum
1183 2370 1328 2401 remaneat,
1337 2371 1363 2393 et
1371 2375 1422 2394 uon
1431 2367 1520 2397 omnia
1529 2369 1628 2398 evella-

60 2421 131 2448 mus,
137 2411 228 2452 ipsum
238 2420 334 2449 parum
340 2410 402 2439 facit
409 2409 539 2447 dolorem,
547 2410 673 2440 similiter
682 2411 751 2440 sicut
761 2411 787 2439 in
798 2410 892 2450 spinis.
902 2409 937 2438 Et
949 2409 1016 2448 quid
1026 2409 1087 2438 dico
1097 2409 1184 2448 ipsum
1196 2410 1340 2448 parum?et
1349 2419 1491 2451 postquam
1498 2415 1627 2446 excidun-

60 2466 121 2497 tur,
138 2469 186 2499 per
199 2458 316 2487 multum
330 2465 434 2497 tempus
447 2458 532 2497 plagae
552 2458 748 2498 percussionem
762 2458 908 2497 relinquit,
923 2464 949 2487 et
963 2468 1030 2497 opus
1044 2457 1124 2486 habet
1140 2457 1277 2487 curatione
1291 2458 1374 2488 multa
1393 2467 1418 2489 et
1430 2461 1581 2501 medicina,
1596 2472 1625 2493 ut

60 2506 174 2545 perfecte
187 2516 202 2534 a
216 2505 310 2534 dolore
322 2505 451 2534 liberetur
466 2517 472 2533 :
488 2516 540 2534 non
552 2506 623 2535 enim
636 2506 736 2535 sufficit
748 2506 862 2537 evellere
873 2513 978 2535 tantum
992 2512 1100 2546 peccata
1111 2527 1119 2542 ,
1135 2505 1182 2533 sed
1194 2505 1275 2534 ctiam
1288 2516 1383 2536 curare
1394 2507 1484 2538 locum
1496 2510 1544 2548 qui
1559 2522 1623 2550 per-

62 2564 156 2583 cussus
169 2561 217 2583 est.
229 2555 332 2583 Verum
347 2553 427 2582 timeo
442 2564 474 2582 nc
484 2553 517 2582 ad
529 2563 576 2582 nos
591 2553 639 2583 ista
654 2554 742 2593 potius
751 2555 822 2584 dicta
835 2554 902 2592 sint,
918 2564 1000 2593 quam
1012 2553 1047 2582 ad
1060 2553 1156 2582 alteros
1173 2565 1181 2582 ε
1204 2554 1292 2582 Terra
1307 2556 1384 2583 enim
1397 2557 1507 2594 bibens,
1519 2558 1604 2597 inquit
1613 2583 1621 2597 ,

63 2601 228 2630 venientem
245 2610 331 2639 super
345 2610 373 2629 se
391 2601 518 2629 imbrem.
533 2601 642 2640 Semper
659 2601 806 2639 esurimus,
825 2612 927 2641 semper
943 2600 1086 2637 audimus,
1103 2599 1149 2628 scd
1164 2600 1300 2630 confestim
1319 2600 1461 2632 humorem
1475 2603 1625 2634 amittimus
