1906 2846
422 165 454 187 IN
484 165 589 188 EPIST.

83 229 150 267 ἐμῷ,
160 227 218 256 οὐδὲ
228 228 266 266 τῷ
276 226 379 266 πάππῳ
391 227 429 266 τῷ
441 228 507 266 ἐμῷ,
518 223 547 255 οὗ
559 227 604 256 καὶ
616 227 663 262 τὴν
678 226 774 266 ἀρετὴν
785 228 851 255 αἰδε-

83 275 177 309 σθῆναι
197 273 266 302 ἔδει·
281 272 385 304 τούτους
405 272 432 300 δὲ
447 273 506 306 τοὺς
527 272 674 312 μοχθηροὺς
697 271 801 305 ἀξιώσει
814 267 850 300 ὧν

82 318 195 352 ἐκείνους
205 320 251 347 οὐκ
261 317 384 353 ἠξίωσεν;
395 318 478 347 Οὐδὲν
488 318 586 347 τούτων
598 315 758 357 εἶπενζᾷλλὰ
767 320 799 356 τῇ
809 318 851 346 πί·

81 376 138 394 στει
149 367 233 394 ταῦτα
246 364 333 393 πάντα
347 364 392 393 καὶ
402 364 506 400 ἐνίκησε
529 365 573 394 καὶ
584 367 633 394 ὑπε
639 365 711 404 piei-r..
725 361 794 394 Eine
807 365 851 393 τὸν

79 410 169 445 Ἄὸελ,
183 410 228 439 τὸν
237 411 307 447 Νῶε,
317 410 361 439 τὸν
373 410 503 450 Ἀῧραὰμ,
516 411 559 439 τὸν
571 411 675 444 Ἰσαὰκ,
683 411 726 439 τὸν
741 410 850 445 ’iuml-23,

79 456 124 485 τὸν
135 456 244 496 Ἰωσὴφ,
254 457 356 488 πάντας
370 456 504 490 ἐπιδόξους
519 457 563 485 καὶ
575 456 749 495 Θαυμαστούς.
764 456 852 485 Πάλιν

81 501 150 535 αὔξει
162 501 210 538 τὴν
225 502 394 542 παράκλησιν
403 524 410 536 ,
425 504 461 535 εἷς
475 502 604 542 πρόσωπα
620 504 713 537 semel-7,
727 503 849 541 κατάγων

80 548 111 577 τὸ
124 548 292 587 πρᾶγμα.’1“ὸ
303 548 349 586 μὲν
358 548 409 588 γὰρ
420 548 560 586 θαυμαστὰ
570 548 700 588 πρόσωπα
714 552 790 578 τοῦτο
799 561 850 577 πα-

80 596 134 622 θεῖν
146 593 297 632 θαυμαστὸν
312 594 396 632 οὐδὲν,
412 594 457 623 καὶ
472 595 501 623 τὸ
515 594 620 623 ἐκείνων
634 594 756 627 ἐλάττους
769 597 851 634 φανῆ-

79 651 123 668 ναι
144 641 194 680 οὐχ
209 640 278 668 οὕτω
302 640 383 669 δεινόν
396 652 401 658 ·
421 641 451 670 τὸ
465 641 492 669 δὲ
507 642 552 669 καὶ
569 640 713 678 ἀνωνύμων
727 641 850 673 ἐλάττους

79 687 203 724 ὀφθῆναι,
224 686 301 715 τοῦτό
322 688 378 715 ἐστι
393 686 422 714 τὸ
434 687 526 716 δεινόν.
539 687 592 716 Καὶ
606 687 717 726 ἄρχεται
732 687 784 715 ἀπὸ
798 689 850 715 τῶν

79 731 175 770 γονέων
200 735 246 761 τοῧ
262 733 412 768 Μωυσέως,
436 733 547 770 ἀσήμων
571 736 648 762 τινῶν
673 734 790 772 ἀνδρῶν,
805 733 849 761 καὶ

79 777 151 807 οὐδὲν
165 782 287 808 τοσοῦτον
305 779 418 818 ἐχόντων
439 780 497 808 ὅσον
513 782 526 808 ὑ
546 783 617 811 παῖς.
632 779 685 808 Διὰ
707 783 784 808 τοῦτο
806 779 850 808 καὶ

77 823 176 863 προϊὼν
197 824 268 858 αὔξει
283 824 332 860 τὴν
351 824 476 860 ἀτοπίαν,
492 825 537 854 καὶ
552 825 649 864 πόρνας
664 830 791 864 γυναῖκας
805 825 850 853 καὶ

77 869 162 909 χήρας
188 870 342 909 καταλέγων
362 882 367 888 ·
395 870 491 900 Πίστει
515 871 579 911 γὰρ,
607 871 672 910 φησὶ
684 893 691 907 ,
716 870 804 899 ‘Pam
831 873 847 905 ἡ

78 914 162 955 πόρνη
190 916 218 944 οὗ
248 915 420 944 συναπώλετο
442 921 496 948 τοῖς
520 917 694 952 ἀπειθήσασι,
720 915 847 953 δεξαμένη

79 960 138 993 τοὺς
160 960 342 994 κατασκόπους
367 963 424 999 μετ’
443 962 555 1001 εἰρήνης,
575 962 628 990 Καὶ
649 963 678 990 οὐ
701 961 778 998 μόνον
802 963 849 995 τῆς

79 1007 207 1040 πίστεως,
220 1006 289 1035 ἀλλὰ
304 1007 349 1035 καὶ
361 1009 408 1041 τῆς
426 1008 550 1039 ἀπιστίας
564 1007 651 1041 τίθησι
666 1007 699 1034 τὰ
711 1007 833 1045 ἐπίχειρα
842 1029 848 1041 ,

77 1054 113 1085 ὡς
125 1052 168 1082 ἐπὶ
183 1055 229 1081 τοῦ
244 1054 314 1081 Νῶε.
328 1053 403 1085 Τέως
417 1052 444 1082 δὲ
459 1053 519 1092 περὶ
532 1055 583 1081 τῶν
596 1052 693 1092 γονέων
706 1056 751 1081 τοῦ
766 1055 848 1081 Μωϋ-

77 1098 142 1130 σε’ως
154 1099 297 1137 ἀναγκαῖον
310 1099 402 1127 εἰπεῖν.
413 1099 508 1127 Πάντα
520 1099 553 1127 τὰ
572 1098 669 1137 ἅῤῥενα
683 1098 847 1126 ἀπόλλυσθαι

76 1144 212 1173 ἐκέλευσεν
227 1146 241 1172 ὁ
255 1143 373 1183 Φαραὼ,
386 1144 431 1173 καὶ
445 1144 528 1176 οὐδεὶς
541 1143 646 1183 ἐξέφυγε
660 1144 703 1172 τὸν
719 1144 846 1175 κίνδυνον.

76 1188 161 1218 Πόθεν
184 1184 228 1218 οῧν
251 1185 321 1218 οὗτοι
345 1189 546 1228 προσεδόκησαν
571 1192 656 1219 σῶσαι
675 1190 705 1219 τὸ
724 1190 846 1225 παιδίον,

76 1235 140 1264 Ἀπὸ
151 1234 274 1268 πίστεως.
286 1235 370 1269 Ποίας
384 1236 512 1271 πίστεωςς
528 1232 620 1270 Εἶδον,
635 1237 728 1276 φησὶν,
742 1238 846 1266 ἀστεῖον

75 1281 106 1310 τὸ
118 1280 235 1310 παιδίον.
251 1281 324 1315 Αὕτη
338 1284 354 1316 ἡ
367 1282 425 1320 ὄψις
442 1282 535 1315 αὐτοὺς
547 1282 613 1321 πρὸς
623 1282 670 1317 τὴν
684 1283 772 1312 πίστιν
785 1285 847 1311 ἐπε-

77 1327 207 1357 σπάσατο.
224 1326 320 1360 Οὕτως
333 1328 432 1356 ἄνωθεν
450 1327 495 1356 καὶ
514 1327 540 1361 ἐξ
560 1329 644 1356 αὐτῶν
657 1331 710 1356 τῶν
724 1328 845 1367 σπαργά-

75 1385 126 1402 νων
141 1373 227 1409 πολλὴ
239 1375 277 1413 τῷ
297 1374 391 1413 δικαίῳ
401 1377 418 1409 ἡ
431 1374 509 1413 χάρις
528 1374 685 1413 ἐπεκέχυτο,
697 1376 724 1403 οὐ
737 1377 784 1409 τ’ἧς
798 1375 845 1414 φύ-

75 1430 154 1455 σεως,
177 1418 246 1448 ἀλλὰ
268 1423 313 1448 τοῦ
336 1421 423 1454 Θεοῦ,
447 1422 524 1448 τοῦτο
540 1420 727 1458 ἐργαζομένης.
744 1421 845 1450 Σκόπει

75 1465 126 1504 γάρ
139 1477 145 1483 ·
162 1465 256 1498 εὐθέως
271 1466 362 1505 τεχθὲν
381 1466 461 1494 καλὸν
476 1466 596 1505 φαίνεται
610 1466 641 1494 τὸ
654 1465 773 1500 παιδίον,
786 1466 846 1494 ἀλλ’

76 1511 135 1550 οὐχὶ
155 1511 278 1550 etse-1954
298 1511 378 1544 Τίνος
392 1507 435 1539 οὖν
450 1507 481 1546 ἦν
502 1514 593 1547 τοῦτο,
610 1512 650 1540 Οὐ
665 1513 711 1546 τῆς
728 1511 844 1549 φύσεως,

75 1556 145 1586 ἀλλὰ
166 1558 215 1591 τῆς
237 1557 345 1596 χάριτος
367 1561 412 1586 τοῦ
427 1558 515 1593 Θεοῦ,
535 1557 552 1592 ἢ
575 1557 620 1586 καὶ
642 1557 690 1593 τὴν
712 1557 844 1597 βάρῧαρον

74 1602 176 1638 ἐκείνην
190 1608 302 1642 γυναῖκα
322 1603 369 1639 τὴν
390 1603 539 1642 Αἰγυπτίαν
566 1604 682 1642 διήγειρε
704 1604 750 1632 καὶ
772 1604 847 1644 ἀνέῤ-

75 1651 158 1687 ῥωσε,
173 1649 220 1678 καὶ
234 1644 286 1678 εἷλε
308 1650 354 1678 καὶ
370 1650 542 1678 ἐπεσπάσατο
555 1662 561 1668 ·
575 1650 661 1678 καίτοι
683 1662 712 1688 γε
727 1652 743 1685 ἦ
759 1650 847 1683 πίστις

619 165 664 187 ΑΙ)
695 165 862 187 fllzssRAEos.
892 165 970 187 (ΣΗ).
1001 165 1047 188 XI.

1078 166 1196 189 noun..
1221 166 1318 188 xxvi.
1580 156 1648 201 539

903 225 1001 255 debant
1015 227 1105 255 sutura
1121 233 1180 266 post
1193 234 1315 255 mortem.
1328 226 1364 255 Et
1377 236 1427 256 non
1442 226 1515 256 dixit
1529 228 1627 267 Joseph
1643 240 1648 255 :

904 272 974 300 Mihi
991 273 1093 301 viventi
1114 283 1165 301 non
1180 273 1255 301 dedit
1271 280 1379 309 terram,
1395 283 1480 312 neque
1494 273 1563 313 patri
1581 284 1649 309 mco,

904 327 988 356 neque
1012 329 1063 347 avo
1088 329 1156 354 meo,
1181 320 1259 359 cujus
1284 319 1364 348 etiam
1379 320 1519 359 oportebat
1532 320 1649 349 revereri

904 365 1030 394 virtutem
1054 378 1060 393 :
1085 366 1134 394 hos
1158 372 1247 395 autem
1269 366 1410 395 sceleratos
1433 366 1465 395 iis
1489 366 1648 405 dignabitur

904 411 1003 448 quihus
1016 411 1076 440 illos
1091 422 1142 441 non
1154 419 1193 441 est
1205 412 1354 451 dignatus?
1366 412 1441 440 Nihil
1454 412 1550 441 horum
1565 411 1647 447 dixit,

903 456 949 484 sed
963 457 1017 485 tide
1031 458 1121 486 omnia
1136 458 1201 486 vicit
1215 464 1240 486 et
1254 458 1402 497 superavit.
1417 458 1495 486 Dixit
1505 458 1539 486 de
1553 458 1647 494 Abele,

903 502 937 531 de
953 504 1017 539 Noe,
1028 503 1062 531 de
1075 504 1240 539 Abrahamo,
1255 503 1289 532 de
1302 505 1384 538 Isaac,
1395 503 1429 532 de
1441 504 1538 538 Jacob,
1551 504 1584 532 de
1596 505 1647 533 Jo-

904 549 981 589 seph,
995 551 1042 588 qui
1056 557 1117 579 sunt
1130 561 1222 579 omnes
1236 551 1322 589 gloria
1334 550 1451 589 insignes
1463 558 1488 579 et
1500 550 1648 579 admirabi—

904 595 949 624 les.
963 597 1066 625 Rursus
1077 603 1155 635 auget
1166 596 1385 633 consolationem,
1398 607 1453 624 rem
1467 596 1602 625 deducens
1613 596 1647 624 ad

903 641 971 669 viles
994 652 1131 680 personas.
1148 643 1218 671 Nam
1242 642 1315 680 quod
1340 642 1512 670 admirabiles
1538 641 1647 680 quidem

903 697 1020 725 personae
1037 687 1092 716 haec
1107 687 1160 716 sint
1176 698 1267 727 passae,
1280 694 1305 716 et
1320 687 1392 726 quod
1405 687 1460 716 illis
1476 687 1591 716 minores
1603 699 1648 727 ap-

859 757 893 775 2³8
904 735 1051 773 paruerint,
1068 746 1120 763 non
1139 742 1178 764 est
1192 735 1260 764 adeo
1277 746 1358 774 grave
1376 747 1381 763 ε
1398 734 1471 773 quod
1485 742 1575 764 autem
1591 736 1646 764 mi-

868 786 884 805 Α
904 787 980 809 nores
997 781 1046 809 visi
1071 781 1123 809 sint
1139 781 1317 819 ignobilibus,
1340 782 1391 810 hoc
1405 792 1469 810 vero
1492 789 1529 810 est
1551 792 1643 821 grave.

903 825 938 854 Et
953 826 1047 865 incipit
1060 838 1075 855 a
1093 827 1249 866 parentibus
1263 828 1378 867 Moysis,
1395 828 1516 856 obscuris
1530 828 1646 856 homini-

901 871 961 907 bus,
975 873 1021 910 qui
1038 873 1106 900 nihil
1121 873 1172 901 tale
1189 873 1322 902 habebant
1339 874 1418 911 quale
1433 874 1516 902 silius.
1536 873 1571 902 Et
1585 873 1645 903 ideo

901 917 1046 955 procedens
1072 928 1176 955 quoque
1196 925 1274 956 auget
1290 919 1328 946 rei
1354 919 1532 956 insolentiam,
1549 929 1643 948 recen—-

900 971 959 990 sens
970 962 1095 991 mulieres
1106 963 1256 991 meretrices
1267 970 1292 991 et
1303 963 1400 992 viduas
1412 976 1418 991 z
1432 965 1506 992 Fide
1514 964 1594 1001 enim,
1606 964 1644 993 in—

900 1007 970 1044 quit,
987 1009 1093 1036 Ralzab
1111 1009 1247 1036 meretrix
1260 1019 1318 1036 non
1331 1011 1419 1047 periit
1431 1020 1495 1038 cum
1511 1011 1646 1039 incredu-

901 1053 948 1086 lis,
974 1055 1120 1092 excipiens
1135 1054 1334 1091 exploratores
1356 1066 1420 1083 cum
1434 1067 1516 1094 pace.
1535 1056 1569 1084 Et
1592 1067 1645 1085 non

900 1098 988 1126 solum
1006 1098 1078 1133 fidei,
1100 1099 1146 1127 sed
1168 1099 1247 1127 etiam
1263 1099 1430 1129 infidelitatis
1450 1103 1525 1140 ponit
1545 1114 1645 1131 merce-

900 1144 973 1179 dem,
988 1151 1017 1172 ut
1030 1144 1057 1172 in
1072 1145 1136 1172 Noe.
1156 1145 1266 1173 Interim
1280 1152 1369 1173 autem
1383 1157 1486 1175 necesse
1505 1155 1543 1176 est
1557 1148 1646 1176 dicere

899 1190 933 1219 de
955 1190 1112 1230 parentibus
1132 1190 1248 1229 Moysis.
1269 1192 1370 1219 Omnes
1384 1193 1517 1221 masculos
1540 1194 1644 1223 Pharao

896 1237 977 1276 jussit
994 1236 1120 1274 interfici,
1144 1243 1170 1276 et
1184 1236 1276 1265 nullus
1290 1237 1387 1275 effugit
1400 1238 1561 1276 perieulum.
1583 1241 1645 1268 [n-

864 1291 880 1312 ss
899 1282 932 1311 de
947 1293 1010 1321 ergo
1024 1289 1165 1321 sperarunt
1185 1282 1203 1310 ii
1219 1283 1275 1311 fore
1291 1290 1321 1311 ut
1340 1291 1478 1312 servarent
1492 1284 1620 1313 infantem
1631 1286 1644 1313 9

899 1329 942 1358 Ex
958 1329 1022 1357 fide.
1040 1329 1085 1358 Ex
1096 1339 1148 1367 qua
1163 1329 1239 1357 fide?
1255 1329 1403 1362 Viderunt,
1421 1330 1519 1368 inquit,
1535 1331 1644 1369 elegan—

899 1382 952 1403 tem
965 1375 1101 1404 infantem.
1116 1376 1176 1414 lpse
1190 1382 1311 1415 aspectus
1324 1386 1367 1405 eos
1381 1376 1493 1405 attraxit
1505 1377 1540 1405 ad
1551 1377 1644 1407 fidem.

1658 966 1678 979 V.

898 1421 938 1449 lta
952 1421 1042 1449 statim
1054 1421 1089 1449 ab
1103 1421 1179 1449 initio
1195 1428 1220 1450 et
1239 1422 1274 1450 ab
1290 1421 1355 1461 ipsis
1370 1422 1459 1451 fasciis
1470 1423 1544 1462 justo
1559 1423 1657 1452 multa-

899 1466 985 1495 insusa
997 1473 1052 1495 erat
1064 1466 1159 1505 gratia,
1172 1477 1224 1495 non
1236 1474 1338 1495 naturae
1350 1467 1396 1496 sed
1409 1468 1460 1496 Dei
1472 1479 1563 1507 opera.
1577 1469 1646 1497 Con-

898 1512 984 1540 sidera
1002 1512 1072 1541 enim
1087 1524 1092 1540 :
1109 1513 1199 1541 statim
1215 1520 1293 1542 natus
1308 1513 1421 1552 pulcher
1435 1515 1574 1553 apparuit,
1592 1526 1643 1543 non

899 1558 1036 1587 deformis.
1051 1558 1126 1593 Quid
1138 1559 1189 1588 hoc
1202 1559 1291 1588 effecit
1302 1559 1315 1588 Ξ)
1332 1560 1391 1588 Non
1407 1567 1511 1597 natura,
1523 1560 1570 1589 sed
1583 1572 1643 1600 gra-

899 1604 936 1633 tia
950 1604 1010 1640 Dei,
1032 1615 1092 1643 quae
1112 1612 1137 1633 et
1150 1605 1293 1634 barbaram
1308 1605 1383 1634 illam
1400 1606 1528 1635 excitavit
1543 1607 1643 1636 mulie-

901 1661 956 1679 rem
971 1650 1128 1690 AEgyptiam
1151 1659 1177 1681 et
1199 1652 1395 1689 corroboravit,
1420 1661 1445 1682 et
1466 1664 1527 1682 eum
1542 1655 1644 1694 accepit

497 1751 673 1780 MUTIANO
696 1750 952 1780 SCHOLASTICO
975 1750 1088 1779 INTER
1094 1750 1230 1779 PRETE.

73 1845 144 1885 patri
158 1855 228 1881 meo,
248 1854 332 1882 neque
345 1843 479 1872 avunculo
494 1853 562 1879 meo,
576 1853 693 1881 quorum
712 1843 841 1872 virtutem
858 1843 948 1882 magni
966 1842 1109 1882 pendebat,
1134 1843 1194 1871 Non
1212 1843 1276 1872 istos
1290 1843 1424 1882 malignos
1445 1843 1542 1883 dignos
1557 1845 1643 1874 sactu-

73 1901 120 1920 rus
133 1897 181 1927 est,
194 1897 223 1919 ut
237 1889 386 1930 percipiant
399 1900 460 1927 quae
478 1889 519 1917 illi
534 1899 586 1917 non
601 1895 663 1917 sunt
675 1888 751 1927 digni
766 1889 827 1917 facti
843 1889 980 1928 percipere
990 1889 1004 1916 .²
1019 1888 1096 1917 Nihil
1112 1888 1210 1917 horum
1223 1888 1306 1924 dixit,
1321 1889 1368 1917 sed
1382 1889 1436 1917 fide
1451 1897 1545 1918 cuncta
1559 1897 1585 1919 et
1597 1902 1642 1919 su—

74 1936 180 1976 peravit
191 1942 216 1964 et
229 1935 400 1964 transcendit.
414 1936 506 1974 ltaque
516 1934 651 1974 percurrit
660 1934 739 1970 Abel,
752 1935 819 1971 Noe,
837 1935 983 1971 Abraham,
995 1935 1082 1969 Isaac,
1095 1935 1189 1972 Jacob,
1206 1935 1317 1974 Joseph,
1331 1941 1357 1963 et
1372 1945 1464 1963 omnes
1474 1935 1603 1974 gloriosos
1616 1944 1641 1965 et

73 1983 248 2013 admirabiles
260 1983 334 2012 viros
347 1995 353 2011 ε
370 1982 468 2011 deinde
481 1989 655 2021 augmentum
669 1982 734 2010 facit
747 1982 922 2010 consolationi
942 1989 967 2010 et
981 1981 1162 2010 exhortationi
1176 1993 1240 2018 suae,
1261 1982 1295 2011 ad
1311 1993 1438 2022 personas
1451 1983 1573 2011 infirmas
1588 1983 1640 2012 de-

72 2041 174 2072 ponens
187 2030 342 2059 orationem.
357 2031 396 2059 Ut
409 2029 481 2058 enim
497 2028 671 2058 admirabiles
690 2039 809 2068 personae
822 2029 880 2057 lia-e
894 2029 998 2058 sortiter
1014 2036 1179 2068 paterentur,
1198 2029 1298 2058 mirum
1314 2029 1382 2058 nihil
1396 2036 1445 2066 est,
1460 2037 1485 2058 et
1501 2030 1638 2060 inferiores

72 2078 128 2107 illis
141 2077 220 2106 claris
229 2077 294 2106 viris
304 2077 387 2115 [add.
397 2079 478 2114 esse],
488 2076 586 2105 nonita
600 2087 684 2116 grave
696 2083 734 2105 est
747 2089 752 2104 :
765 2083 792 2104 ut
807 2084 897 2106 autem
906 2076 1040 2105 minorum
1055 2076 1195 2105 inferiores
1206 2076 1366 2114 fierent,hoc
1380 2084 1418 2106 est
1427 2077 1563 2116 grave.Et
1572 2077 1640 2107 inci-

73 2125 137 2164 pita
146 2125 302 2165 parentibus
316 2125 412 2163 Mosis,
422 2124 589 2163 ignobilibus
603 2124 766 2162 quibusdam
775 2124 853 2161 viris,
863 2131 888 2153 et
898 2124 965 2152 nihil
974 2124 1025 2152 tale
1032 2124 1194 2152 habentibus
1207 2125 1287 2162 quale
1301 2124 1374 2152 filius
1382 2135 1486 2153 corum.
1495 2126 1639 2164 Propterea

73 2178 98 2200 et
112 2171 257 2211 procedens
271 2178 446 2211 augmentum
457 2171 522 2200 facit
535 2171 612 2210 quasi
625 2171 800 2207 absurditati,
813 2178 837 2200 et
851 2171 1002 2199 meretrices
1017 2170 1144 2199 mulieres
1159 2177 1185 2199 et
1199 2170 1297 2200 viduas
1313 2181 1478 2199 enumerans.
1493 2172 1578 2207 Fide,
1594 2171 1641 2200 in-

73 2219 143 2257 quit,
159 2220 263 2248 Ralzab
280 2221 417 2248 meretrix
431 2230 491 2248 non
503 2221 588 2258 periit
601 2219 690 2248 simul
704 2229 769 2248 cum
785 2219 966 2258 infidelibus,
981 2220 1140 2257 suscipiens
1153 2219 1352 2257 exploratores
1363 2228 1429 2248 cum
1443 2228 1525 2256 pace.
1538 2218 1574 2247 Et
1587 2229 1639 2248 non

72 2264 160 2293 solum
169 2265 244 2304 fidei,
259 2265 307 2295 sed
320 2265 400 2294 etiam
412 2265 580 2294 infidelitatis
594 2265 668 2305 ponit
678 2265 887 2301 vicissitudines,
901 2265 970 2293 sicut
982 2264 1009 2293 in
1024 2274 1136 2303 persona
1148 2265 1214 2293 Noe.
1225 2263 1337 2293 Interim
1349 2263 1383 2292 de
1400 2263 1557 2303 parentibus
1567 2264 1638 2292 Mosi

72 2311 249 2341 necessarium
269 2319 309 2341 est
321 2312 421 2341 dicere.
439 2315 540 2342 Omnes
554 2313 655 2352 quippe
669 2312 814 2341 infantulos
828 2312 960 2341 masculos
975 2311 1093 2340 interimi
1109 2311 1213 2340 Pharao
1234 2312 1360 2351 jusserat,
1383 2317 1408 2339 et
1430 2311 1521 2339 nullus
1541 2310 1637 2350 effugit

74 2358 123 2388 boc
138 2359 299 2398 periculum.
317 2359 397 2388 Unde
412 2359 496 2398 igitur
510 2366 686 2399 speraverunt
698 2359 751 2395 isti,
766 2366 795 2388 ut
811 2359 945 2388 salvarent
960 2358 1099 2399 puerum?
1114 2359 1159 2387 Ex
1173 2357 1236 2392 fide,
1254 2357 1354 2396 inquit.
1372 2357 1454 2393 Quali
1471 2356 1548 2385 fide?
1565 2357 1637 2392 Quia

72 2404 199 2435 viderunt
211 2406 359 2446 elegantem
374 2407 547 2443 infantulum,
566 2414 591 2435 et
606 2407 663 2446 ipse
679 2407 768 2436 vultus
781 2407 814 2436 ad
830 2407 910 2436 fidem
923 2417 966 2436 eos
980 2407 1102 2435 attraxit.
1121 2406 1167 2435 Sic
1179 2406 1236 2444 jam
1251 2405 1312 2434 inde
1325 2406 1359 2434 ab
1374 2405 1451 2434 initio
1464 2416 1497 2434 ex
1511 2405 1578 2444 ipsis
1594 2405 1634 2434 in-

73 2452 212 2483 cunabulis
220 2454 304 2483 multa
313 2455 413 2484 eratilli
424 2455 497 2494 justo
512 2455 598 2484 infusa
615 2455 711 2494 gratia,
728 2462 821 2484 natura
837 2455 887 2484 hoc
899 2465 951 2484 non
966 2461 1099 2493 operante.
1108 2454 1211 2482 Incisus
1221 2460 1258 2482 est
1269 2454 1311 2494 [f.
1324 2453 1436 2492 intuere]
1451 2452 1521 2481 cuim
1531 2465 1536 2481 :
1547 2453 1636 2482 statim

75 2507 103 2529 ut
111 2501 214 2539 genitus
225 2509 275 2539 est,
291 2502 416 2531 honestus
431 2502 743 2541 apparebatjinsanunlus,
756 2510 868 2531 nouerat
883 2502 1030 2542 despectus.
1043 2503 1126 2541 Cujus
1137 2511 1199 2539 ergo
1207 2508 1262 2529 erat
1274 2502 1323 2529 hoc
1338 2512 1405 2540 opus
1417 2501 1430 2528 ·.“¹
1447 2500 1505 2528 Non
1523 2506 1634 2534 naturae,

75 2545 119 2574 scd
133 2547 222 2585 gratia?
237 2548 347 2586 divinae,
362 2559 420 2587 qua*
443 2549 522 2577 etiam
538 2549 680 2577 barbaram
700 2549 772 2578 illam
789 2550 928 2579 mulierem
944 2549 1100 2588 AEgyptisun
1123 2547 1262 2578 extuavit,
1287 2554 1313 2576 ut
1328 2554 1439 2582 amaret,
1462 2554 1491 2575 ut
1506 2553 1632 2584 sumeret,

1696 958 1735 980 31.
