1886 2846
222 146 288 192 194
559 155 588 177 S.
616 154 755 178 sommis
782 153 962 176 cttRx'SOST.
992 152 1150 175 AnctssEP.
1179 151 1447 176 CONSTANTINOP-

217 227 304 251 crum,
321 217 405 245 tutius
417 217 547 253 viverent,
561 223 589 244 ut
599 216 646 254 qui
658 226 709 244 non
721 216 847 244 haberent
859 214 951 243 remis·
1008 214 1049 242 ὅτι
1063 213 1104 247 τὸ,
1115 212 1275 250 Ποιήσωμεν
1284 213 1317 241 τὰ
1331 213 1411 248 κακὰ,
1418 214 1461 242 ἵνα
1472 214 1534 253 ἔλθῃ
1547 214 1579 244 τὰ
1593 215 1688 254 ἀγαθὰ,
1698 218 1774 253 ἡμεῖς

63 278 129 300 ΒΜ,
142 278 165 301 3,
183 277 204 300 3,
217 263 327 292 sionem.
346 262 429 291 Vides
443 261 515 300 quod
535 261 614 299 illud,
637 263 797 290 Faciamus
816 261 897 288 mala
923 266 954 287 ut
1007 258 1085 296 ἐσμὲν
1108 260 1132 286 οἱ
1155 262 1287 290 ποιοῦντες
1312 258 1448 297 leyen-:0213
1461 260 1520 296 Διὸ,
1545 263 1708 300 παρακαλῶ,
1730 262 1774 290 καὶ

217 312 339 338 veniant
355 311 439 341 bona,
455 318 502 336 nos
517 318 610 336 sumus
634 307 680 345 qui
702 307 815 335 facimus
837 312 865 333 ut
880 304 954 332 dica·
1007 305 1080 341 ὑμεῖς
1091 305 1114 332 οἱ
1129 303 1243 341 ἀμύητοι
1257 303 1350 342 νήφετε
1360 316 1366 322 ·
1378 305 1467 342 μηδεὶς
1479 307 1513 338 ὡς
1529 307 1671 344 μισθωτὸς,
1684 307 1775 344 μηδεὶς

217 363 260 384 tur
272 356 285 383 Ρ
299 355 480 388 Quamobrem
495 364 558 392 rogo
573 364 631 388 vos,
649 353 695 391 qui
711 363 760 380 non
776 351 838 379 estis
852 357 955 389 myste-
1007 351 1042 383 ὡς
1056 349 1194 387 ἀγνώμων,
1209 349 1277 378 οὕτω
1302 350 1413 387 μετιέτω
1435 351 1483 386 τὴν
1509 352 1615 391 ἀρετὴν,
1630 353 1720 390 μηδεὶς
1739 355 1775 385 ὡς

215 399 262 427 riis
274 398 379 434 initiati,
392 398 609 437 expergiscimini
623 410 629 425 z
643 407 718 425 nemo
734 402 869 432 tamquam
884 404 954 422 mer—
1009 394 1074 434 βαρὺ
1094 395 1139 423 καὶ
1162 395 1292 434 φορτικόν.
1303 396 1380 425 Μετὰ
1401 398 1546 435 προθυμίας
1571 398 1656 426 τοίνυν
1675 399 1774 433 ταύτην

215 443 343 478 ccnarius,
367 452 444 470 nemo
469 449 604 480 tamquam
627 441 746 478 ingratus
768 438 803 466 ad
826 438 953 466 virtutem
1008 441 1175 479 μετέλθωμεν
1190 441 1234 469 καὶ
1247 441 1436 480 χαίροντεςᾸΞῖ
1449 442 1500 482 γὰρ
1520 443 1556 480 μὴ
1573 445 1662 481 μισθὸς
1678 443 1772 479 ἔκειτο,

215 489 340 524 accedat3
365 498 441 517 nemo
462 499 519 517 eam
542 486 712 525 aggrediatur
740 491 876 521 tamquam
897 494 954 512 rem
1008 488 1054 515 οὐκ
1069 488 1149 526 ἐχρῆν
1164 482 1230 515 εἶναι
1245 487 1358 524 ἀγαθόνς
1375 489 1433 516 ἀλλ’
1449 488 1519 525 ὅμως
1533 489 1581 517 κᾶν
1598 489 1664 526 μετὰ
1681 491 1773 527 μισθοῦ

215 545 324 573 gravem
348 542 373 563 ei
389 535 536 563 molestam.
561 532 604 560 Ad
631 541 687 559 eam
709 540 772 568 ergo
795 529 954 558 accedamus
1007 532 1144 571 γενώμεθα
1163 533 1264 571 ἀγαθοί.
1279 533 1341 564 Πῶς
1363 533 1414 571 γὰρ
1430 535 1476 562 οὐκ
1496 533 1605 572 αἴσιόν-ν,
1628 534 1775 570 τοῦτο,καὶ

215 580 313 608 alacari
325 581 412 608 animo
427 587 452 608 et
468 579 530 607 lceti.
546 579 612 606 Nam
627 577 729 604 etiamsi
743 586 842 604 merces
854 586 906 604 non
919 587 954 604 es-
1008 578 1118 617 μεγίστη
1133 579 1314 616 κατάγνωσις,
1330 578 1374 606 ἐὰν
1390 579 1426 616 μὴ
1443 579 1492 618 δῷς
1508 591 1552 616 μοι
1568 580 1672 617 μισθὸν,
1685 580 1774 619 φησὶν,

215 632 254 654 set
273 625 421 664 proposita,
436 634 521 652 annon
541 628 672 661 oporteret
692 631 748 649 esse
771 621 895 650 bonum?
909 621 955 650 sed
972 626 989 648 B
1007 626 1035 653 οὐ
1055 624 1162 663 γίνομαι
1183 623 1304 663 σώφρων,
1319 626 1421 653 Οὐκοῦν
1440 626 1530 662 τολμῶ
1550 637 1576 653 τι
1596 627 1694 661 εἰῇ-εἵη
1707 626 1778 654 οὐδέ-

215 670 309 699 saltem
331 677 416 698 tamen
439 679 498 696 cum
513 667 634 696 mercede
648 667 732 695 simus
749 666 822 695 boni.
838 666 873 695 Et
886 677 955 705 quo·
1006 682 1070 699 ποτε
1093 670 1139 709 ἔσῃ
1156 670 1276 709 σώφρων,
1290 670 1347 699 οὐδὲ
1361 670 1424 699 ὅταν
1446 673 1597 709 σωφρονῇς,
1613 670 1636 699 εἴ
1649 683 1679 710 γε
1691 674 1777 711 μισθῷ

216 715 296 744 modo
307 726 356 743 non
369 721 406 743 est
416 715 465 742 hoc
477 713 608 752 probrum
623 719 647 741 et
660 712 811 741 maximum
822 711 955 741 dedecus?
1008 717 1071 745 αὐτὸ
1083 720 1164 749 ποιεῖς
1174 728 1180 734 -
1191 716 1263 745 οὐδὲν
1278 716 1329 756 γὰρ
1344 719 1395 755 ἡγῇ
1411 716 1458 751 τὴν
1472 718 1577 756 ἀρετὴν,
1587 717 1612 745 Εἴ
1624 729 1655 755 γε
1666 717 1702 755 μὴ
1717 719 1778 757 ἐρᾷς

215 762 244 791 Si
261 761 337 795 mihi,
354 761 449 797 inquit,
462 758 612 787 mercedem
627 769 678 787 non
698 758 815 793 dederis,
829 770 881 787 non
895 770 955 788 sum
1008 763 1098 796 αὐτῆς.
1112 762 1180 791 Ἀλλ’
1195 765 1208 791 ὁ
1223 762 1291 794 Θεὸς
1311 762 1354 791 διὰ
1374 762 1421 797 τὴν
1436 762 1536 797 πολλὴν
1551 765 1626 800 ἡμῶν
1642 762 1776 791 ἀσθένειαν

215 805 349 833 modestus
370 811 395 832 et
418 811 576 842 temperans.
603 803 723 831 Audeam
743 803 832 841 itaque
853 803 955 842 aliquid
1007 808 1070 840 τέως
1082 812 1094 823 ³
1104 809 1151 836 κᾶν
1168 811 1259 846 μισθοῦ
1274 808 1402 843 ἠθέλησεν
1418 809 1497 843 αὐτὴν
1510 809 1629 846 γενέσθαι
1640 821 1646 826 ·
1658 811 1734 846 ἡμεῖς
1749 809 1776 837 δὲ

214 847 322 876 dicere?
337 848 488 885 Numquam
499 847 581 876 fueris
593 847 738 884 modestus,
751 847 830 875 etiam
841 847 862 875 si
876 854 900 875 te
912 857 955 886 ge·
1008 854 1064 882 οὐδὲ
1085 854 1153 883 οὕτω
1177 854 1285 892 μέτιμεν
1307 854 1401 888 αὐτήν.
1425 856 1523 891 Θῶμεν
1539 853 1581 889 δὲ,
1597 856 1618 882 εἷ
1641 854 1777 892 βούλεσθε,

213 904 255 922 ras
267 892 395 929 modeste,
409 893 431 922 si
445 893 496 921 hoc
506 893 570 922 facis
584 892 725 921 mercede:
743 893 870 921 virtutem
885 894 955 922 enim
1008 899 1047 928 ὅτι,
1067 899 1202 939 ἄνθρωπός
1220 911 1260 931 τις
1281 899 1363 938 μυρία
1385 899 1562 938 ἐργασάμενος
1583 899 1653 928 κακὰ
1673 900 1779 935 ἄπεισι,

214 940 281 968 nihil
298 940 444 976 existimas,
459 940 481 968 si
494 950 553 968 eam
567 950 618 968 ΠοΠ
633 950 714 969 amas.
734 939 788 968 Sed
802 941 876 968 Deus
891 951 955 978 pro-
1008 945 1053 974 χαὶ
1074 944 1243 978 χαταξιωθεὶς
1264 948 1309 973 τοῦ
1332 944 1514 983 βαπτίσματος
1527 944 1608 984 -ὅπερ
1627 945 1656 973 οὗ
1677 944 1778 983 ταχέως

214 993 272 1025 pter
284 996 409 1024 magnam
422 992 542 1014 nostram
552 985 765 1014 imbecillitatem
777 986 885 1014 interim
899 986 957 1024 qui·
1009 986 1083 1028 οἶμαι
1100 991 1263 1028 συμὲαίνειν·
1278 993 1334 1023 πῶς
1357 990 1530 1019 ἀπελεύσεται
1550 992 1620 1026 ἐκεῖ,
1635 989 1694 1018 εἰπέ
1715 1001 1777 1028 μοι;

214 1031 275 1060 dcm
290 1042 353 1060 cum
365 1031 484 1060 mercede
500 1031 586 1060 voluit
601 1042 659 1059 eam
674 1031 732 1059 fieri
741 1042 750 1068 ;
763 1042 810 1060 nos
822 1038 911 1060 autem
926 1042 957 1060 ne
1009 1036 1093 1075 Ὑπὲρ
1108 1036 1154 1072 μὲν
1168 1038 1221 1064 τῶν
1232 1036 1410 1074 εἰργασμένων
1425 1037 1472 1064 οὐκ
1485 1035 1684 1074 ἐγκαλούμενος,
1694 1037 1779 1075 ἀπαρ-

215 1078 252 1106 sie
266 1077 375 1116 quidem
390 1088 448 1106 eam
462 1077 645 1116 aggredimur.
661 1079 795 1106 Ponamus
809 1085 910 1113 autem,
933 1079 956 1107 si
973 1082 991 1104 C
1010 1082 1150 1120 ῥησίασ-,ος
1166 1082 1192 1110 δὲ
1205 1080 1252 1117 ὢν,
1261 1082 1376 1114 εἰκότως,
1388 1081 1473 1110 Ὅταν
1488 1081 1539 1120 γὰρ
1552 1082 1644 1110 ἑκατὸν
1658 1081 1704 1116 ἔτη
1720 1082 1780 1120 pub.

215 1123 293 1162 velis,
312 1124 386 1162 quod
399 1123 479 1152 bomo
498 1123 608 1162 quidam
630 1123 742 1152 excedat
766 1123 843 1152 malis
858 1134 955 1163 perpe-
1009 1139 1069 1163 σας,
1093 1126 1174 1164 μηδὲν
1200 1126 1296 1163 ἀγαθὸν
1316 1127 1390 1164 ἔργον
1410 1126 1586 1161 ἐπιδείξηται,
1602 1126 1670 1155 ἀλλὰ
1692 1127 1780 1164 μόνον,

215 1170 291 1198 tratis
316 1169 568 1205 innumerabilibus,
593 1175 618 1197 et
638 1169 772 1208 baptismo
797 1169 923 1208 diguatus
948 1182 954 1197 z
1009 1173 1048 1201 ὅτι
1072 1174 1120 1211 οὐχ
1141 1172 1262 1211 ἥμαρτε,
1285 1173 1384 1209 μᾶλλον
1407 1172 1432 1201 δὲ
1460 1172 1526 1209 μηδὲ
1550 1175 1639 1206 τοῦτο,
1661 1173 1718 1200 ἀλλ’
1738 1172 1779 1202 ὅτι

216 1215 288 1253 quod
302 1216 427 1244 existimo
439 1226 491 1243 non
502 1215 555 1243 cito
567 1215 674 1243 evenire
686 1227 692 1242 1
703 1215 847 1253 quomodo,
859 1226 956 1253 quaeso,
1009 1218 1098 1257 χάριτι
1126 1218 1191 1256 μόνῃ
1218 1218 1329 1253 διεσώθη
1339 1241 1345 1253 ,
1374 1218 1477 1256 ἑτέρους
1498 1217 1525 1245 δὲ
1551 1217 1780 1255 ἐστεφανωμένους

216 1262 283 1290 illuc
294 1261 404 1290 abibit?
422 1261 475 1289 Pro
490 1260 522 1289 iis
540 1260 647 1299 quidem
665 1272 723 1299 qua:
739 1261 799 1289 fecit
814 1272 865 1289 non
878 1272 955 1290 accu-
1009 1263 1145 1303 λαμπροὺς
1169 1263 1214 1292 καὶ
1237 1263 1389 1300 εὐδοκίμους
1409 1263 1468 1300 ἴδῃ·
1490 1262 1538 1290 κᾶν
1558 1264 1594 1294 εἷς
1614 1261 1718 1299 γέενναν
1741 1262 1779 1301 μὴ

216 1314 298 1343 satus,
321 1307 369 1336 sed
392 1317 445 1335 non
470 1307 570 1335 habens
595 1306 733 1343 fiduciam,
750 1306 830 1345 idque
849 1307 954 1336 merito.
1010 1310 1126 1348 ἐμπέσῃ,
1148 1306 1199 1349 ἆρα
1221 1309 1286 1337 οἴσει
1308 1309 1355 1343 τὴν
1380 1308 1504 1346 ἀθυμίαν,
1523 1308 1582 1337 εἰπέ
1602 1321 1663 1346 μοι,
1676 1308 1736 1337 Ἵνα
1752 1309 1780 1338 δὲ

217 1355 288 1383 Nam
300 1353 407 1392 quando
425 1364 487 1382 cum
508 1360 614 1382 centum
627 1364 709 1381 annos
725 1353 834 1390 vixerit,
851 1353 957 1382 nultum
1010 1356 1053 1384 ἐπὶ
1074 1356 1266 1393 ὓποδείγματος
1284 1355 1313 1383 τὸ
1333 1359 1444 1394 πρᾶγμα
1467 1354 1571 1389 ποιήσω
1591 1355 1780 1395 φανερώτερον,

218 1399 292 1428 aliud
313 1399 414 1427 bonum
436 1398 562 1433 ostendit,
583 1398 633 1427 nisi
655 1398 726 1436 quod
750 1409 802 1426 1101]
824 1398 956 1437 peccarit;
1011 1401 1127 1429 ἔστωσαν
1143 1400 1189 1429 δύο
1212 1402 1389 1440 στρατιῶται,
1403 1400 1448 1429 καὶ
1463 1402 1476 1429 ὁ
1492 1400 1538 1438 μὲν
1555 1401 1704 1436 κλεπτέτω,
1721 1402 1780 1429 ἀδι-

219 1445 272 1473 imo
296 1455 358 1473 vero
372 1455 404 1472 ne
421 1444 473 1473 hoc
493 1444 610 1483 quidem,
625 1443 671 1473 sed
684 1444 770 1482 gratia
791 1444 880 1483 potius
902 1444 957 1473 sola
1011 1446 1104 1481 κείτω,
1118 1446 1322 1475 πλεονεκτείτω·
1335 1449 1348 1475 ὃ
1363 1446 1390 1474 δὲ
1405 1446 1488 1484 μηδὲν
1504 1447 1603 1475 τούτων
1617 1446 1779 1485 ἐργαζέσθω,

219 1497 257 1519 est
271 1497 402 1526 servatus,
420 1490 487 1518 alios
501 1497 589 1519 autem
606 1490 703 1518 viderit
719 1497 864 1527 coronatos,
887 1502 958 1530 prae-
1011 1493 1079 1521 ἀλλὰ
1102 1492 1312 1531 ἀνδραγαθείτω,
1328 1492 1432 1530 μεγάλα
1457 1491 1637 1532 κατορθούτω,
1651 1494 1677 1521 ἐν
1702 1492 1780 1521 πολέ-

219 1536 303 1565 claros
315 1543 340 1564 et
354 1536 381 1565 in
395 1537 466 1565 bona
478 1536 691 1565 existimatione:
704 1536 807 1564 etiamsi
819 1537 846 1564 in
861 1537 958 1575 gehen-
1012 1549 1070 1576 μοις
1090 1538 1205 1577 τρόπαια
1228 1538 1343 1573 imita»,
1358 1536 1509 1576 αἱματτέτω
1534 1537 1582 1572 τὴν
1607 1537 1690 1571 δεξιάν
1702 1550 1708 1556 ·
1723 1533 1781 1567 εἶτα

219 1592 280 1610 uam
292 1592 343 1610 non
355 1582 491 1617 ceciderit,
501 1582 611 1617 fetetne,
624 1581 677 1619 dic,
687 1592 786 1620 quaeso,
796 1583 957 1611 moerorem?
976 1592 994 1613 1)
1012 1587 1103 1623 καιροῦ
1124 1584 1291 1620 ἐπιστάντος,
1305 1586 1318 1612 ὁ
1334 1583 1380 1622 μὲν
1397 1584 1450 1612 ἀπὸ
1462 1586 1510 1618 τῆς
1531 1583 1605 1617 ἀξίας
1625 1584 1740 1620 ἐκείνης,
1753 1586 1779 1613 ἐν

253 1692 262 1702 ²
280 1685 331 1716 [nica
341 1689 421 1716 μισθοῖ
433 1692 478 1715 pro
488 1696 508 1708 A.
519 1687 592 1715 μεςθῷ
603 1683 740 1715 recepimus
750 1691 779 1707 ex
793 1684 822 1707 A.
835 1684 862 1707 B.
874 1684 974 1708 Comm.
989 1690 1013 1708 et
1023 1693 1105 1716 marg.
1119 1684 1209 1716 §ax-it]

637 1789 813 1818 MUTIANO
835 1789 1091 1819 SCHOLASTICO
1113 1789 1368 1819 INTERPRETE.

221 1881 348 1909 habentes
371 1887 486 1920 peccata.
501 1879 617 1908 Intueris
631 1880 693 1918 quia
712 1879 785 1918 quod
807 1879 912 1908 dictum
936 1887 991 1916 est,
1007 1880 1148 1909 Faciamus
1163 1881 1233 1909 mala
1246 1903 1253 1915 ,
1267 1887 1298 1909 ut
1314 1880 1423 1908 veniant
1436 1880 1525 1917 bona,
1545 1890 1593 1908 nos
1617 1890 1718 1915 sumus,
1733 1879 1781 1918 qui

220 1928 349 1956 faciamus
364 1934 394 1955 ut
417 1927 541 1955 dicatur?
557 1926 660 1955 Idcirco
681 1926 802 1965 obsecro,
815 1933 845 1955 ut
866 1933 892 1955 et
911 1936 978 1962 vos,
997 1927 1043 1965 qui
1064 1926 1155 1956 adhuc
1176 1927 1292 1956 necdum
1312 1927 1376 1955 estis
1397 1926 1509 1962 imbuti,
1530 1926 1673 1965 evigiletis.
1695 1927 1781 1955 Nemo

221 1976 289 2004 sicut
304 1976 494 2011 mercenarius,
508 1985 585 2003 nemo
600 1975 668 2004 sicut
692 1975 824 2013 ingratus,
840 1974 1014 2013 aggrediatur
1039 1975 1180 2013 virtutem,
1200 1985 1277 2004 nemo
1300 1975 1369 2003 sieut
1390 1985 1473 2013 grave
1494 1973 1624 2012 quiddam
1638 1980 1664 2002 et
1678 1973 1782 2012 impor—

221 2023 312 2051 tabile.
333 2023 402 2051 Cum
423 2022 560 2050 alacritate
578 2022 663 2061 igitur
685 2022 755 2051 hanc
775 2022 966 2061 aggrediamur
988 2029 1013 2051 et
1036 2022 1189 2061 gaudentes.
1205 2024 1245 2050 Ac
1266 2022 1289 2050 si
1313 2022 1385 2050 enim
1410 2031 1510 2050 merces
1537 2021 1615 2049 nobis
1639 2031 1693 2049 non
1715 2028 1782 2049 esset

222 2070 378 2110 proposita,
402 2079 490 2098 nonne
511 2069 651 2108 oportebat
678 2069 762 2098 bonos
783 2069 862 2098 esse}>
881 2070 982 2098 Saltem
1006 2080 1067 2097 cum
1095 2068 1215 2097 mercede
1233 2069 1292 2107 jam
1317 2069 1468 2097 efficiamur
1493 2067 1567 2096 boni.
1588 2067 1623 2095 Et
1647 2067 1782 2105 quomodo

222 2128 275 2146 non
295 2116 430 2145 erubescis
442 2116 455 2144 Ρ
467 2115 494 2143 in
516 2115 568 2143 hoc
589 2116 676 2154 major
697 2122 736 2143 est
757 2115 927 2154 reprehensio
943 2115 1009 2144 ista:
1021 2115 1081 2144 Nisi
1100 2115 1168 2144 mihi
1193 2115 1298 2144 dederis
1313 2114 1462 2143 mercedem
1474 2136 1481 2150 ‚
1495 2113 1598 2152 inquis,
1611 2123 1663 2142 non
1681 2113 1784 2142 efficior

223 2171 319 2193 castus.
342 2163 459 2192 Proinde
481 2162 566 2191 audeo
588 2162 693 2200 aliquid
712 2162 975 2201 diceremumquam
998 2163 1049 2191 eris
1070 2170 1167 2199 castus,
1189 2173 1274 2200 neque
1299 2162 1444 2201 aliquando
1462 2163 1507 2200 [f.
1525 2171 1612 2199 neque
1627 2161 1651 2190 si
1665 2162 1712 2200 q.]
1728 2161 1781 2189 eris

223 2218 327 2248 castus;
344 2211 366 2239 si
380 2210 489 2249 quidem
504 2219 554 2249 pro
569 2208 689 2237 mercede
709 2209 792 2245 faeis3
806 2209 874 2237 nihil
901 2209 1016 2238 aestimas
1032 2209 1157 2238 virtutem
1168 2232 1175 2246 ‚
1191 2209 1213 2237 si
1231 2219 1283 2238 non
1305 2209 1392 2248 ipsam
1412 2219 1494 2237 ames.
1513 2207 1566 2237 Sed
1581 2209 1654 2236 Deus
1673 2215 1783 2247 propter

224 2258 338 2286 multam
350 2264 468 2286 nostram
486 2255 669 2284 infirmitatem
681 2255 787 2283 interim
800 2255 840 2284 vel
857 2262 966 2294 propter
977 2255 1128 2284 mercedem
1138 2266 1196 2284 eam
1213 2255 1272 2283 fieri
1289 2255 1448 2284 voluitmos
1461 2262 1551 2283 autem
1563 2265 1648 2293 neque
1666 2255 1704 2283 sic
1724 2265 1782 2284 eam

224 2304 405 2343 aggredimur.
421 2303 620 2332 Constituamus
634 2308 734 2337 autem,
748 2302 769 2330 si
782 2302 874 2338 vultis,
891 2302 953 2340 quia
975 2302 1056 2331 bomo
1070 2302 1180 2340 quidam
1194 2302 1268 2331 mille
1284 2302 1355 2330 mala
1367 2309 1493 2341 operatus
1509 2300 1632 2337 discedit,
1644 2307 1670 2329 et
1683 2301 1783 2340 dignus

225 2352 310 2380 sactus
325 2349 581 2391 baptismate:quod
606 2360 658 2378 non
679 2349 757 2378 facilc
780 2349 896 2378 arbitror
918 2349 1231 2389 contingere:quomodo
1253 2349 1319 2378 illuc
1342 2348 1514 2389 pergithic
1538 2349 1615 2377 mihi.
1626 2348 1719 2378 Veluti
1735 2349 1783 2386 qui

226 2409 275 2438 pro
289 2399 336 2435 eis,
351 2410 410 2437 quae
421 2405 545 2438 ope-ratus
559 2404 616 2435 est,
631 2407 685 2426 non
699 2396 861 2436 culpandus,
875 2397 920 2425 sed
940 2398 996 2426 sine
1019 2398 1074 2426 ulla
1095 2397 1196 2426 fiducia
1215 2398 1276 2426 erit.
1287 2397 1341 2432 Qui
1363 2397 1433 2426 enim
1453 2403 1560 2425 centum
1581 2406 1665 2424 annos
1687 2395 1783 2424 vivens

227 2446 332 2474 nullum
345 2457 412 2485 opus
425 2446 527 2475 bonum
551 2444 762 2481 demonstravit,
773 2444 818 2474 sed
833 2451 937 2473 tantum
950 2446 1012 2483 quia
1025 2456 1077 2474 non
1091 2446 1212 2485 peccavit
1224 2457 1232 2483 ;
1250 2445 1336 2484 magis
1353 2452 1442 2474 autem
1454 2467 1461 2480 ,
1477 2443 1538 2482 quia
1553 2453 1639 2481 neque
1653 2443 1704 2472 hoc
1713 2465 1721 2479 ,
1735 2442 1782 2471 sed

226 2491 290 2528 quia
305 2492 389 2529 gratia
403 2493 458 2521 sola
470 2493 589 2521 salvatus
606 2498 644 2520 est
655 2514 662 2527 ‚
675 2491 741 2520 alios
752 2498 840 2520 autem
854 2491 928 2520 videt
942 2499 1080 2521 coronatos
1091 2515 1098 2529 ,
1109 2491 1263 2532 splendidos
1276 2499 1301 2520 ct
1324 2491 1488 2531 probabiles,
1504 2500 1535 2518 ae
1545 2490 1567 2518 si
1580 2499 1631 2518 uon
1644 2497 1684 2518 eat
1695 2490 1722 2518 in
1734 2500 1782 2528 ge—

228 2538 351 2575 hennam,
363 2539 495 2576 numquid
510 2538 650 2568 sustinebit
661 2549 800 2568 mcerorem
809 2538 822 2566 ,⁰
832 2538 877 2567 dic
888 2538 965 2568 mihi.
975 2539 1012 2567 Ut
1023 2546 1111 2567 autem
1125 2538 1176 2567 sul)
1190 2539 1314 2578 exemplo
1325 2539 1393 2566 lianc
1405 2548 1460 2566 rem
1475 2537 1678 2565 manifestiorem
1695 2536 1780 2565 sac-ia-
