1886 2846
247 178 291 213 50
587 195 615 217 s.

256 254 349 294 possit,
363 254 426 283 audi
437 255 570 293 quomodo
583 255 682 284 Paulus
702 258 751 285 hoc
773 255 919 297 permiserit
935 254 988 282 tai-

240 301 294 330 ,εἰς
310 313 315 329 :
333 302 505 339 AEdificatc,
522 302 629 341 inquit,
655 305 732 332 alter·
742 304 864 332 alterum
880 303 951 330 sicut
962 305 989 327 et

239 347 376 384 ‘fizcilis;
391 355 413 376 et
426 371 434 385 ,
454 349 656 378 Consolamim‘
669 352 792 377 invicem
815 351 846 376 in
868 348 913 375 his
927 354 988 373 ser·-

259 396 395 422 monibus.
412 395 492 423 Novit
508 397 579 424 Deus
589 395 723 434 quomodo
739 394 883 430 unicuique
896 389 989 418 distri-

262 438 335 467 buat.
350 440 420 467 Num
433 446 498 469 tues
510 443 605 480 Moyse
620 441 730 469 melior?
747 439 816 468 Audi
828 445 908 475 qnam
922 443 990 471 aegm

221 512 224 516 ,
260 491 283 512 et
299 485 406 514 moleste
419 487 492 515 serat.
508 489 585 516 Num
602 498 670 527 ego,
689 486 775 523 inquit
786 507 793 515 v
809 490 924 521 possum
941 488 988 506 ⁶¹⁰⁵

255 537 372 568 portare
382 554 391 566 ‚
410 535 488 571 qnod
505 535 605 562 dia-isti
625 535 712 566 mihi,
742 530 822 559 Tolle
844 537 890 556 t’OS
913 528 989 554 Sicut

255 579 353 604 nutrix
365 578 544 607 lactantem?
560 578 631 613 Quid
647 588 707 606 vcro
722 575 813 604 Deus?
831 571 938 601 Exemit
953 570 987 599 de

254 624 310 661 ejus
322 623 432 663 spiritu,
447 632 471 653 et
486 625 559 653 dedit
573 625 650 659 aliis,
666 621 804 651 ostendens
817 618 888 658 quod
901 628 986 656 neque

255 670 361 707 quando
385 681 428 699 eos
450 672 590 709 portabat,
612 670 668 708 ejus
689 674 743 696 erat
767 666 918 701 charisma,
939 663 987 693 sed

260 717 384 755 Spiritus.
399 718 426 747 Si
442 718 550 745 haberes
565 717 694 745 charisma
707 737 713 751 ,
729 725 798 752 saepe
809 713 913 741 'fuisses
928 712 986 740 ela·-

256 768 298 789 tus
311 785 317 796 ,
331 773 399 801 saepe
412 763 504 790 fuisses
516 772 622 790 eversus
634 773 638 787 :
656 768 684 789 tu
699 760 813 798 teipsum
827 768 878 786 non
897 757 984 791 nosti,

255 815 282 836 ut
296 817 319 837 te
331 810 402 837 Deus
411 810 493 837 novit.
508 809 684 842 Nedicamus,
697 807 739 835 Ad
750 806 815 844 quid
826 807 875 834 hoc
887 812 911 833 et
921 805 986 833 cur?

255 855 360 891 quando
376 856 447 882 Deus
460 854 607 893 dispensat,
618 864 650 881 ne
664 853 792 881 rationem
806 852 840 880 ab
851 862 880 880 co
893 851 985 889 exiga-

254 909 330 926 mus:
349 900 397 927 hoc
417 899 487 927 enim
502 906 538 927 est
555 899 698 938 impietatis
721 905 845 927 extremae
866 904 891 926 et
910 907 987 925 arro-

253 944 356 981 gantiae.
374 945 449 972 Servi
465 955 576 979 sumus,
598 952 622 973 et
641 945 711 973 servi
732 944 847 973 multum
861 944 988 972 distantes

253 1000 267 1016 :i
282 990 393 1017 Domino
404 1014 411 1024 ,
426 1000 458 1018 nc
481 1001 510 1018 ea
524 990 632 1028 quidem
647 991 757 1019 scientes
777 1000 836 1028 quae
851 996 913 1017 sunt
933 999 988 1028 prae

254 1035 374 1073 pedibus.
392 1037 430 1064 Nc
445 1036 527 1074 igitur
539 1036 642 1065 curiose
661 1043 810 1065 scrutemur
831 1035 880 1063 Dei
896 1034 989 1063 consi-

255 1080 319 1109 lium
333 1104 340 1118 ,
358 1081 402 1110 sed
421 1080 491 1120 quod
505 1081 580 1110 dedit
593 1082 645 1110 hoc
662 1092 815 1116 servemus,
831 1081 935 1109 etiamsi
955 1081 989 1109 sit

255 1137 366 1164 parvum
378 1150 385 1163 ,
402 1128 504 1156 etiamsi
517 1128 643 1156 ultimum
654 1151 661 1163 ‚
674 1134 699 1156 et
711 1128 790 1167 plane
804 1126 903 1155 erimus
922 1137 987 1164 pro-

252 1174 280 1202 bi
294 1182 318 1203 et
334 1175 359 1203 in
373 1175 440 1203 bona
452 1175 647 1204 existimatione
660 1187 665 1205 :
680 1176 734 1203 imo
747 1185 809 1204 vero
824 1185 857 1202 ex
873 1174 923 1202 Dei
938 1174 987 1202 do-

253 1219 294 1248 nis
307 1219 412 1248 nullum
425 1227 462 1248 est
476 1231 601 1259 parvum.
624 1221 704 1249 Doles
719 1220 792 1259 quud
816 1230 867 1248 non
890 1219 987 1247 habeas

253 1265 353 1293 donum
376 1266 502 1294 doctrinm¹
514 1267 527 1294 ἶ)
543 1267 587 1295 dic
610 1267 676 1295 mihi
688 1289 695 1303 ‚
719 1267 785 1305 quid
807 1266 856 1294 tibi
880 1265 987 1294 videtur

254 1321 308 1339 esse
324 1311 425 1350 majus,
439 1311 538 1340 donum
557 1312 684 1340 doctrinae
698 1335 705 1347 ,
728 1323 760 1340 an
776 1311 877 1340 donum
892 1311 984 1350 expel-

251 1356 321 1384 lendi
338 1358 466 1385 morbos?
482 1357 536 1386 Hoc
551 1358 651 1396 utique.
675 1358 748 1392 Quid
763 1358 847 1386 vero?
868 1368 919 1385 non
936 1357 984 1385 tibi

249 1402 357 1430 videtur
372 1413 426 1431 esse
442 1404 544 1441 majus,
561 1403 636 1431 caecis
658 1403 721 1431 dare
743 1403 854 1431 visum?
868 1413 919 1431 non
936 1403 984 1430 tibi

249 1448 356 1476 videtur
382 1459 436 1477 esse
462 1450 546 1488 majus
561 1472 567 1483 ,
594 1456 712 1478 mortuos
744 1450 860 1478 excitare
871 1471 879 1485 ,
904 1459 983 1486 quam

249 1495 355 1522 morbos
375 1495 490 1523 curare?
507 1495 580 1529 Quid
595 1506 656 1524 vero
666 1518 674 1533 ,
692 1495 736 1524 dic
756 1506 844 1534 quaeso
856 1496 869 1524 ἶ)
882 1495 983 1524 umbris

645 194 784 217 JOANNJS
811 194 987 217 cttux‘sos't'.

1018 194 1036 215 A
1043 194 1170 217 lictum».
1195 195 1257 217 COR¹
1264 195 1323 218 S'rA
1329 196 1449 220 NTth
1456 212 1462 220 .

1039 261 1084 295 Μὴ
1108 261 1159 299 ἐγὼ
1179 262 1307 299 δύναμαι,
1324 264 1399 301 φησὶ,
1412 263 1549 301 βαστάζειν
1562 265 1666 301 αὐτοὺς,
1681 266 1720 294 ὅτι
1736 261 1805 300 εἶπές

1041 323 1098 348 μοι,
1111 308 1171 350 ἆρον
1187 312 1279 345 αὐτοὺς
1290 335 1296 347 ,
1312 314 1374 342 ὡσεὶ
1387 315 1448 353 ἅραι
1460 315 1561 349 τιθηνὸς
1583 316 1626 344 τὸν
1646 316 1805 350 Οηλοὶζοντα;

1041 363 1076 391 Τι’
1090 358 1132 390 οἶν
1147 366 1160 391 ὁ
1177 365 1256 399 Θεός;
1274 364 1389 397 Ἐξεῖλεν
1415 367 1466 395 ἀπὸ
1486 370 1530 395 τοῦ
1549 366 1696 404 πνεύματος
1713 368 1805 402 αὐτοῦ,

1041 414 1085 442 καὶ
1097 414 1176 442 ἔδωκε
1193 420 1246 448 τοῖς
1260 416 1347 449 ἄλλοις
1357 439 1364 451 ,
1382 417 1480 450 δεικνὺς
1495 417 1535 446 ὅτι
1548 418 1605 447 οὐδὲ
1629 417 1672 447 ὅτε
1687 418 1805 447 §gotera-

1041 468 1081 498 ζεν
1104 467 1213 503 αὐτοὺς,
1229 469 1307 496 αὐτοῦ
1329 471 1404 497 τοῦτο
1427 470 1456 498 τὸ
1478 470 1597 510 χάρισμα
1611 467 1657 507 ἦν,
1680 470 1748 499 ἀλλὰ
1761 474 1806 500 τοῦ

1040 518 1202 556 Πνεύματος.
1220 520 1252 548 Εἰ
1266 520 1295 548 τὸ
1311 520 1431 560 χάρισμα
1446 517 1528 560 εἶχες,
1544 522 1670 555 πολλάκις
1682 522 1712 551 ἂν
1725 522 1806 561 ἐπήρ-

1040 571 1100 605 Οης,
1111 569 1237 604 πολλάκις
1248 571 1277 599 ἂν
1292 570 1446 611 ἐξετράπης·
1461 575 1507 601 οὐκ
1522 569 1592 606 οἶδας
1605 573 1636 602 σὺ
1652 574 1745 602 σαυτὸν
1755 595 1762 609 ,
1773 574 1808 606 ὡς

1040 626 1053 652 ὁ
1067 624 1133 657 Θεός
1148 636 1176 653 σε
1191 621 1251 654 οἶδε.
1269 625 1314 661 Μὴ
1330 626 1458 665 λέγωμεν,
1472 629 1508 660 εἷς
1521 627 1547 655 τί
1561 630 1653 664 τοῦτο,
1667 628 1712 656 καὶ
1730 628 1772 656 διὰ
1782 628 1808 656 τί

1040 683 1131 717 Τοῦτο;
1143 682 1204 711 ὅταν
1219 685 1342 722 οἷκονομῇ
1358 686 1371 712 ὁ
1386 684 1467 720 Θεὸς,
1492 684 1528 723 μὴ
1551 685 1704 722 ἀπαιτῶμεν
1730 684 1807 714 αὐτὸν

1041 737 1160 770 εὐθύνας·
1179 741 1254 767 τοῦτο
1269 739 1319 778 γὰρ
1346 739 1459 779 ἐσχάτης
1476 741 1596 773 &secem
1621 741 1666 769 καὶ
1685 741 1807 774 ἀπονοίας

1041 793 1106 822 ἐστί.
1120 794 1215 822 Δοῧλοί
1230 796 1316 833 ἐσμεν,
1339 796 1383 824 καὶ
1410 797 1494 824 δοῦλοι
1511 796 1576 826 πολὺ
1603 800 1647 825 τοῦ
1671 796 1806 825 Δεσπότου

1042 850 1218 885 διεστηκότες,
1234 850 1290 880 οὐδὲ
1312 851 1345 879 τὰ
1368 853 1394 880 ἐν
1411 852 1486 881 ποσὶν
1501 853 1680 891 ἐπιστάμενοι.
1697 853 1744 888 Μὴ
1772 853 1803 888 δὴ

1041 905 1088 941 τὴν
1103 907 1199 944 βουλὴν
1213 908 1257 935 τοῦ
1273 908 1341 936 Θεοῦ
1355 908 1584 947 περιεργαζώμεῡα
1593 930 1601 943 ,
1611 910 1668 938 ἀλλ’
1683 909 1748 948 ὅπερ
1763 908 1806 937 δέ·

1043 962 1126 997 δωκε,
1143 965 1218 991 τοῦτο
1238 961 1421 1001 φυλάττωμεν,
1437 964 1484 991 κᾶν
1503 964 1594 1002 μικρὸν
1608 959 1641 1002 ᾗ,
1663 964 1710 992 κᾶν
1726 964 1805 1004 ἔσχα-

1042 1029 1098 1054 τον,
1113 1018 1157 1046 καὶ
1171 1018 1275 1050 πάντως
1290 1019 1508 1057 εὖδοκιμήσομεν·
1538 1020 1638 1057 μᾶλλον
1664 1019 1706 1055 δὲ,
1736 1019 1807 1048 οὐδὲν

1042 1075 1134 1114 μικρὸν
1149 1077 1200 1103 τῶν
1214 1078 1259 1104 τοῦ
1274 1077 1342 1104 Θεοῦ
1357 1076 1460 1114 δωρεῶν
1476 1077 1558 1105 ἐστιν’
1585 1077 1672 1115 ἀλγεῖς
1701 1076 1742 1105 ὅτι
1762 1078 1808 1108 οὒκ

1041 1131 1109 1169 ἔχεις
1133 1131 1253 1170 χάρισμα
1279 1132 1462 1168 διδασκαλίας,
1479 1132 1535 1161 εἰπὲ
1551 1133 1582 1167 δή
1596 1145 1654 1170 μοι,
1665 1132 1692 1161 τί
1707 1144 1748 1161 σοι
1762 1133 1808 1162 δο-

1041 1191 1082 1216 κεῖ
1100 1189 1185 1225 μεῖζον
1211 1182 1292 1222 εἶναι,
1309 1188 1430 1226 χάρισμα
1446 1189 1630 1225 διδασκαλίας,
1646 1188 1663 1223 ἢ
1685 1188 1807 1228 χάρισμα

1041 1244 1175 1282 ἰαμάτων,
1190 1243 1302 1276 Πάντως
1317 1247 1400 1273 τοῦτο.
1415 1245 1451 1273 Τί
1467 1243 1506 1280 δὲ,
1523 1247 1568 1273 τοῦ
1582 1245 1672 1278 νόσους
1689 1246 1805 1274 ἀπελαύ-

1039 1312 1091 1328 νειν
1107 1302 1135 1328 οὐ
1151 1301 1220 1328 δοκεῖ
1245 1311 1284 1328 σοι
1309 1302 1394 1338 μεῖζον
1411 1296 1476 1328 εἶναι
1490 1301 1520 1329 τὸ
1530 1300 1641 1339 τυφλοὺς
1655 1303 1807 1339 ὃμματοῧν;

1040 1357 1067 1384 οὐ
1081 1356 1150 1384 δοκεῖ
1168 1368 1208 1385 σοι
1224 1357 1310 1393 μεῖζον
1324 1352 1389 1384 εἶναι
1404 1356 1433 1384 τὸ
1446 1356 1550 1394 νεκροὺς
1572 1358 1695 1395 ἀνιστᾷν;
1710 1357 1746 1385 Τί
1762 1357 1806 1393 δὲ,

1039 1411 1095 1440 εἰπέ
1107 1423 1166 1449 μοι,
1180 1415 1225 1440 τοῦ
1242 1412 1311 1450 λόγῳ
1333 1414 1409 1440 τοῦτο
1429 1415 1512 1440 ποιεῖν
1528 1413 1556 1441 οὐ
1577 1412 1647 1440 δοκεῖ
1663 1424 1703 1441 σοι
1718 1414 1805 1451 μεῖζον

1038 1463 1103 1496 εἶναι
1119 1469 1148 1497 τὸ
1164 1473 1249 1500 σκιαῖς
1267 1467 1311 1496 καὶ
1326 1467 1471 1507 σουδαρίοις
1493 1470 1569 1497 τοῦτο
1587 1468 1753 1507 ἔργάζεσθαι;
1770 1469 1806 1498 Τί

250 1548 274 1568 ct
289 1541 403 1569 sudariis
415 1542 465 1569 hoc
479 1542 563 1569 sacerc
574 1552 624 1570 non
640 1542 688 1569 tibi
700 1541 807 1570 videtur
817 1553 873 1570 esse
887 1543 983 1580 majus,
1037 1532 1080 1557 οὖν
1095 1528 1191 1563 οέλεις’
1214 1528 1271 1556 εἶπέ
1296 1540 1354 1566 μοι,
1372 1539 1457 1561 σκιαις
1474 1528 1517 1556 καὶ
1541 1528 1685 1568 σουδαρίοῑς
1700 1529 1806 1568 νεκροὺς

250 1597 329 1623 quam
345 1587 425 1614 verbo
435 1587 448 1614 ἶ)
465 1586 537 1622 Quid
549 1597 612 1625 crgo
624 1587 681 1623 vis,
698 1586 742 1615 dic
757 1598 844 1625 qiiaeso
854 1610 862 1625 ,
879 1589 982 1616 umbris
1038 1591 1157 1627 ἁνιστᾷν,
1170 1588 1187 1622 ἢ
1202 1588 1231 1616 τὸ
1244 1588 1365 1626 χάρισμα
1382 1590 1428 1623 ’.ἧς
1444 1589 1613 1621 διδασκαλίας
1627 1589 1712 1628 ἔχεινς
1734 1589 1804 1618 Πάν-

664 1698 838 1726 MUTIANO
859 1698 1111 1726 SCHOLASTICO
1133 1697 1384 1726 INTERPRETE.

249 1790 359 1828 quisque
371 1789 440 1816 valet
452 1788 578 1826 implere,
594 1787 703 1816 adverte
714 1787 780 1825 quid
794 1788 866 1816 dicat
889 1788 1023 1826 apostolus
1033 1811 1039 1823 ‚
1051 1787 1187 1826 quomodo
1205 1787 1255 1814 hoc
1267 1793 1292 1814 et
1312 1786 1390 1814 laicis
1404 1787 1560 1826 imperavit:
1578 1789 1781 1828 Unusquisque
1793 1813 1801 1827 ‚

249 1836 351 1873 inquit,
364 1835 507 1874 aedificale
524 1837 649 1862 invicem
660 1857 667 1870 ,
684 1838 758 1863 sicut
769 1836 928 1874 etfaciti5;
943 1842 986 1871 et,
1004 1835 1207 1864 Consolamini
1220 1835 1395 1862 alterutrum
1409 1836 1440 1862 in
1451 1837 1631 1864 sermonibus
1641 1838 1704 1865 istis
1717 1849 1725 1863 :
1740 1848 1803 1875 quo-

250 1882 328 1911 modo
338 1881 481 1918 unicuique
494 1880 640 1909 distribuit.
655 1881 857 1919 Numquidnam
871 1888 897 1909 tu
913 1882 1007 1910 melior
1020 1893 1047 1910 es
1061 1883 1135 1910 Mose
1147 1883 1160 1909 ‚³
1176 1879 1291 1908 Adverte
1304 1891 1367 1919 ergo
1382 1881 1516 1918 quomodo
1533 1882 1670 1910 moerebat.
1684 1883 1762 1911 IVum
1774 1890 1802 1912 et

248 1939 299 1967 ego
311 1951 318 1964 ‚
334 1927 419 1966 inquit
429 1949 437 1962 ,
456 1928 523 1955 illos
538 1928 662 1956 tolerare
672 1939 789 1966 possum
799 1932 811 1956 P
826 1931 965 1967 quoniam
980 1929 1081 1957 dia-isti
1095 1929 1186 1961 mihi,
1196 1927 1281 1956 Sume
1295 1927 1362 1956 illos
1372 1950 1381 1964 ,
1399 1929 1472 1955 sicut
1487 1930 1573 1956 sumit
1587 1930 1684 1956 nutrix
1694 1939 1802 1967 parvu-

250 1975 309 2002 lum
322 1975 361 2002 ad
374 1975 464 2002 ubera
475 1974 657 2011 pendentem.
678 1974 752 2010 Quid
768 1985 829 2013 ergo
840 1975 853 2002 ἶ)
869 1976 941 2003 Deus
954 1974 1048 2003 eduxit
1063 1974 1096 2003 de
1107 1974 1204 2013 spiritu
1218 1974 1275 2012 ejus
1288 1996 1295 2009 ,
1311 1980 1335 2001 et
1347 1973 1422 2001 dedit
1435 1973 1511 2008 aliis;
1524 1973 1662 2002 ostendens
1677 1976 1739 2013 quia
1755 1986 1803 2003 ne-

249 2020 371 2058 quedum
385 2030 428 2048 eos
444 2020 499 2058 ipse
509 2026 625 2058 portaret
637 2043 643 2055 ,
653 2021 709 2059 ejus
720 2028 775 2049 erat
789 2021 920 2050 charisma
934 2043 942 2058 ,
955 2021 1001 2050 sed
1015 2021 1132 2060 Spiritus
1148 2019 1240 2049 sancti.
1252 2020 1280 2048 Si
1296 2019 1364 2047 enim
1382 2019 1493 2048 haberes
1505 2020 1654 2058 charisma,
1672 2031 1687 2049 0
1700 2020 1780 2049 homo
1790 2043 1799 2056 ,

250 2068 358 2096 sortasse
369 2067 500 2105 superbia?
515 2074 540 2095 te
549 2073 643 2095 ventus
660 2068 813 2103 extolleret,
825 2068 943 2097 fortassis
958 2068 1098 2096 mutareris
1113 2068 1139 2095 in
1154 2067 1249 2106 pejus:
1265 2076 1316 2094 non
1333 2066 1368 2093 ita
1385 2065 1553 2105 temetipsum
1566 2067 1718 2104 cognoscis,
1733 2067 1804 2096 sicut

249 2122 275 2143 te
290 2115 360 2142 Deus
371 2113 497 2151 agnoscit.
513 2114 571 2142 Non
580 2124 643 2152 ergo
654 2113 774 2142 dicamus
786 2137 793 2151 ,
822 2116 900 2144 hiare
912 2116 963 2144 hoc
974 2139 981 2152 ‚
993 2123 1018 2144 ct
1032 2126 1080 2154 pro
1094 2125 1147 2153 qua
1159 2124 1237 2142 causa
1251 2113 1324 2141 hoe?
1338 2113 1446 2151 quando
1462 2114 1534 2141 Deus
1545 2112 1648 2150 aliquid
1668 2113 1804 2153 dispensat

250 2169 329 2199 atque
340 2161 470 2200 disponit.
486 2161 545 2189 Non
555 2161 589 2189 ab
598 2172 628 2189 eo
640 2161 720 2189 etiam
731 2161 879 2191 vindictam
893 2164 1000 2201 exigere
1010 2163 1178 2191 festinemus:
1193 2161 1244 2189 hoc
1256 2160 1326 2189 enim
1340 2166 1464 2188 extremm
1479 2159 1624 2199 impietatis
1643 2167 1681 2188 est
1692 2183 1702 2198 ,
1720 2161 1802 2189 scele-

251 2216 366 2248 rataeque
379 2208 520 2247 superbiae.
544 2209 621 2237 Servi
637 2219 751 2247 namquo
766 2220 857 2238 snmus
869 2233 875 2245 ,
890 2218 916 2239 et
930 2212 1001 2240 servi
1023 2211 1141 2239 multum
1162 2209 1290 2238 distantes
1304 2219 1318 2236 a
1338 2208 1466 2244 Domino,
1482 2218 1567 2246 neque
1581 2214 1641 2236 ante
1660 2207 1740 2247 pedes
1754 2219 1804 2238 no-

251 2264 319 2285 stros
331 2256 441 2285 scientes
453 2255 523 2294 quod
537 2255 632 2294 agitur.
645 2257 705 2284 Non
717 2267 778 2295 ergo
792 2264 990 2296 perscrutemur
1005 2258 1099 2287 divina
1114 2257 1224 2286 consilia
1233 2279 1242 2291 ‚
1256 2255 1301 2285 sed
1316 2254 1388 2293 quod
1407 2254 1483 2283 nobis
1495 2255 1594 2283 donare
1608 2254 1734 2293 dignatus
1749 2263 1803 2291 est,

252 2304 301 2331 hoc
311 2313 415 2331 servare
425 2303 577 2331 festinemus
589 2325 598 2340 7
610 2313 641 2331 ac
652 2303 674 2331 si
686 2314 799 2342 parvum
814 2304 865 2341 sit,
881 2316 911 2333 ac
925 2306 946 2333 si
962 2306 1113 2334 minimum.
1126 2305 1190 2333 Haec
1204 2303 1274 2332 enim
1288 2309 1410 2341 agentes,
1425 2302 1578 2341 probabiles
1592 2302 1779 2341 apparebimus
1795 2314 1800 2329 :

251 2351 336 2389 magis
346 2357 434 2378 autem
449 2349 576 2388 quicquid
589 2350 689 2379 venerit
700 2350 734 2379 de
745 2350 831 2379 divini
848 2353 964 2381 muneris
979 2353 1102 2391 largitate
1113 2375 1120 2388 ‚
1138 2360 1307 2389 nequaquam
1327 2360 1442 2388 parvum
1459 2360 1514 2378 esse
1534 2348 1694 2389 judicemus
1721 2348 1804 2377 Doles

250 2396 312 2433 quia
332 2396 464 2424 charisma
475 2395 588 2424 docendi
601 2406 652 2424 non
667 2396 806 2435 possides?
818 2398 869 2426 Dic
884 2398 955 2426 enim
969 2399 1051 2435 mihi,
1065 2397 1130 2436 quid
1145 2397 1196 2426 tibi
1212 2397 1298 2436 majus
1312 2396 1443 2434 videtur,
1468 2396 1600 2425 charisma
1621 2394 1752 2431 docendi,
1769 2405 1802 2423 an

251 2442 382 2471 charisma
399 2443 505 2472 morbos
518 2450 544 2472 et
554 2443 726 2482 :egritudines
741 2445 900 2484 effugandi?
922 2447 1022 2484 Utique
1034 2446 1114 2475 istud.
1130 2445 1205 2481 Quid
1218 2445 1302 2484 ergo?
1314 2445 1381 2473 Item
1393 2444 1438 2473 dic
1452 2444 1520 2472 mihi
1531 2466 1540 2483 ,
1556 2453 1642 2472 nonne
1663 2443 1750 2482 majus
1764 2451 1804 2472 est

251 2488 342 2516 oculos
354 2489 497 2517 reformare
510 2500 639 2518 caecorum
648 2512 655 2527 ,
671 2501 751 2528 quam
767 2491 937 2529 aegritudines
951 2492 1128 2531 propulsare?
1142 2492 1206 2520 item
1220 2497 1338 2519 mortuos
1359 2490 1503 2524 suscitare,
1525 2499 1611 2518 nonne
1631 2488 1738 2517 videtur
1752 2489 1803 2518 tibi

252 2536 337 2573 majus
351 2545 423 2572 csse,
439 2546 519 2573 quam
534 2537 608 2565 caecis
623 2537 711 2566 visum
725 2538 854 2567 reddere?
870 2539 943 2575 Quid
956 2540 1018 2568 item
1032 2540 1089 2568 lnce
1102 2539 1149 2567 ista
1159 2540 1172 2567 ἶ*
1189 2548 1274 2567 nonne
1288 2538 1372 2576 majus
1387 2545 1424 2566 est
1436 2543 1506 2566 tactu
1519 2535 1638 2573 sudarii,
1655 2536 1696 2564 vel
1709 2536 1803 2564 umbra

251 2581 304 2609 soii
321 2582 450 2620 eorporisy
464 2593 542 2620 qnam
560 2584 639 2613 verbo
651 2585 796 2623 perficere?
809 2585 882 2621 Quid
894 2597 955 2625 ergo
964 2587 976 2614 ἱ)
987 2587 1042 2624 vis,
1059 2586 1101 2614 dic
1114 2586 1180 2613 inihi
1193 2609 1200 2620 ‚
1219 2585 1325 2613 sudario
1341 2592 1365 2612 et
1379 2584 1472 2612 umbra
1488 2583 1525 2610 tui
1542 2582 1660 2621 corporis
1683 2587 1803 2611 mortuos
