1906 2846
110 593 166 613 cen.
179 593 202 615 3.
223 600 238 621 9

108 630 144 646 10.

137 691 238 711 Peccato-

105 729 154 741 rnm
175 730 248 742 recor-

105 753 165 772 datio
177 753 198 773 fit
214 760 247 773 re-

106 784 212 804 medium.

261 197 329 240 ‘1¹²'
602 208 630 229 s.
660 208 799 230 somnis
826 208 1006 230 cumsosr.

1038 209 1056 230 A
1063 210 1179 233 licuit-:P
1187 226 1193 232 .
1223 210 1477 234 CONSTANTINOP
1484 227 1490 233 .

261 269 295 297 rit
309 280 400 298 carere
422 280 452 297 ne
475 270 500 297 in
516 270 607 297 cadem
625 279 716 297 rursus
738 268 837 296 incidat
860 269 907 307 qui
923 269 998 307 prius
1017 272 1032 294 B
1052 276 1212 309 περιπεσεῖν,
1225 273 1238 300 ὁ
1253 272 1282 300 τὸ
1302 272 1428 311 πρότερον
1440 274 1485 300 οὐκ
1500 272 1573 305 εἰδὼς
1585 273 1624 301 ὅτι
1637 274 1738 312 ἥμαρτε
1751 285 1758 310 ;
1773 273 1818 307 Μὴ

260 316 371 343 nescivit
386 326 412 343 se
429 315 559 353 peccare?
582 315 621 343 Ne
636 314 718 353 igitur
743 324 868 352 negemus
890 321 998 353 peccata

260 367 348 388 nostra
361 382 368 395 ,
383 370 447 397 rugo
458 381 464 395 ,
477 370 562 397 neque
573 359 656 387 simus
668 359 850 398 impudentes,
862 370 894 387 ne
903 359 945 387 vel
960 359 999 387 in-

225 426 228 429 .
259 405 308 432 riti
324 405 417 433 demus
428 415 528 443 poenas.
546 404 655 433 Audit-it
668 405 734 433 Cain
751 415 766 432 a
785 405 842 433 Deo
857 416 862 431 :
882 406 940 433 Ubi
958 411 999 433 est

260 452 340 480 Abel
352 453 448 489 frater
469 455 555 481 tuus?
570 459 594 480 et
607 452 691 487 dicit,
715 453 820 481 IVescio
832 464 840 479 :
858 453 1001 492 numquid

259 508 309 536 ego
324 508 388 526 sum
400 505 496 527 custos
508 499 611 534 fratris
623 500 699 526 mei?
709 497 795 527 Vides
804 498 938 536 quomodo
949 499 1000 528 hoc

259 543 366 581 gravius
382 550 518 583 peceatum
532 543 641 572 fecerit?
654 544 706 572 Sed
719 554 770 572 non
788 543 827 572 sic
842 544 898 583 ejus
913 551 997 584 pater,

259 589 377 627 quicum
394 589 539 627 audiisset,
555 590 656 618 Adam
673 592 722 618 uhi
737 601 766 619 es
779 593 792 617 Ρ
807 590 911 629 inquit,
933 591 999 620 Au—

259 636 320 664 diri
334 646 434 664 vocem
449 643 544 672 luam,
561 643 588 664 et
603 638 687 664 timui
700 638 838 675 quoniam
861 647 925 665 sum
946 648 999 666 nu-

259 684 327 720 dus,
337 690 364 712 et
379 694 423 712 me
434 684 583 712 abscondi.
598 684 729 723 Magnum
741 691 780 712 est
802 684 903 713 bonum
915 695 996 723 agno-

258 741 329 759 scere
343 738 448 770 peccata
463 737 487 758 et
501 731 608 760 assidue
635 741 727 760 eorum
752 741 807 760 esse
829 742 974 761 memorem
991 744 997 759 :

257 777 325 805 nihil
337 777 374 805 ita
389 777 511 805 medetur
525 777 622 806 delicto
644 784 674 806 ut
695 777 802 806 assidua
818 777 969 807 recordatio
989 791 994 805 :

256 823 325 851 nihil
349 823 484 852 hominem
506 824 572 853 adeo
592 824 681 853 reddit
701 824 808 852 tardum
832 824 865 853 ad
885 825 994 853 vitium.

256 869 317 898 Scio
331 869 402 907 quod
416 869 516 898 resiliat
532 869 706 905 conscientia,
723 876 747 898 et
763 881 814 898 non
838 870 955 910 patiatur
969 881 997 899 se

254 916 384 955 flagellari
399 928 413 945 a
431 917 558 946 memoria
574 917 705 946 malorum
714 929 722 955 5
738 917 785 946 sed
800 918 905 946 sortiter
918 918 997 946 strin-

254 972 286 1000 ge
301 963 437 998 animam,
457 970 482 991 et
505 974 609 992 camum
632 964 656 992 ei
681 963 808 1002 impone:
830 963 899 992 sicut
923 964 995 992 enim

255 1019 338 1046 equus
352 1009 511 1045 effrenatus,
529 1009 564 1037 ita
590 1009 766 1038 intolerabilis
791 1016 829 1038 cst
842 1032 850 1047 ,
873 1020 919 1038 nec
937 1010 995 1038 vult

255 1054 307 1083 sibi
322 1055 480 1094 persuadere
492 1055 565 1093 quod
578 1055 736 1094 peccaverit.
752 1056 808 1084 Hoc
822 1062 906 1084 totum
917 1056 996 1095 plane

254 1107 293 1128 est
306 1101 463 1129 satanicum.
477 1100 529 1129 Sed
541 1111 588 1129 nos
600 1101 622 1129 ei
632 1100 842 1140 persuadeamus
853 1101 925 1139 quod
936 1112 995 1140 pec-

255 1146 376 1181 caverit,
394 1153 423 1175 ut
438 1154 463 1175 et
489 1154 550 1185 agat
565 1147 747 1186 poenitentiam
760 1170 767 1183 ‚
784 1154 809 1175 et
828 1157 889 1176 cum
906 1148 996 1186 poeni-

256 1193 365 1221 tentiam
386 1193 487 1231 egerit,
502 1193 631 1221 liberetur
651 1204 665 1221 a
681 1193 831 1232 suppliciis.
851 1193 994 1228 Quomodo

254 1239 296 1267 vis
307 1262 315 1275 ‚
328 1239 373 1268 dic
383 1250 472 1277 quaeso
482 1263 489 1275 ,
501 1239 534 1267 de
545 1239 659 1278 peccatis
674 1240 777 1278 assequi
789 1240 894 1268 veniam
906 1263 914 1277 7
928 1240 949 1268 si
965 1251 993 1268 ea

254 1284 375 1313 nondum
400 1285 436 1313 sis
458 1285 616 1313 confessus?
630 1285 683 1313 Iste
705 1286 783 1324 plane
803 1293 925 1324 peccator
954 1293 993 1314 est

255 1331 440 1360 misericordia
457 1331 556 1369 dignus
579 1339 604 1360 et
619 1332 757 1360 elementia
772 1343 777 1358 ε
795 1339 824 1360 tu
848 1343 929 1368 vero,
947 1333 992 1370 qui

255 1376 375 1405 nondum
387 1376 413 1404 id
427 1376 475 1404 tibi
490 1377 652 1415 persuaseris
665 1399 672 1412 ,
684 1377 816 1414 quomodo
835 1384 911 1416 putas
927 1388 993 1405 eon-

255 1422 329 1460 sequi
344 1422 555 1450 misericordiam
566 1445 572 1457 ‚
590 1423 617 1450 in
631 1423 747 1462 pcccatis
768 1422 834 1451 adeo
852 1422 993 1461 impuden-

255 1474 296 1496 ter
320 1475 346 1496 te
369 1468 485 1506 gerens?
506 1468 715 1496 persuadeamus
742 1468 899 1508 nobisipsis
922 1469 994 1506 quod

255 1514 422 1553 peccavimus
446 1526 451 1542 :
481 1525 532 1543 non
555 1515 646 1553 lingua
671 1515 758 1543 solum
783 1514 903 1543 dicamus
919 1537 926 1550 ,
946 1515 994 1543 sed

255 1560 334 1588 etiam
350 1566 437 1588 mente
450 1570 481 1588 ac
495 1560 654 1599 cogitatione
670 1570 676 1586 ι
695 1570 726 1588 ne
739 1570 786 1588 nos
800 1559 923 1588 dicamus
937 1567 993 1588 tan—

257 1612 314 1633 tum
325 1612 473 1644 peccatores
486 1628 492 1640 ‚
507 1605 551 1634 sed
567 1605 646 1634 etiam
661 1612 766 1645 peccata
791 1616 972 1634 recenseamus
983 1629 990 1640 ,

254 1652 391 1691 speciatim
415 1651 624 1690 unumquodque
648 1659 840 1680 enumerantes.
867 1653 926 1681 Non
942 1652 991 1681 tibi

1052 316 1137 344 τοίνυν
1153 316 1293 356 ἀρνώμεθα
1305 340 1312 353 ,
1328 319 1476 356 παρακαλῶ
1486 339 1493 352 ,
1513 318 1579 356 μηδὲ
1595 321 1820 358 ἀναισιυντῶμεν,

1052 362 1094 391 ἵνα
1113 362 1149 400 μὴ
1165 363 1209 391 καὶ
1230 363 1335 396 ἄκοντες
1357 364 1443 402 δῶμεν
1460 363 1602 403 τιμωρίαν.
1618 363 1735 393 Ἤκουσε
1755 365 1821 393 Κάϊν

1053 408 1126 447 παρὰ
1138 411 1182 436 τοῦ
1197 409 1266 437 Θεοῧ
1276 432 1283 444 ,
1299 410 1355 437 Ποῦ
1369 410 1440 438 ἐστιν
1457 409 1536 438 Ἄὸελ
1550 412 1564 438 ὁ
1579 410 1688 448 ἁδελφός
1702 421 1762 445 σου;
1777 409 1822 438 καί

1053 466 1142 493 φησιν,
1169 455 1228 483 Οὐκ
1251 451 1322 483 οἶδα·
1347 455 1384 493 μὴ
1407 456 1488 495 φύλαξ
1515 455 1565 494 ἐγώ
1580 457 1635 494 εἶμι
1649 459 1694 484 τοῦ
1710 456 1822 494 ἀδελφοῦ

1054 512 1116 538 μου;
1141 496 1215 534 Εἶδες
1236 503 1292 534 πῶς
1314 504 1390 531 τοῦτο
1411 502 1600 540 χαλεπωτέραν
1620 501 1668 536 τὴν
1689 501 1822 540 ἁμαρτίαν

1053 546 1207 586 εἷργοίσατο;
1229 547 1298 576 Ἀλλ’
1319 549 1368 587 οὐχ
1389 551 1403 577 ὁ
1418 549 1507 587 πατὴρ
1532 549 1611 577 αὐτοῦ
1632 548 1731 584 οὕτως,
1754 548 1822 577 ἀλλὰ

1052 593 1095 629 τί;
1112 592 1237 626 Ἀκούσας
1246 616 1252 628 ,
1264 593 1349 632 Ἀδὰμ
1359 597 1408 623 ποῧ
1423 591 1462 630 εἷ;
1477 594 1565 633 φησὶν,
1579 593 1702 623 Ἤκουσα
1713 596 1760 628 τῆς
1771 605 1823 633 φω-

1052 641 1097 673 νῆς
1108 651 1163 678 σου,
1178 640 1222 668 καὶ
1233 640 1374 679 ἐφοὸήθην,
1388 640 1428 669 ὅτι
1443 640 1538 679 γυμνός
1553 642 1609 678 εἶμι
1619 663 1626 675 ,
1640 640 1685 668 καὶ
1699 639 1822 679 ἐκρύὸην.

1052 684 1128 723 Μέγα
1140 686 1246 724 ἀγαθὸν,
1258 685 1441 724 ἐπιγινώσκειν
1453 686 1486 714 τὰ
1499 686 1680 724 ἁμαρτήματα
1692 709 1700 722 ,
1716 685 1760 714 καὶ
1775 698 1821 724 μι-

1053 730 1214 768 μνήσκεσθαι
1238 733 1323 760 αὗτῶν
1346 732 1487 767 διηνεκῶς·
1509 732 1580 760 οὐδὲν
1597 731 1665 760 οὕτω
1685 731 1821 770 θεραπεύει

1050 777 1248 814 πλημμέλειαν,
1260 780 1294 810 ὡς
1307 778 1400 816 μνήμη
1418 778 1551 813 διηνεκής-
1563 777 1634 807 οὐδὲν
1647 777 1728 810 οὕτως
1740 779 1820 813 ὀκνη-

1053 823 1094 861 ρὸν
1108 823 1242 862 ἄνθρωπον
1257 829 1326 853 ποιεῖ
1341 825 1404 864 πρὸς
1419 824 1526 853 κακίαν.
1539 820 1609 853 Οἶδα
1625 824 1664 852 ὅτι
1679 824 1821 862 ἀποπηδᾷ,

1051 870 1096 898 καὶ
1109 871 1155 898 οὐκ
1169 870 1293 909 ιἕινέχεται
1307 870 1336 898 τὸ
1347 870 1460 903 συνειδὸς
1473 871 1524 899 ὑπὸ
1539 871 1586 903 τῆς
1601 869 1708 908 μνήμης
1722 870 1821 907 μαστί-

1051 917 1139 948 ζεσῦαι
1153 918 1205 944 τῶν
1217 919 1320 945 κακῶν·
1336 918 1394 945 ἀλλ’
1408 916 1485 955 ἄγξον
1498 916 1547 951 τὴν
1561 915 1659 955 ψυχὴν,
1673 915 1718 943 καὶ
1734 915 1820 947 ἐπίθες

1051 964 1116 1001 αὐτῇ
1131 962 1231 1000 κημόν·
1245 963 1364 1002 καθάπερ
1378 962 1429 1001 γὰρ
1443 962 1522 995 ἵππος
1534 962 1666 998 δυσ-ἤνιος,
1680 961 1746 990 οὕτω
1761 961 1820 990 δυσ-

1051 1013 1206 1048 ανασχετεῖ,
1227 1009 1271 1038 καὶ
1286 1011 1314 1038 οὗ
1335 1009 1456 1047 βούλεται
1468 1014 1557 1038 πεῖσαι
1572 1007 1668 1043 ἑαυτὴν
1681 1007 1721 1036 ὅτι
1733 1007 1821 1047 ἥμαρ-

1049 1066 1086 1083 τε,
1100 1055 1187 1083 Τοῦτο
1209 1054 1235 1084 δὲ
1248 1055 1306 1084 ὅλον
1321 1055 1377 1084 ἐστὶ
1392 1054 1541 1084 σατανικόν.
1553 1054 1622 1082 Ἀλλ’
1639 1056 1717 1091 ἡμεῖς
1738 1053 1818 1088 αὐτὴν

1048 1100 1180 1138 πείθωμεν
1194 1100 1233 1129 ὅτι
1257 1100 1386 1140 ἥμαρτεν,
1408 1100 1450 1128 ἵνα
1470 1100 1516 1128 καὶ
1533 1099 1683 1137 μετανοήσῃ
1693 1121 1701 1134 ,
1714 1098 1759 1126 καὶ
1775 1098 1818 1127 ἵνα

1049 1147 1235 1182 μετανοήσασα
1260 1147 1402 1184 ἀπαλλαγῇ
1423 1148 1474 1174 τῶν
1491 1146 1637 1174 κολάσεων.
1657 1145 1721 1177 Πῶς
1738 1143 1819 1177 ἀξιοῖς

1048 1191 1206 1230 συγγνώμης
1218 1196 1317 1230 τυχεῖν,
1339 1192 1396 1220 εἰπέ
1417 1202 1460 1228 μοι
1472 1213 1479 1226 ,
1502 1191 1545 1219 ἐπὶ
1560 1195 1613 1223 τοῖς
1626 1190 1801 1229 ἁμαρτήμασι
1810 1212 1818 1225 ‚

1047 1238 1159 1275 μηδέπω
1183 1241 1266 1266 ταῦτα
1293 1238 1476 1276 ὁμολογήσας
1494 1237 1606 1270 Πάντως
1630 1235 1726 1268 ἐκεῖνός
1747 1238 1817 1265 ἐστιν

1050 1284 1135 1316 ἐλέους
1153 1284 1198 1312 καὶ
1218 1283 1412 1323 φιλανθρωπίας
1429 1283 1498 1315 ἄξιος
1514 1286 1527 1311 ὁ
1547 1282 1709 1321 ἡμαρτηκὼς
1720 1293 1726 1299 ·
1744 1281 1775 1311 σὺ
1791 1282 1818 1311 δὲ

1051 1329 1161 1367 μηδέπω
1175 1329 1267 1361 πείσας
1281 1329 1376 1356 σαυτὸν
1386 1327 1579 1366 ἡμαρτηκέναι,
1589 1330 1645 1360 πῶς
1657 1328 1736 1361 ἀξιοῖς
1746 1329 1819 1364 ἐλεη-

1050 1379 1142 1411 (livua,
1157 1375 1200 1404 ἐπὶ
1215 1380 1267 1407 τοῖς
1281 1375 1510 1412 πλημμελήμασιν
1525 1374 1605 1406 οὕτως
1621 1376 1818 1413 ἀναισχυντῶνς

1050 1421 1187 1458 Πείθωμεν
1202 1420 1307 1453 ἑαυτοὺς
1318 1420 1358 1449 ὅτι
1369 1420 1522 1458 ἡμάρτομεν
1533 1432 1539 1438 ·
1551 1420 1588 1459 μὴ
1603 1422 1635 1459 τῇ
1649 1420 1721 1459 γλώτ
1731 1433 1763 1459 τῃ
1775 1421 1820 1450 λε’-

1049 1479 1136 1505 γωμεν
1159 1467 1247 1504 μόνον,
1270 1466 1337 1495 ἀλλὰ
1352 1466 1397 1494 καὶ
1415 1468 1447 1504 τῇ
1462 1466 1564 1506 διανοίᾳ
1574 1478 1580 1484 ·
1594 1466 1630 1504 μὴ
1646 1466 1818 1505 ἁμαρτωλοὺς

1049 1514 1171 1550 καλῶμεν
1182 1512 1288 1545 ἑαυτοὺς
1299 1512 1386 1550 μόνον,
1395 1512 1462 1541 ἀλλὰ
1470 1512 1514 1541 καὶ
1524 1513 1557 1541 τὰ
1566 1513 1747 1551 ἁμαρτήματα
1756 1515 1818 1542 ἀνα-

1049 1558 1223 1598 λογιζώμεθα,
1234 1560 1292 1587 κατ’
1309 1554 1375 1591 εἶδος
1389 1558 1498 1587 ἕκαστον
1509 1558 1686 1596 ἀναλέγοντες.
1697 1560 1738 1587 Οὔ
1747 1558 1816 1598 λέγω

1049 1617 1103 1641 σοι,
1120 1605 1303 1642 {undum-mov
1315 1605 1424 1639 σαυτὸν,
1439 1604 1497 1632 οὐδὲ
1510 1604 1584 1642 παρὰ
1597 1608 1651 1636 τοῖς
1666 1604 1754 1637 ἄλλοις
1767 1616 1815 1633 κα-

1047 1651 1204 1691 τηγόρησον,
1226 1650 1293 1679 ἀλλὰ
1307 1650 1440 1679 πείθεσθαι
1455 1649 1623 1688 συμὸουλεύω
1638 1652 1676 1689 τῷ
1693 1650 1815 1690 προφήτῃ

676 1772 854 1801 MUTIANO
876 1772 1127 1801 SCHOLASTICO
1149 1771 1398 1800 INTERPRETE.

254 1871 277 1898 ri
288 1893 297 1904 ‚
312 1880 343 1898 ne
355 1870 380 1898 in
399 1868 468 1897 illud
483 1868 570 1897 denuo
584 1868 748 1898 decidatur?
764 1870 824 1898 Non
847 1869 930 1908 igitur
949 1879 1091 1908 negemus,
1106 1869 1230 1905 obsecro,
1252 1876 1357 1908 peccata
1369 1875 1469 1906 nostra,
1483 1879 1568 1907 neque
1584 1879 1631 1898 nos
1648 1869 1815 1909 impudentia

253 1918 334 1946 duros
344 1917 444 1946 efficiat
461 1928 468 1944 τ
482 1923 575 1956 sponte
589 1923 677 1945 nostra
689 1923 795 1956 peccata
811 1917 956 1956 puniamus
965 1940 974 1952 ,
990 1927 1023 1945 ne
1036 1916 1184 1956 pendamus
1196 1926 1249 1945 non
1260 1923 1353 1955 sponte
1367 1916 1508 1955 supplicia.
1517 1916 1631 1945 Audivit
1645 1917 1709 1945 Cain
1723 1927 1737 1945 a
1749 1918 1815 1954 Deo,

258 1966 314 1993 Ubi
323 1971 365 1993 est
379 1964 563 2003 Abelfrater
577 1971 641 1993 tuus
655 1967 667 1991 ?
679 1971 704 1992 et
718 1964 805 2001 dixit,
820 1965 925 1993 Nescio
939 1976 946 1991 :
964 1965 1179 2003 numquidnam
1190 1974 1240 2003 ego
1256 1970 1351 1992 custos
1361 1964 1537 2003 sumsratris
1550 1966 1628 1992 mei?
1643 1964 1728 1993 Vides
1745 1975 1815 2003 qno-

253 2012 332 2040 modo
346 2012 435 2040 exhoe
450 2018 587 2050 peccatum
600 2011 717 2050 amplius
732 2019 856 2051 operatus
876 2019 924 2041 est.
946 2013 1039 2041 Nonne
1060 2019 1085 2040 et
1103 2018 1179 2051 pater
1198 2012 1256 2050 ejus
1270 2011 1412 2039 similiter?
1428 2011 1547 2040 Audiens
1562 2011 1633 2040 enim
1645 2011 1725 2041 etiam
1738 2012 1794 2052 ipse
1805 2035 1812 2047 ‚

253 2058 357 2086 Adam
368 2059 416 2086 ubi
427 2068 457 2086 es
469 2061 480 2085 Ρ
492 2057 582 2092 dixit,
600 2058 715 2086 Audivi
727 2068 829 2086 ‘vocem
842 2065 937 2095 tuam,
947 2059 1089 2093 Domine,
1108 2064 1134 2086 et
1154 2059 1254 2093 timui,
1264 2059 1402 2097 quoniam
1422 2058 1516 2086 nudus
1534 2068 1598 2086 sum
1608 2080 1617 2095 ,
1631 2065 1659 2087 et
1676 2060 1816 2090 abscondi

253 2116 306 2135 me.
323 2107 454 2144 Magnum
469 2105 572 2133 bonum
584 2112 637 2141 est,
656 2112 684 2134 ut
700 2106 761 2144 quis
781 2113 887 2145 peccata
903 2116 951 2135 sua
974 2113 1119 2144 agnoscat,
1143 2112 1168 2134 et
1189 2105 1345 2134 memoriam
1369 2115 1461 2133 eorum
1480 2112 1678 2144 perseveranter
1691 2107 1813 2136 retineat.

253 2153 366 2182 Nullum
382 2152 518 2181 invenitur
532 2152 692 2181 delictorum
703 2153 754 2181 tale
768 2153 916 2182 remedium
927 2177 933 2189 ‚
945 2154 1014 2182 sicut
1028 2164 1119 2182 eorum
1135 2153 1288 2182 continuata
1307 2152 1436 2181 memoria
1451 2164 1458 2179 ε
1474 2152 1544 2181 nihil
1560 2153 1598 2181 sic
1612 2163 1718 2192 segnem
1727 2154 1816 2184 homi-

253 2211 313 2229 nem
322 2200 413 2229 reddit
423 2199 458 2228 ad
470 2200 617 2238 nequitiam
631 2201 848 2240 perpetrandam.
863 2201 926 2230 Seio
937 2201 1048 2240 quidem
1061 2201 1122 2240 quia
1133 2201 1218 2229 resilit
1231 2200 1389 2229 conscientia
1398 2222 1405 2236 ,
1419 2206 1445 2228 et
1459 2210 1511 2228 non
1522 2200 1625 2239 patitur
1638 2211 1671 2229 ex
1684 2201 1816 2230 malorum

254 2248 381 2276 memoria
393 2247 528 2276 verberari
538 2258 546 2283 ;
557 2247 602 2276 sed
617 2247 695 2276 doma
707 2248 824 2276 animam
837 2255 927 2283 tuam,
944 2256 969 2277 et
981 2260 1040 2277 eam
1055 2248 1208 2277 retinaculis
1221 2247 1371 2286 constringe
1385 2248 1531 2276 frenorum.
1550 2247 1627 2276 Sicut
1647 2248 1718 2276 enim
1732 2259 1816 2287 equus

254 2294 411 2329 indomitus,
420 2293 458 2322 sic
472 2300 497 2322 et
511 2293 557 2322 illa
569 2293 690 2330 resultat,
700 2301 725 2322 et
735 2305 786 2323 non
802 2295 859 2324 vult
875 2305 902 2323 se
915 2295 984 2324 seire
998 2305 1127 2334 peccasse.
1144 2295 1200 2323 Hoc
1209 2301 1300 2323 autem
1315 2301 1400 2322 totum
1415 2304 1482 2333 opus
1497 2300 1534 2322 est
1545 2301 1651 2323 satanae.
1665 2295 1720 2324 Sed
1733 2306 1781 2324 nos
1793 2296 1817 2324 ei

255 2340 462 2380 persuadeamus
472 2363 481 2375 ,
492 2340 554 2378 quia
569 2340 689 2379 peccavit
703 2352 709 2367 :
724 2341 948 2379 persuadeamus,
965 2342 1075 2380 inquam
1086 2365 1093 2375 ‚
1108 2342 1130 2370 ei
1150 2351 1272 2381 peccasse
1292 2341 1366 2370 illam
1380 2364 1387 2376 ‚
1404 2348 1433 2369 ut
1453 2341 1579 2380 poeniteat
1589 2364 1597 2377 ‚
1610 2348 1640 2370 ut
1653 2342 1783 2381 poenitens
1801 2354 1816 2372 a

257 2388 396 2428 suppliciis
408 2387 545 2416 liberetur.
557 2386 698 2422 Quomodo
713 2388 820 2416 veniam
834 2388 970 2418 desideras
979 2389 1094 2429 adipisci
1105 2389 1138 2418 de
1149 2389 1281 2428 peccatis,
1298 2389 1343 2427 qui
1356 2399 1441 2427 neque
1452 2389 1579 2428 dignatus
1592 2399 1620 2418 es
1633 2390 1753 2419 confiteri
1765 2391 1817 2427 ini,

256 2434 302 2470 qui
318 2444 364 2472 per
376 2433 587 2462 misericordiam
604 2434 649 2472 [f.
667 2433 786 2462 confiteri
799 2434 812 2462 ἶ)
823 2434 874 2463 Ille
887 2436 932 2473 qui
943 2436 1084 2475 profitetur
1095 2458 1103 2471 ‚
1121 2436 1202 2464 misn.
1215 2442 1317 2464 constat
1333 2447 1338 2462 :
1359 2437 1406 2473 tu]
1422 2442 1447 2464 et
1458 2435 1624 2464 clementiam
1637 2444 1814 2475 promeretur,

257 2489 334 2516 quem
348 2489 468 2518 peccasse
480 2486 581 2508 constat
594 2480 607 2508 Ρ
621 2481 665 2508 Tu
677 2491 740 2510 vero
755 2480 838 2518 quite
854 2491 999 2519 numquam
1018 2493 1139 2521 peccasse
1161 2482 1298 2521 cognoscis
1309 2505 1318 2516 ‚
1333 2481 1468 2520 quomodo
1489 2482 1700 2511 misericordiam
1719 2482 1814 2522 depre-

256 2525 323 2553 caris
333 2548 339 2560 ,
352 2526 393 2554 vel
409 2537 457 2564 pro
473 2526 572 2564 quibus
592 2538 651 2555 oras
665 2527 797 2566 peccatis?
811 2527 1020 2557 Persuadeamus
1036 2530 1119 2567 igitur
1135 2530 1212 2558 nobis
1226 2540 1348 2568 peccasse
1363 2540 1410 2558 nos
1422 2552 1429 2565 ‚
1445 2540 1493 2558 nec
1506 2529 1557 2557 hoc
1575 2529 1630 2557 sola
1645 2529 1738 2567 lingua
1753 2541 1813 2569 pro-

256 2571 372 2605 nuntiet,
385 2572 430 2600 scd
443 2573 522 2600 etiam
537 2573 630 2602 intima
646 2575 806 2603 conscientia
819 2586 824 2602 ε
838 2585 884 2603 nec
901 2582 1003 2604 tantum
1022 2585 1069 2604 nos
1092 2583 1242 2614 peccatores
1256 2586 1312 2604 esse
1325 2575 1460 2613 dicamus,
1477 2574 1521 2604 sed
1541 2575 1620 2603 etiam
1637 2575 1691 2614 ipsa
1707 2583 1813 2614 peccata
