1886 2846
435 222 467 244 ΙΝ
496 223 602 245 EPtS'r.
632 223 675 245 AD
702 223 869 246 HEBRAEOS.
897 223 975 245 CAP.
1004 223 1052 245 Vl·

65 280 197 318 γινομένη.
206 281 390 319 Ἐλεημοσύντ,
399 282 449 320 γὰρ
457 283 534 313 τοῦτό
545 286 628 319 ἐστιν,
639 285 668 313 οὐ
682 285 710 313 τὸ
723 284 781 317 τοὺς
790 296 839 313 κα-

65 327 329 364 τωρθωκότας,οἰλλὰ
343 329 372 356 τὸ
389 328 448 361 τοὺς
467 330 729 369 πεπλημμεληκότας
747 331 836 359 ἐλεεῖν.

66 371 118 400 Καὶ
130 371 172 400 ἵνα
190 373 291 412 μάθῃς,
304 374 383 403 ἄκουε
393 374 419 402 τί
431 386 508 413 φησιν
517 376 530 403 ὁ
541 376 654 413 xpm-„bg
669 375 711 404 διὰ
726 378 773 410 τῆς
786 388 835 404 πα-

69 417 182 455 ραὸολῆς
194 430 200 436 ·
222 419 339 458 Κατ-ᾔει,
358 421 439 460 φησὶ,
462 421 502 452 τὶς
529 421 581 449 ἀπὸ
595 421 785 460 Ἱεροσολύμων
803 424 838 455 εἷς

895 141 908 151 s

1082 223 1198 245 nomi..
1230 224 1264 245 x.
1568 225 1578 245 ι
1589 211 1632 246 55

894 294 944 312 non
959 284 1040 312 faciat
1056 283 1130 322 signa
1144 306 1150 316 ,
1177 294 1285 312 manum
1313 294 1366 313 non
1391 283 1526 323 porrigam
1541 296 1547 310 .’
1565 284 1634 312 elec—

892 340 1009 370 mosynae
1018 330 1167 370 plurimum
1178 329 1306 365 detraxit,
1317 329 1471 367 quinetiam
1483 330 1534 358 hoc
1545 330 1633 369 ipsum

891 386 998 415 quoque
1011 382 1130 415 tempore
1145 374 1303 414 procedente
1317 385 1409 403 rursus
1424 375 1535 405 auferet.
1553 375 1634 412 Atqui

893 421 938 450 illa
958 421 1037 450 etiam
1061 428 1099 450 est
1125 421 1290 460 eleemosyna
1306 431 1365 459 quse
1380 420 1409 448 sit
1424 420 1450 449 in
1466 427 1616 460 peccatores
1628 443 1635 455 ‚

66 462 185 503 Ἱεριχὼ,
197 464 242 493 καὶ
256 465 367 503 λῃσταῖς
380 466 532 505 περιέπεσε·
547 467 592 496 καὶ
602 468 780 502 τυπτήσαντες
793 469 837 497 αὖ·
849 495 883 512 ¹⁰9
893 479 952 506 quae
967 468 993 496 in
1005 478 1072 497 reos.
1082 467 1138 496 Hoc
1146 467 1217 495 enim
1228 474 1267 495 est
1282 467 1449 505 eleemosyna
1460 489 1468 503 ‚
1482 477 1533 494 non
1542 476 1635 494 eorum

68 509 122 543 τὸν,
143 509 234 538 εἴασαν
254 511 327 550 παρὰ
347 511 394 547 τὴν
422 513 479 541 ὁδὸν
502 515 640 550 ῦῆμιθανῆ
667 514 837 553 τυῃᾶνοντα.
857 523 874 543 Α
894 513 940 552 qui
953 514 1023 543 bona
1037 514 1157 542 fecerunt
1173 523 1268 552 opera,
1292 511 1337 541 sed
1362 522 1454 540 corum
1469 512 1516 550 qui
1541 521 1636 551 pecca·

71 555 148 584 Κατὰ
163 554 190 584 δὲ
202 558 343 595 συγκυρίαν
360 558 472 592 Λευίτης
485 570 524 592 τις
542 559 616 597 παρὰ
631 559 679 594 τὴν
691 560 749 589 ὁδὸν
760 556 823 594 ἦλθε
832 583 838 595 ,

71 600 116 628 καὶ
139 600 200 629 ἰδὼν
222 602 307 637 αὐτὸν,
322 604 513 643 ἀντιπαρῆλθεν
523 616 529 621 ·
551 604 646 642 ὁμοίως
663 604 690 634 δὲ
703 605 747 634 καὶ
757 605 841 644 ἱερεύς

72 658 111 678 τις
125 647 154 675 τὸ
169 647 232 676 αὐτὸ
246 649 358 684 ποιήσας
380 650 558 688 παρέδραμεν.
574 649 703 690 ’Ὕστερον
726 651 753 681 δὲ
777 648 841 687 ἧλῡέ

72 703 112 724 τις
124 692 307 732 Σαμαρείτης,
329 695 373 723 καὶ
388 695 488 730 πολλὴν
512 696 558 731 τὴν
577 697 734 734 κηδεμονίαν
747 699 840 733 ἐποιή-

73 748 138 765 σατο
155 739 195 766 ἐπ’
211 740 291 777 αὐτῷ.
304 740 435 775 'litii-4⁵5
447 741 498 779 γὰρ
513 741 546 770 τὰ
560 742 715 780 τραύματα,
729 743 842 772 {nicea-

74 783 114 815 ξεν
128 783 232 818 ἔλαιον,
256 785 411 814 ἀνεὲιέασεν
426 787 503 815 αὐτὸν
520 787 564 815 ἐπὶ
584 787 627 815 τὸν
653 789 719 823 ὄνον,
743 789 842 827 ἤγαγεν

74 828 150 857 αὐτὸν
167 831 202 861 εἷς
216 830 246 858 τὸ
265 831 418 869 πανδοχεῖον
429 855 436 867 ‚
459 828 515 861 εἷπε
539 834 577 871 τῷ
602 834 745 872 πανδοχεῖ,
762 836 841 874 θερά-

73 887 168 904 πευσον
186 876 273 905 αὐτόν.
292 878 343 906 Καὶ
367 878 415 917 ὅρα
429 879 476 914 τὴν
492 880 642 918 φιλοτιμίαν
664 881 711 916 τὴν
727 882 841 916 πολλήν·

74 921 118 950 καὶ
133 921 185 960 ἐγώ
197 933 237 950 σοι
254 922 345 955 δώσω,
371 924 462 963 φησὶν,
477 925 537 954 ὅσον
554 925 583 953 ἂν
598 927 747 965 ἀναλιῖισῃς.
773 923 841 956 Εἶτα

75 968 234 998 πυνθάνεται
247 981 252 986 ·
270 971 295 998 Τ
298 969 319 1002 ίς
333 966 376 998 οὖν
392 971 462 999 δοκεῖ
477 982 518 1000 σοι
530 970 659 1005 ι’πλησίον
673 973 752 1001 αὐτοῦ
762 984 840 1010 γεγο-

76 1014 146 1043 νέναι
157 1027 164 1050 ;
178 1014 212 1044 Ὁ
227 1014 253 1043 δὲ
266 1017 371 1053 νομικὸς
384 1016 520 1052 εἰπὼν,“0
531 1017 642 1051 ποιήσας
658 1017 688 1045 τὸ
700 1017 770 1049 ἔλεος
783 1020 840 1055 μετ’

78 1061 154 1089 αὐτοῦ
163 1082 170 1095 ,
186 1061 288 1096 ἀκούει,
299 1062 409 1100 πορεύου
420 1057 464 1090 οὖν
479 1062 523 1090 καὶ
535 1062 579 1098 σὺ,
594 1062 664 1090 ποίει
675 1062 779 1100 ὁμοίως.
791 1063 843 1091 Καὶ

76 1105 122 1134 Θέα
133 1106 210 1134 ποίαν
226 1102 282 1135 εἷπε
297 1106 463 1146 παραδολήν.
494 1108 551 1136 Οὐκ
578 1102 649 1136 εἶπεν
665 1107 706 1136 ὅτι
719 1107 844 1141 Ἰουδαῖος

75 1153 110 1184 εἷς
133 1152 301 1191 Σαμαρείτην
319 1152 454 1187 ἐποίησεν,
472 1153 530 1181 ἀλλ’
546 1153 587 1181 ὅτι
606 1154 775 1191 Σαμαρείτης
797 1154 843 1188 τὴν

74 1198 224 1236 φιλοτιμίαν
241 1198 340 1233 ἐκείνην
349 1198 456 1227 ἅπασαν
470 1198 623 1232 ἐνεδείξατο.
633 1199 768 1228 Ἐντεῦθεν
780 1211 845 1236 μαν-

75 1243 196 1282 θάνομεν,
213 1243 239 1277 ἐξ
250 1243 309 1278 ἴσης
324 1247 491 1284 προνοεῖσθαι
503 1247 555 1273 τῶν
570 1245 687 1280 πάντων,
702 1246 730 1274 οὐ
744 1247 796 1274 τῶν
809 1247 845 1274 οἷ-

75 1289 154 1318 κείων
176 1291 224 1323 ’ἑῆς
236 1289 349 1322 πίστεως
365 1290 441 1328 μόνον
453 1291 687 1329 ἐπιμελουμένους,
702 1293 753 1320 τῶν
766 1292 844 1320 ἁλλο-

76 1335 155 1374 τρίων
168 1335 196 1364 δὲ
216 1336 386 1373 ἀμελοῦντας.
405 1335 486 1365 Οὕτω
499 1336 584 1365 τοίνυν
601 1337 646 1365 καὶ
665 1336 713 1373 σὺ,
728 1337 772 1366 ἐὰν
788 1337 844 1376 ἴδῃς

76 1380 135 1409 τινὰ
155 1382 243 1413 κακῶς
264 1381 417 1419 πάσχοντα,
444 1382 526 1419 μηδὲν
549 1383 719 1423 περιεργάζου
736 1383 843 1412 λοιπόν

77 1426 134 1466 ἔχει
147 1427 176 1455 τὸ
191 1426 322 1465 δικαίωμα
343 1429 389 1461 τῆς
404 1427 524 1465 βοηθείας
544 1428 574 1456 τὸ
587 1431 674 1462 κακῶς
688 1432 780 1458 παθεῖν
795 1431 845 1458 αὖ-

78 1472 130 1501 τόν.
146 1474 179 1502 Εἰ
194 1473 245 1512 γὰρ
261 1474 318 1502 ὄνον
333 1473 377 1502 ἐὰν
393 1474 450 1512 ἴδῃς
463 1474 619 1513 ἆγΛόμενον,
637 1474 745 1513 ἐγείρεις
759 1476 846 1510 αὐτὸν,

78 1519 123 1548 καὶ
135 1521 163 1548 οὗ
171 1520 330 1559 περιεργάζῃ
343 1520 410 1552 τίνος
420 1519 488 1548 ἐστί·
502 1521 592 1559 πολλῷ
601 1522 700 1558 μᾶλλον
711 1521 845 1560 ἄνθρωπον

81 1566 110 1594 οὗ
124 1566 161 1594 δεῖ
174 1566 390 1604 περιεργάζεσθαι
404 1566 473 1598 τίνος
488 1566 558 1595 ἐστί’
570 1571 615 1596 τοῦ
632 1568 702 1596 Θεοῦ
713 1568 783 1603 ἔστι,
798 1568 846 1596 κᾶν

894 566 970 596 mut,
986 558 1114 588 misereri.
1136 558 1172 587 Et
1191 565 1220 586 ut
1232 558 1316 595 scias,
1331 557 1395 586 audi
1408 557 1509 586 Christi
1523 556 1636 596 parabo—

895 607 957 636 lam.
980 606 1139 635 Descendit
1151 629 1159 640 ,
1177 605 1278 644 inquit,
1294 606 1416 644 quidam
1430 606 1467 633 ab
1480 604 1635 640 Jerosoly-

896 653 950 679 mis
959 652 990 679 in
1004 651 1123 679 Iericho
1135 673 1142 685 ,
1156 656 1182 678 et
1194 650 1297 678 incidit
1314 651 1346 678 in
1365 649 1492 677 latrones
1507 659 1513 675 :
1527 654 1553 676 ct
1573 657 1634 676 cum

895 705 956 723 eum
976 694 1158 723 verberassent
1170 716 1177 725 .
1193 693 1358 731 reliquerunt
1379 692 1406 721 in
1427 692 1473 720 via
1493 691 1634 720 semimor-

896 748 972 769 tuum
987 739 1145 769 sauciatum.
1166 739 1247 768 Yenit
1263 745 1352 767 autem
1376 738 1444 766 sorte
1460 737 1570 776 quidam
1586 737 1639 765 Le-

896 787 951 815 vita
963 808 971 820 ,
982 792 1008 814 et
1028 796 1089 814 cum
1101 785 1191 814 visum
1202 784 1329 824 praeteriit
1341 796 1346 811 :
1363 783 1541 821 similiterque
1552 793 1637 811 sacer-

896 832 944 861 dos
957 832 1004 860 illo
1014 833 1073 860 viso
1088 830 1242 870 praeterivit.
1256 829 1338 860 Venit
1347 829 1457 858 demum
1467 829 1576 868 quidam
1590 829 1640 858 Sa—

897 877 1061 913 maritanus,
1078 884 1103 905 et
1118 877 1230 905 multam
1249 877 1308 916 ejus
1327 886 1419 904 curam
1431 875 1527 914 gessit:
1543 874 1639 913 alliga-

898 926 935 953 vit
951 925 1065 954 vulnera
1077 947 1084 960 ,
1099 924 1199 953 infudit
1212 924 1315 960 oleum,
1331 923 1459 963 imposuit
1474 923 1548 951 asino
1560 945 1568 958 ‚
1582 922 1639 950 du-

897 972 935 1000 xit
951 971 977 999 in
990 971 1169 999 diversorium
1180 993 1189 1007 ‚
1203 971 1327 1008 dixitque
1352 970 1476 1009 praefecto
1487 968 1639 1005 diversorii,

898 1027 990 1045 curam
1001 1017 1059 1055 ejus
1071 1026 1140 1054 gere.
1154 1016 1190 1044 Et
1202 1016 1264 1044 vide
1279 1026 1404 1053 magnam
1429 1015 1616 1044 liberalitatem
1633 1026 1638 1041 :

898 1064 938 1091 Et
950 1072 1016 1101 egb,
1031 1062 1133 1100 inquit,
1149 1062 1226 1090 :labo
1237 1063 1290 1090 tibi
1302 1063 1446 1101 quidquid
1456 1062 1639 1100 impenderis.

899 1108 1003 1138 Deinde
1025 1109 1185 1146 interrogat,
1205 1108 1275 1145 Quis
1293 1114 1334 1136 est
1349 1118 1416 1146 ergo
1429 1130 1436 1143 ‚
1455 1107 1559 1146 inquit,
1579 1109 1640 1146 ejus

898 1156 1070 1194 proximus?
1090 1153 1266 1193 Respondeas
1283 1153 1454 1192 legisperitus
1466 1176 1474 1188 ,
1500 1155 1556 1192 Qui
1567 1155 1641 1192 fecit

900 1201 1144 1234 misericordiam,
1160 1198 1236 1227 audit
1249 1211 1255 1226 :
1276 1200 1356 1227 Vade
1370 1209 1436 1238 ergo
1447 1222 1456 1233 ,
1473 1206 1499 1227 et
1523 1206 1552 1227 tu
1562 1221 1569 1234 ,
1590 1200 1641 1237 fac

899 1248 1044 1277 similiter.
1058 1246 1095 1274 Et
1109 1245 1171 1275 vide
1190 1245 1296 1284 qualem
1309 1245 1382 1274 dixit
1396 1245 1562 1284 parabolam.
1581 1246 1639 1273 Non

899 1293 970 1322 dixit
982 1315 990 1331 ,
1007 1291 1079 1331 quod
1095 1290 1205 1321 Judaeus
1218 1290 1309 1319 fecerit
1323 1290 1350 1318 in
1359 1289 1561 1319 samaritanum
1572 1312 1579 1325 ‚
1593 1289 1641 1318 scd

900 1339 974 1378 quod
988 1337 1173 1368 Samaritanus
1186 1347 1292 1365 omnem
1304 1336 1378 1364 illam
1389 1334 1534 1364 ostenderit
1547 1335 1643 1363 libera-

898 1385 1011 1414 litatem.
1036 1383 1106 1412 Hinc
1128 1382 1259 1411 discimus
1269 1405 1276 1418 ‚
1290 1393 1380 1422 parem
1403 1381 1525 1410 omnium
1549 1391 1642 1409 curam

899 1441 955 1460 esse
966 1429 1116 1458 habendam
1128 1451 1137 1463 ‚
1155 1439 1203 1457 nec
1220 1427 1428 1457 domesticorum
1452 1426 1516 1455 fidei
1534 1426 1620 1455 solum
1632 1449 1640 1460 ,

899 1476 1027 1515 neglectis
1040 1474 1110 1503 aliis.
1125 1474 1171 1503 Sic
1184 1484 1246 1513 ergo
1259 1481 1287 1502 tu
1300 1484 1422 1512 quoque,
1439 1473 1462 1501 si
1476 1472 1578 1501 videris
1591 1472 1642 1500 ali—

899 1533 979 1562 quem
1002 1521 1071 1550 male
1091 1521 1254 1560 patientem,
1269 1519 1338 1548 nihil
1359 1519 1477 1558 amplius
1496 1518 1640 1547 scruteris:

900 1569 982 1598 habet
997 1568 1042 1596 ille
1062 1568 1108 1607 jus
1125 1566 1240 1603 auxilii,
1254 1566 1327 1605 quod
1341 1566 1411 1595 male
1423 1565 1550 1605 patiatur.
1571 1564 1642 1592 Nam

79 1611 182 1647 Ἕλλην
197 1608 230 1650 ᾗ,
248 1612 296 1640 κᾶν
312 1613 448 1645 Ἰουδαῖος.
464 1614 496 1642 Εἰ
509 1613 559 1652 γὰρ
576 1613 620 1641 καὶ
632 1613 756 1649 ἄπιστος,
780 1614 847 1643 ἀλλὰ
864 1615 882 1638 C
901 1617 923 1645 si
942 1615 1047 1645 asinum
1058 1637 1067 1651 ,
1090 1624 1170 1652 quem
1187 1613 1287 1642 videris
1306 1613 1451 1649 suffocari,
1472 1611 1571 1650 erigis,
1595 1621 1642 1639 ¹¹⁶⁰

81 1658 201 1695 βοηθείας
211 1659 302 1686 δεῖται.
314 1659 348 1687 Εἰ
364 1657 411 1695 μὲν
421 1658 472 1698 γὰρ
484 1658 609 1693 ἐξετάζειν
621 1659 666 1688 καὶ
677 1658 773 1698 κρίνειν
789 1662 847 1690 ἐπε-

113 1765 123 1775 a
142 1755 216 1781 colb.
238 1758 277 1789 [A.
304 1759 329 1782 Β.
349 1764 372 1782 et
389 1758 525 1792 Commet]
549 1764 647 1791 ἡμιθανῆ
668 1764 833 1790 κατεάξαι-οντες.

83 1799 170 1826 &19:23⁴
182 1809 212 1826 1⁷1,-
226 1802 329 1828 Λευίτης,
344 1802 379 1823 καὶ
403 1799 451 1824 ἰξῷ-ι
466 1801 531 1824 αὑτὸν
549 1804 664 1833 παρῆλθεν
676 1806 681 1811 ·
702 1803 754 1828 ἦλθε
767 1802 791 1825 ῖέ
803 1811 835 1829 τις

900 1662 978 1701 cujus
992 1660 1026 1690 sit
1037 1660 1164 1689 scrutaris
1173 1683 1181 1697 ‚
1197 1659 1283 1688 multo
1294 1659 1380 1698 magis
1395 1669 1445 1687 non
1456 1664 1559 1697 oportet
1570 1667 1642 1685 scru—

886 1767 1040 1793 Σαμαρείτης,
1055 1759 1205 1792 quibusdam
1218 1758 1323 1783 omissis.

917 1802 928 1818 ¹¹
946 1801 980 1832 [ἐκ
992 1807 1035 1826 τῶν
1048 1808 1115 1834 τριῶν
1128 1803 1212 1824 τούτων
1228 1798 1268 1822 hic
1281 1797 1353 1822 addit
1367 1796 1457 1828 Savih]

498 1898 672 1927 MUTIANO
693 1898 945 1927 SCHOLASTICO
968 1897 1210 1927 INTERPRETE
1217 1919 1223 1925 .

84 1987 170 2015 gnus,
185 1976 207 2005 si
221 1977 372 2015 estjustus;
390 1976 441 2004 nisi
456 1976 544 2004 fecerit
555 1975 630 2014 signa
640 1998 647 2012 ,
662 1986 714 2005 non
729 1977 838 2015 porrigo
851 1987 969 2005 manum.
985 1975 1136 2005 Maximam
1151 1982 1252 2015 partem
1274 1974 1448 2013 eleemosynae
1470 1973 1621 2012 amputavit
1636 1995 1643 2009 ,

83 2030 108 2052 et
119 2023 169 2052 hoc
181 2023 270 2063 ipsum
286 2030 403 2063 tempore
416 2022 576 2062 procedente
590 2024 687 2051 iterum
703 2030 891 2061 amputaturus
912 2030 968 2059 est,
994 2033 1056 2052 cum
1070 2022 1238 2061 eleemosyna
1252 2021 1298 2049 illa
1313 2028 1351 2049 est
1375 2031 1433 2058 quae
1449 2019 1475 2048 in
1493 2026 1644 2058 peccatores

86 2070 115 2099 fit
126 2092 134 2106 ‚
149 2081 209 2109 quae
226 2070 252 2099 in
259 2070 398 2099 obnoxios.
413 2070 590 2110 Eleemosyna
606 2071 678 2099 enim
689 2070 745 2099 haec
755 2078 793 2099 est
803 2094 810 2106 ‚
823 2081 875 2100 non
891 2072 918 2100 in
931 2081 975 2100 eos
985 2070 1032 2109 qui
1041 2070 1098 2109 jam
1109 2069 1220 2108 perfecti
1231 2074 1304 2102 sunt,
1319 2067 1366 2096 sed
1379 2067 1469 2095 adhuc
1478 2066 1643 2105 delinquen-

83 2124 122 2146 tes
131 2118 262 2147 misereri.
276 2117 311 2146 Et
326 2124 355 2146 ut
375 2117 462 2146 discas
472 2140 480 2155 ‚
494 2117 604 2147 adverte
618 2118 774 2157 parabolam
789 2130 794 2145 :
817 2119 976 2147 Descendit
991 2119 1056 2157 quis
1067 2140 1075 2152 ‚
1105 2116 1209 2154 inquit,
1230 2115 1265 2144 de
1282 2114 1500 2151 Hierosolymis
1517 2115 1549 2141 in
1570 2115 1644 2142 Ηίε-

83 2166 181 2200 rt'clw,
195 2171 223 2193 et
235 2166 357 2194 incurrit
373 2165 558 2201 inlectantes,
571 2172 598 2194 et
612 2166 755 2194 credentes
772 2177 836 2194 eum
851 2166 1032 2205 reliquerunt
1043 2165 1124 2203 juxta
1138 2163 1212 2192 viam
1225 2164 1407 2192 semivivum.
1423 2161 1507 2190 Venit
1532 2160 1642 2199 quidam

85 2210 180 2238 Levita
193 2231 201 2246 ‚
217 2215 243 2238 ct
257 2209 352 2238 videns
363 2220 424 2239 eum
444 2211 626 2250 pertransivit.
643 2211 725 2240 Venit
746 2210 858 2249 quidam
873 2210 1015 2245 sacerdos,
1033 2217 1058 2238 et
1071 2209 1167 2238 videns
1181 2220 1242 2238 eum
1254 2231 1261 2245 ,
1277 2207 1419 2248 percurrit.
1435 2207 1517 2236 Venit
1533 2206 1645 2244 quidam

83 2255 283 2293 Samaritanus,
295 2263 319 2284 ct
332 2256 445 2285 multam
456 2257 513 2295 ejus
523 2267 614 2286 curam
628 2253 691 2285 fecit
702 2279 710 2291 ‚
729 2256 824 2295 ligavit
835 2256 947 2285 vulnera
962 2256 1035 2295 ejus,
1051 2255 1152 2283 infudit
1172 2255 1260 2283 oleum
1275 2276 1284 2291 ‚
1308 2252 1436 2292 imposuit
1453 2251 1479 2280 in
1491 2252 1645 2290 jumentum

81 2313 160 2331 suum
173 2325 180 2339 ,
195 2301 322 2342 perduxit
335 2313 399 2332 eum
413 2303 449 2332 ad
463 2303 644 2333 diversorium
658 2314 738 2332 suum
748 2326 755 2338 ,
769 2303 894 2341 dixitque
908 2302 1056 2332 stabulario
1067 2325 1076 2339 ,
1094 2301 1200 2330 Adhibe
1217 2301 1257 2330 illi
1280 2310 1381 2329 curam.
1393 2299 1429 2328 Et
1444 2299 1546 2327 intuere
1557 2298 1645 2327 abun-

80 2350 200 2379 dantiam
212 2350 320 2378 honoris
335 2350 480 2389 plurimam
493 2362 499 2378 :
515 2352 554 2380 Et
563 2362 615 2390 ego
626 2353 678 2380 tibi
685 2352 773 2385 dabo,
783 2351 880 2388 inquit,
891 2351 1032 2390 quicquid
1042 2351 1214 2389 erogaveris.
1224 2349 1295 2387 Quis
1305 2357 1372 2387 ergo
1383 2353 1426 2375 est
1434 2347 1585 2385 proximus
1594 2346 1644 2374 hu-

76 2398 252 2437 jus?inquit.
268 2399 400 2437 Qttifecit
413 2399 651 2428 misericordiam.
662 2399 792 2427 Procede
801 2409 877 2438 ergo,
889 2398 988 2437 inquit,
1000 2404 1027 2427 et
1040 2399 1132 2438 tusae
1140 2397 1284 2426 similiter.
1293 2394 1329 2424 Et
1340 2395 1444 2423 intuere
1455 2393 1561 2432 qualem
1573 2392 1646 2422 dixit

83 2444 247 2485 parabolam.
258 2445 316 2473 Non
327 2444 399 2474 dixit
413 2446 474 2484 quia
486 2445 599 2476 Judaeus
613 2446 641 2474 in
655 2446 817 2475 Samaritam
832 2445 893 2475 fecit
905 2469 914 2483 ‚
930 2444 976 2474 sed
992 2445 1056 2484 quia
1075 2444 1208 2473 Samarita
1222 2440 1455 2471 honorificentiam
1470 2440 1546 2469 illam
1561 2447 1645 2468 totam

82 2491 207 2520 ostendit.
222 2491 286 2520 Hoec
298 2491 382 2531 igitur
401 2491 555 2527 audientes,
573 2503 625 2521 non
641 2493 729 2522 solum
751 2492 814 2521 fidei
829 2492 1038 2522 domesticorum
1051 2501 1143 2520 curam
1158 2499 1280 2527 geramus
1290 2510 1298 2525 ‚
1314 2494 1422 2516 caeteros
1439 2496 1504 2516 vero
1522 2486 1645 2525 negliga-

83 2549 153 2568 mus.
169 2539 199 2568 Si
214 2538 313 2578 igitur,
330 2539 417 2577 inquit
428 2562 434 2575 ,
447 2547 473 2568 et
487 2546 517 2568 tu
526 2539 618 2570 videas
629 2550 793 2579 quemquam
803 2540 872 2569 male
887 2540 960 2579 pati,
975 2539 1043 2568 nihil
1056 2539 1114 2578 jam
1124 2537 1249 2566 scruteris
1263 2548 1268 2563 :
1283 2535 1417 2574 habetjus
1430 2533 1558 2574 adjutorii
1572 2534 1645 2572 qnod

86 2585 154 2614 male
170 2585 280 2625 patitur.
294 2585 323 2614 Si
341 2585 411 2614 onim
428 2586 520 2615 videas
540 2586 644 2615 asinum
659 2587 815 2626 praefocari,
843 2586 996 2625 consurgis,
1018 2593 1042 2614 ct
1065 2595 1116 2613 non
1144 2583 1270 2613 scrutaris
1294 2582 1370 2622 cujus
1384 2582 1418 2610 sit
1433 2594 1438 2608 ε
1458 2580 1545 2610 multo
1560 2581 1646 2618 magis

1459 2630 1470 2655 1
1481 2629 1490 2655 1
1501 2651 1505 2656 .
