1906 2846
433 189 462 211 tx
493 188 599 211 EPtST.
631 188 675 210 AD
704 188 872 211 nEBttEos.

97 263 172 287 οντα,
188 251 244 280 εἰπὲ
257 250 321 290 πρὸς
336 250 412 279 αὐτόν
423 263 428 268 ·
441 251 555 290 πονηρὸν
577 255 690 291 πρᾶγμα
708 251 721 280 ὃ
741 250 858 291 μετέρχῃ
869 272 876 286 ,

97 300 143 328 οὔκ
161 298 289 338 αἰσχύνῃ,
302 299 349 327 οὐκ
362 298 499 337 ἐρυθριᾷς,
512 300 593 327 κακὸν
606 300 682 328 τοῦτό
697 301 778 328 ἐστιν.
796 299 877 331 Αὐτὸς

97 344 148 384 γὰρ
162 345 208 374 οὐκ
220 341 288 379 οἶδε,
302 345 391 384 φησὶν,
403 344 442 373 ὅτι
457 344 556 379 κακόν;
574 345 627 374 Ναὶ
638 368 645 381 ,
657 341 736 381 οἶδεν,
750 347 809 374 ἀλλ’
825 345 877 374 ὑπὸ

97 393 144 426 τ’ἧς
167 391 307 429 ἐπιθυμίας
322 390 437 420 ἕλκεται.
454 391 506 420 Καὶ
528 393 551 420 οἱ
566 394 701 425 νοσοῦντες
721 393 819 428 ἴσασιν,
835 392 875 421 ὅτι

902 187 980 210 CAP.
1007 187 1067 210 xit.

1097 187 1214 210 uomit„
1613 176 1681 220 403

935 249 979 278 tia.
994 249 1023 278 Si
1044 249 1144 279 videris
1168 250 1284 279 amicum
1310 257 1486 287 scortantem,
1501 248 1546 278 die
1568 249 1590 277 ei
1610 260 1615 276 :
1633 249 1684 277 Res

932 303 971 325 cst
986 296 1056 324 mala
1072 308 1152 335 quam
1169 297 1290 326 admittis
1304 309 1311 334 3
1327 308 1379 326 non
1394 304 1419 326 te
1434 296 1529 337 pudet,
1545 306 1600 325 non
1618 307 1682 324 eru-

934 343 1043 372 bescis?
1061 351 1099 372 est
1125 344 1196 373 enim
1224 344 1337 373 malum.
1352 345 1403 373 Ille
1428 344 1533 379 nescit,
1553 343 1658 382 inquies
1674 365 1682 379 ,

933 390 1006 428 quod
1022 390 1056 419 sit
1076 390 1176 419 malum
1191 391 1293 419 ?Certe
1303 391 1362 427 scit,
1378 391 1422 420 sed
1445 390 1562 420 trabitur
1577 401 1592 418 a
1609 389 1686 429 cupi-

1245 189 1328 211 XXX.

97 439 113 471 ἡ
138 437 306 476 ψυχροποσία
329 437 421 473 κακὸν,
438 438 496 465 ἀλλ’
508 436 580 475 ὅμως
599 438 701 467 δέονται
720 441 771 467 τῶν
787 439 920 482 κωλυ-,253
932 436 1026 466 ditate.
1039 437 1144 476 AEgroti
1167 448 1274 476 quoque
1293 438 1381 467 sciunt
1402 449 1479 476 aquce
1500 437 1607 476 frigidae
1631 448 1684 477 po-

98 483 197 512 σόντων
207 495 213 500 ·
228 486 242 512 ὁ
253 483 305 523 γὰρ
323 484 349 512 ἐν
362 485 400 523 τῷ
416 483 492 512 πάθει
506 483 552 520 ὢν,
565 485 593 512 οὐ
606 485 708 524 ταχέως
725 487 809 524 ἑαυτῷ
824 488 875 525 ἀρ-

98 529 175 559 κέσαι
186 529 325 565 δυνήσεται
340 530 366 558 ἐν
379 532 412 568 τῇ
423 529 503 569 νόσῳ.
517 532 563 558 Δεῖ
575 530 660 559 τοίνυν
674 543 719 560 σου
732 533 777 559 τοῦ
790 532 875 571 ὑγιαί-

97 587 186 609 νοντος
204 576 269 617 πρὸς
283 576 331 612 τὴν
351 577 449 605 ἐκείνου
462 577 592 615 ἰατρείαν·
606 577 654 605 κᾶν
667 578 704 615 μὴ
726 579 822 616 πεισθῇ
838 580 875 617 τῷ

99 623 213 662 ῥήματι,
237 623 427 663 παρατήρησον
451 623 565 652 ἀπιόντα
588 624 633 652 καὶ
657 625 791 664 κάτασχε,
815 625 876 658 ἴσως

98 669 303 708 ἔντραπῆσεται.
325 670 378 698 Καὶ
400 669 441 705 τί,
460 670 550 709 φησὶν,
571 671 675 710 ὄφελος,
690 671 752 700 ὅταν
777 672 810 700 δι’
829 671 876 710 ἐμὲ

98 719 174 745 τοῦτο
194 719 274 755 ποιῇ,
289 716 333 745 καὶ
355 716 398 745 διὰ
413 716 443 746 τὸ
467 720 685 757 κατασχεσθῆναι
709 720 772 758 παρ’
798 720 876 757 ἐμοῦ,

98 762 145 798 Μὴ
161 763 336 802 ἀκριίολογοῧ
347 775 352 780 ·
374 763 439 796 τέως
459 764 605 802 οἷῳδῆποτε
618 765 708 804 τρόπῳ
724 766 875 801 ἀπόστησον

98 809 175 839 αὐτὸν
187 811 233 845 τῆς
248 815 364 850 πονηρᾶς
377 809 496 849 πράξεως
509 823 514 828 ’
529 811 658 846 ἐθισθήτω
672 812 707 850 μὴ
721 812 826 841 ἀπιέναι
842 813 876 845 εἷς

99 857 185 884 ἐκεῖνο
200 856 230 885 τὸ
252 857 395 896 βάραθρον·
417 856 469 886 εἴτε
485 857 527 886 διὰ
550 857 595 893 σὲ,
612 859 663 888 εἴτε
681 860 713 888 δι’
736 860 876 895 ὁτιδήποτε

99 903 224 939 κωλυθῇ,
237 903 328 942 κέρδος
349 902 423 932 ἔσται
437 905 466 932 ἐκ
488 904 589 933 τούτου.
612 905 698 934 ”Οταν
722 906 773 946 γὰρ
788 906 878 945 ἐθίσῃς

100 948 177 977 αὐτὸν
194 949 230 987 μὴ
248 949 436 986 ἀπιέναι,τότε
452 950 551 989 δυνήσῄ
567 952 660 992 μικρὸν
676 952 876 981 ἀναπνεύσαντα

100 994 201 1031 lugdu,
221 994 324 1029 διδάξαι
336 1018 343 1030 ,
370 995 409 1024 ὅτι
430 996 484 1036 χρὴ
505 996 547 1026 διὰ
573 998 617 1026 τὸν
641 998 710 1027 Θεὸν
737 1001 815 1027 τοῦτο
839 999 875 1036 μὴ

100 1046 195 1078 ποιεῖν,
212 1042 257 1070 καὶ
274 1043 302 1071 οὐ
315 1043 347 1071 δι’
360 1042 506 1082 ἄνθρωπον.
528 1044 575 1079 Μὴ
598 1044 710 1083 Θελῆσῃς
725 1046 766 1084 ὑφ’
782 1045 808 1073 ἓν
830 1057 878 1073 κα-

101 1089 275 1127 τορθῶσαιτὸ
287 1094 356 1125 πᾶν,
376 1089 434 1118 ἐπεὶ
456 1091 485 1118 οὐ
507 1089 625 1128 δυνήσῃ,
641 1091 700 1119 ἀλλ’
722 1091 811 1130 ἠρέμα
833 1092 878 1120 καὶ

101 1133 171 1162 κατὰ
184 1134 288 1174 μικρόν.
301 1135 347 1164 Ἂν
360 1137 396 1168 εἷς
407 1135 487 1165 πότον
499 1136 555 1175 ἴδῃς
568 1137 694 1173 ἀπιόντα,
706 1138 752 1166 καὶ
766 1139 801 1171 εἷς
813 1151 878 1176 συμ-

102 1179 183 1208 πόσια
198 1181 280 1218 μέθης
292 1182 492 1221 πεπληρωμένα
501 1203 509 1218 ,
523 1185 600 1212 κάκεῖ
614 1183 643 1212 τὸ
656 1184 719 1212 αὐτὸ
733 1184 820 1221 ποίει,
834 1185 879 1214 καὶ

104 1225 181 1254 αὐτὸν
196 1226 275 1255 πάλιν
290 1228 486 1266 παρακάλεσον,
501 1228 525 1258 εἴ
538 1241 563 1258 τι
576 1235 674 1269 συνορᾷ
688 1230 831 1270 ἐλάττωμα
851 1244 879 1261 σε

104 1270 215 1310 ἔχοντα,
231 1274 333 1310 βοηθεῖν
345 1274 390 1302 καὶ
406 1276 533 1314 διορθοῦν.
549 1275 628 1305 Οὕτω
638 1276 689 1316 γὰρ
705 1277 749 1306 καὶ
763 1278 806 1307 ἐπὶ
819 1280 879 1307 ἑαυ-

103 1320 148 1346 τοῦ
162 1318 206 1346 τὸν
218 1318 326 1358 ἔλεγχον
341 1319 422 1356 οἴσει,
433 1321 494 1349 ὅταν
507 1322 549 1360 ἴδῃ
564 1322 609 1350 καὶ
625 1323 653 1352 σὲ
667 1323 789 1362 δεόμενον
802 1325 879 1364 ἐλέγ-

104 1377 170 1403 χων,
180 1365 224 1393 καὶ
237 1365 273 1403 μὴ
286 1368 321 1398 ὡς
330 1366 363 1395 τὰ
373 1367 459 1396 πάντα
471 1369 677 1407 κατωρθωκότα,
689 1370 755 1408 μηδὲ
764 1373 798 1403 ὣς
808 1372 878 1401 διδά-

105 1412 212 1447 σκαλον,
233 1413 292 1440 ἀλλ’
305 1414 340 1445 ὡς
358 1412 431 1451 ’φίλον
453 1413 497 1442 καὶ
515 1414 623 1454 ἀδελφὸν
643 1417 795 1454 βοηθοῦντα.
810 1418 879 1448 Εἰπὲ

104 1457 169 1497 πρὸς
180 1458 267 1494 αὐτὸν,
277 1458 329 1497 ἐγώ
343 1470 371 1488 σε
385 1459 488 1496 ὤνησαι,
502 1461 657 1498 ὑπομνήσας
670 1464 720 1491 τῶν
733 1464 880 1503 συμφερόν-

104 1516 156 1532 των
168 1516 173 1521 ·
186 1505 231 1533 καὶ
243 1504 274 1533 σὺ
282 1505 346 1544 ὅπερ
356 1506 385 1534 ἂν
396 1506 501 1545 συνίδῃς
511 1507 654 1546 ἐλάττωμα
663 1508 758 1548 ἔχοντά
768 1522 810 1548 με,
818 1512 879 1539 ἀνα-

104 1550 235 1589 saluom«,
250 1551 390 1590 διόρθωσον
402 1564 407 1570 ·
422 1552 451 1581 ἂν
468 1553 572 1592 ὀργίλον
587 1553 655 1593 ἴδῃς,
669 1554 699 1582 ἂν
710 1556 881 1593 πλεονέκτην,

104 1598 321 1638 κάτασχε,δῆσον
337 1602 369 1638 τῇ
386 1600 550 1640 παραινέσει.
563 1601 650 1630 Τοῦτό
667 1603 722 1631 ἐστι
741 1602 828 1641 φιλία’
839 1603 881 1632 οὔ·

105 1656 156 1677 τως
164 1646 272 1684 ἀδελφὸς
282 1646 333 1674 ὑπὸ
342 1647 454 1686 ἀδελφοῦ
466 1647 655 1685 βοηθούμενος,
669 1650 703 1681 ὡς
713 1650 788 1682 πόλις
797 1651 844 1688 ὀχυ
850 1650 881 1689 ρὰ

894 492 913 514 Α
932 491 990 513 tum
1015 495 1071 514 esse
1091 485 1203 520 malum,
1220 485 1267 514 sed
1294 492 1382 514 tamen
1402 491 1479 523 egent
1505 485 1538 513 iis
1563 484 1609 522 qui
1632 484 1685 516 sint

931 531 1095 570 prohibituri
1115 543 1121 559 ε
1136 542 1196 560 nam
1209 533 1255 570 qui
1271 539 1376 560 tenetur
1391 531 1544 568 affectione,
1562 541 1614 559 non
1631 537 1684 559 sta-

931 578 980 606 tim
996 578 1047 606 sibi
1068 578 1095 606 in
1113 577 1207 606 morbo
1229 578 1326 617 poterit
1349 577 1482 606 sufficere.
1499 577 1540 605 Te
1554 586 1618 615 ergo
1639 587 1682 604 sa-

932 634 965 652 no
985 635 1053 663 opus
1074 623 1109 652 ad
1131 624 1205 652 illius
1224 624 1390 653 curationem
1410 637 1415 652 ε
1433 630 1458 652 ct
1479 623 1501 652 si
1524 623 1609 652 verbo
1632 633 1684 650 non

930 671 1010 700 fuerit
1034 682 1190 710 persuasus,
1207 671 1320 700 observa
1342 678 1449 700 euntem
1467 678 1492 699 et
1517 670 1684 705 retine,for-

932 724 999 746 tasse
1023 717 1125 757 pudore
1146 717 1289 746 afficietur.
1307 717 1341 746 Et
1361 717 1446 756 quid,
1462 717 1570 755 inquit,
1586 717 1664 756 juvat
1676 739 1684 752 ,

931 764 952 792 si
976 771 1086 804 propter
1109 775 1151 792 me
1178 763 1229 792 boc
1249 764 1340 799 faciat,
1358 771 1383 792 et
1406 763 1479 803 quod
1500 775 1514 792 a
1538 774 1581 792 me
1603 763 1685 791 fuerit

930 811 1125 840 retentusPNe
1149 817 1274 839 accurate
1299 811 1425 839 scruteris
1451 823 1456 838 :
1480 810 1589 839 interim
1611 820 1684 848 quo-

932 868 1046 896 cumque
1063 856 1143 885 modo
1159 867 1219 885 eum
1235 857 1324 886 abduc
1336 868 1350 885 a
1368 857 1438 886 mala
1452 857 1556 886 actione
1570 869 1578 894 ;
1590 867 1683 885 assue-

931 913 987 935 scat
1008 916 1060 934 non
1086 905 1124 934 ire
1144 904 1178 933 ad
1201 905 1270 934 illud
1294 906 1454 934 barathrum
1470 917 1478 943 ;
1495 905 1553 934 sive
1575 915 1622 945 per
1644 912 1684 940 tc,

931 952 988 981 sive
1011 951 1064 980 alio
1089 950 1169 979 modo
1194 951 1370 988 cohibeatur,
1395 952 1501 980 lucrum
1528 951 1590 980 hinc
1621 951 1682 980 erit.

895 1008 912 1030 Β
933 1000 1002 1028 Cum
1016 999 1086 1028 enim
1101 998 1272 1027 assuefeceris
1281 1009 1342 1028 eum
1355 999 1401 1027 ilto
1416 1010 1468 1028 non
1491 999 1544 1035 ire,
1561 1006 1625 1027 tunc
1637 1009 1684 1038 po-

935 1046 997 1074 teris
1016 1045 1127 1084 paulum
1156 1046 1330 1085 ''espirantem
1345 1056 1482 1074 assumens
1499 1045 1595 1074 docere
1612 1045 1683 1084 quod

934 1099 1043 1132 propter
1059 1093 1147 1121 Deum
1162 1099 1266 1132 oportet
1286 1092 1336 1120 hoc.
1352 1093 1449 1127 facere,
1464 1099 1488 1120 et
1508 1103 1559 1121 non
1576 1099 1686 1132 propter

934 1138 1081 1167 hominem.
1096 1139 1137 1168 Ne
1157 1138 1225 1168 velis
1247 1138 1405 1166 universum
1421 1138 1501 1166 simul
1525 1139 1659 1177 corrigere
1675 1151 1684 1176 ;

935 1196 987 1215 non
1004 1186 1075 1215 enim
1090 1186 1190 1226 poteris
1204 1198 1211 1224 3
1226 1186 1273 1215 sed
1289 1186 1387 1214 sensim
1402 1193 1425 1214 et
1441 1186 1583 1225 paulatim.
1596 1187 1626 1215 Si
1642 1187 1686 1215 vi-

933 1232 1005 1262 deris
1023 1244 1087 1262 eum
1104 1240 1211 1262 euntem
1232 1232 1267 1262 ad
1282 1233 1508 1272 compotationem
1523 1240 1547 1261 et
1569 1233 1603 1261 ad
1619 1244 1685 1262 con-

933 1279 1006 1308 vivia
1022 1279 1101 1319 plena
1121 1279 1264 1315 ebrietate,
1280 1279 1338 1308 illic
1353 1290 1460 1318 quoque
1479 1280 1521 1308 sac
1537 1279 1657 1319 idipsum
1675 1292 1682 1316 ;

933 1333 957 1355 et
972 1337 1066 1355 rursus
1080 1337 1142 1355 eum
1158 1337 1222 1366 roga
1234 1349 1242 1363 ,
1261 1333 1290 1355 ut
1307 1326 1328 1355 si
1353 1325 1454 1355 viderit
1483 1327 1510 1355 in
1526 1333 1551 1355 te
1565 1326 1682 1365 aliquem

933 1373 1069 1402 defectum
1089 1384 1120 1402 ac
1139 1374 1250 1409 vitium,
1264 1373 1315 1402 tibi
1335 1384 1415 1414 opem
1430 1374 1497 1402 serat
1512 1381 1536 1403 et
1557 1381 1581 1403 te
1597 1375 1685 1403 corri-

933 1426 987 1459 gat.
1004 1419 1049 1448 Sic
1064 1420 1134 1448 enim
1151 1427 1176 1448 et
1194 1420 1221 1448 in
1236 1431 1264 1448 se
1280 1420 1346 1449 feret
1359 1419 1607 1460 reprehensionem,
1623 1431 1685 1449 cum

933 1467 1033 1496 viderit
1052 1474 1078 1496 te
1091 1478 1196 1506 quoque
1211 1478 1278 1507 opus
1295 1467 1395 1496 habere
1416 1474 1445 1495 ut
1467 1467 1684 1507 reprehendaris,

898 1513 915 1536 C
934 1520 958 1542 et
973 1524 1025 1542 non
1040 1520 1179 1552 tamquam
1198 1514 1288 1543 omnia
1303 1513 1480 1553 corrigentem
1492 1537 1500 1550 ,
1516 1525 1602 1552 neque
1618 1521 1685 1543 tam-

933 1570 1015 1598 quam
1038 1559 1193 1596 doctorem,
1210 1560 1256 1589 sed
1278 1567 1418 1599 tamquam
1443 1560 1560 1589 amicum
1583 1567 1607 1589 et
1632 1561 1685 1589 sra-

935 1612 1001 1634 trem
1016 1616 1094 1646 opem
1114 1607 1194 1635 ferre.
1217 1607 1268 1635 Dic
1283 1607 1307 1636 ei
1324 1619 1329 1634 :
1346 1607 1406 1646 Ego
1421 1607 1470 1635 tibi
1485 1607 1575 1647 profui
1592 1607 1685 1636 admo-

936 1661 1000 1680 nens
1021 1662 1114 1680 eorum
1128 1663 1188 1690 quae
1207 1660 1269 1681 sunt
1291 1653 1391 1690 utilia;
1410 1660 1435 1682 et
1453 1660 1480 1682 tu
1505 1653 1578 1692 quod
1600 1653 1626 1682 in
1643 1664 1686 1682 me

527 1753 705 1783 MUTIANO
728 1755 988 1785 SCHOLASTICO
1012 1757 1046 1785 IN
1053 1757 1075 1784 T
1083 1757 1268 1786 ERPRETE.

103 1844 290 1879 fornicantem,
303 1845 348 1874 dic
362 1845 397 1874 ad
418 1856 478 1874 eum
495 1857 501 1873 :
518 1847 661 1885 Negotium
684 1848 862 1887 malignitatis
878 1849 946 1887 agis,
963 1859 1015 1878 non
1031 1849 1176 1886 erubescis,
1192 1859 1244 1878 non
1266 1850 1463 1879 confunderis?
1479 1852 1582 1880 malum
1604 1863 1685 1881 nam-

104 1903 155 1931 que
167 1899 215 1922 est.
232 1893 308 1928 Quid
325 1901 427 1931 autem,
440 1894 555 1932 inquis?
569 1895 626 1934 ipse
641 1896 744 1925 malum
757 1907 814 1925 esse
825 1897 896 1926 illud
910 1908 978 1936 opus
993 1908 1045 1926 non
1060 1897 1175 1936 ignorat.
1193 1898 1233 1926 Ita
1256 1904 1304 1933 est,
1320 1897 1366 1926 sed
1381 1898 1530 1938 cupiditate
1545 1900 1685 1939 pertrahi-

104 1946 161 1968 tur.
178 1940 247 1969 Nam
271 1947 296 1969 et
317 1941 365 1979 qui
380 1941 407 1970 in
428 1942 588 1981 :egritudine
603 1942 750 1979 detinetur,
768 1944 817 1973 scit
832 1954 896 1973 vere
912 1944 975 1982 quia
995 1944 1093 1983 frigida
1115 1955 1182 1983 aqua
1200 1944 1302 1973 malum
1324 1951 1374 1982 est,
1390 1945 1414 1974 si
1430 1952 1537 1984 potetur
1551 1958 1560 1984 ς
1577 1957 1686 1976 verum-

104 1993 193 2016 tamen
212 1999 280 2028 opus
302 1989 391 2025 habet,
405 1990 452 2028 qui
475 2001 536 2019 eum
556 1991 709 2030 prohibeat.
726 1993 796 2021 Nam
815 2003 877 2021 cum
892 1992 1005 2031 quisque
1019 1992 1045 2020 in
1067 1992 1191 2032 passione
1210 1992 1356 2028 detinetur,
1375 2003 1427 2021 non
1449 1993 1526 2022 facile
1540 1994 1593 2023 sibi
1613 1995 1686 2024 solus

104 2035 162 2074 ipse
177 2035 302 2066 sufficiet.
320 2036 433 2076 Oportet
450 2037 535 2077 igitur
555 2044 588 2074 te,
606 2038 653 2076 qui
673 2038 765 2067 salvus
784 2049 822 2076 es,
839 2039 875 2068 ad
897 2039 1009 2068 alterius
1032 2039 1196 2068 medicinam
1213 2039 1303 2068 dicere
1323 2039 1398 2078 quod
1419 2040 1499 2068 saluti
1521 2041 1662 2070 conveniat
1678 2065 1686 2079 ,

103 2094 133 2112 ac
152 2083 174 2111 si
192 2083 281 2112 verbis
303 2083 355 2112 tuis
374 2094 427 2113 non
447 2084 573 2122 obediat,
587 2086 695 2114 interim
716 2086 830 2123 custodi,
849 2086 952 2115 intuere
971 2097 1025 2125 quo
1044 2086 1142 2126 pergit,
1155 2093 1180 2116 et
1198 2087 1304 2115 contine
1319 2097 1333 2115 a
1356 2087 1475 2126 maligno
1487 2088 1613 2127 negotio,
1630 2089 1685 2118 sor-

101 2130 179 2159 tassis
196 2130 267 2159 enim
279 2131 455 2160 reverebitur.
471 2131 506 2160 Et
523 2132 600 2170 quid,
616 2133 716 2172 inquis,
731 2133 860 2174 proderit,
877 2133 984 2172 quando
997 2140 1109 2174 propter
1123 2145 1166 2163 me
1180 2134 1267 2174 magis
1282 2134 1353 2163 illud
1368 2135 1476 2171 efficiet,
1494 2136 1589 2174 etquia
1606 2137 1685 2166 illum

102 2178 177 2207 volui
198 2178 462 2208 retine1·e?1nterim
481 2179 536 2208 noli
561 2180 737 2220 scrupulosus
761 2191 818 2209 esse
849 2181 876 2209 in
900 2181 990 2210 verbis
1006 2193 1012 2209 :
1028 2192 1201 2220 quocumque
1221 2182 1291 2210 facto
1313 2182 1399 2210 retine
1421 2182 1500 2211 illum
1521 2183 1556 2211 ab
1578 2184 1686 2214 actibus

101 2226 195 2264 malis,
213 2233 237 2255 et
258 2236 353 2255 revoca
368 2238 374 2255 :
392 2233 525 2255 assuescat
540 2237 593 2256 non
608 2227 648 2256 ire
661 2227 698 2257 ad
712 2227 792 2257 illum
807 2234 951 2265 tartarum,
967 2229 1026 2258 sive
1038 2235 1151 2269 propter
1166 2236 1210 2266 te,
1226 2228 1283 2257 sive
1298 2235 1409 2268 propter
1427 2229 1503 2258 aliud
1518 2229 1632 2269 aliquid.
1649 2232 1685 2261 Et

99 2285 162 2303 eum
181 2284 331 2303 assuescere
347 2273 441 2303 feceris
462 2284 524 2303 eum
545 2274 611 2303 illuc
632 2285 684 2304 non
700 2286 822 2315 pergere,
838 2283 903 2304 tunc
916 2276 1017 2316 poteriS
1038 2276 1182 2316 faululum
1199 2276 1376 2316 respirantem
1396 2276 1492 2306 docere
1510 2278 1622 2307 meliora
1637 2291 1643 2307 :
1659 2287 1686 2309 et

98 2322 160 2361 quia
180 2328 284 2362 oportet
305 2328 414 2361 propter
433 2322 522 2350 Deum
544 2321 595 2350 hoc
613 2322 771 2360 observare,
787 2329 813 2352 et
834 2333 887 2352 non
909 2331 1020 2363 propter
1038 2323 1186 2354 hominem.
1202 2324 1262 2352 Non
1287 2323 1354 2353 velis
1375 2324 1402 2352 iu
1425 2334 1455 2352 eo
1478 2325 1568 2354 subito
1587 2334 1684 2356 cuncta

99 2370 243 2410 corrigere,
255 2370 355 2408 alioqui
370 2370 460 2399 minus
475 2369 503 2398 id
522 2371 624 2410 poteris
635 2393 644 2408 ,
659 2371 704 2400 sed
720 2371 854 2411 paulatim
870 2382 941 2411 gere,
956 2382 989 2401 ne
1007 2372 1146 2412 repentina
1168 2372 1332 2401 correctione
1346 2379 1543 2411 praegravetur.
1559 2374 1589 2403 Si
1603 2375 1684 2405 vide-

99 2418 137 2447 ris
157 2417 275 2456 aliquem
291 2417 326 2446 ad
348 2417 475 2446 convivia
494 2417 724 2447 commessationis
743 2425 770 2447 et
792 2418 931 2448 ebrietatis
950 2419 1030 2459 plena
1051 2426 1231 2459 pei-egentem,
1244 2419 1325 2447 etiam
1346 2426 1410 2448 tunc
1432 2419 1558 2450 similiter
1580 2433 1641 2462 age,
1657 2431 1683 2453 ct

102 2469 190 2507 ipsum
218 2466 316 2495 iterum
347 2465 502 2501 cohortare,
524 2473 568 2503 ut,
590 2466 612 2495 si
637 2466 710 2505 quod
732 2467 760 2496 in
780 2474 807 2497 te
828 2468 927 2497 vitium
947 2468 1067 2504 viderit,
1096 2468 1207 2507 adjuvet
1229 2475 1255 2496 et
1282 2467 1400 2507 corrigat
1420 2475 1445 2497 et
1467 2468 1618 2501 admoneat.
1637 2472 1683 2501 Sic

101 2515 173 2544 enim
198 2522 224 2544 et
248 2515 276 2543 in
307 2515 393 2554 seipso
421 2515 614 2544 correctionem
648 2522 723 2545 tuam
757 2517 954 2557 patientissime
982 2517 1109 2547 tolerabit
1124 2540 1131 2554 ,
1159 2527 1221 2546 cum
1250 2516 1350 2545 viderit
1382 2524 1407 2546 te
1442 2528 1510 2558 opus
1540 2519 1682 2550 habentem

103 2563 286 2598 correctione,
314 2569 339 2591 et
367 2572 418 2590 non
449 2562 532 2591 veluti
567 2563 714 2602 perfectum
737 2564 764 2592 in
788 2564 914 2594 omnibus
928 2588 937 2600 ‚
956 2575 1041 2603 neque
1060 2564 1143 2593 veluti
1168 2563 1317 2599 doctorem,
1338 2564 1384 2593 scd
1407 2565 1493 2594 veluti
1517 2566 1635 2597 amicum
1656 2577 1683 2598 ct

104 2610 212 2639 fratrem
227 2609 360 2639 auxilium
381 2609 558 2638 conferentem
576 2622 581 2637 :
597 2616 621 2639 et
636 2609 678 2639 dic
694 2609 727 2640 ad
742 2622 802 2640 eum
818 2623 822 2639 :
839 2612 898 2651 Ego
917 2619 940 2641 te
955 2611 1059 2651 adjuvi,
1075 2612 1101 2640 in
1118 2618 1234 2641 mentem
1252 2611 1300 2640 tibi
1322 2613 1451 2642 reducens
1472 2624 1530 2652 quae
1547 2615 1595 2644 tibi
1619 2627 1680 2657 pro-
