1906 2846
603 184 648 206 AD
675 184 843 207 HEBuffios.

407 184 439 207 tx
467 184 573 207 EPIST-

75 257 122 278 σας
134 244 180 278 τὰς
192 244 268 284 εὐχὰς
277 267 284 280 ,
299 244 358 274 τότε
369 245 414 274 καὶ
427 246 504 278 αὐτὸς
517 247 603 278 αὐτοῖς
615 245 754 285 ἐπεύχεται
773 246 839 274 ποίν-

73 303 105 320 τα
119 291 153 320 τὰ
169 291 265 330 ἀγαθοί.
279 290 313 320 Ὁ
331 290 357 320 δὲ
371 292 439 324 Θεὸς
457 294 504 327 τῆς
522 292 640 331 εἷρήνης,
655 292 730 331 φησί.
754 293 840 321 Τοῧτο

72 332 130 365 εἷπε
145 336 187 365 διὰ
200 337 229 366 τὸ
240 337 389 369 στασιάζειν
402 337 503 370 αὐτούς.
520 339 552 367 Εἰ
568 338 651 366 τοίνυν
662 340 675 366 ὃ
684 338 751 370 Θεὸς
763 338 839 377 εἶρῆ-

70 394 116 418 νης
138 382 205 415 Θεός
229 384 303 418 ἔστι,
323 382 360 421 μὴ
386 384 586 417 ὃιαστασιοίζετε
610 383 674 424 πρὸς
696 386 777 421 ἡμᾶς.
804 383 838 411 ‘O

70 428 207 466 ἀναγαγὼν
232 430 261 457 ἐκ
281 430 328 463 τῆς
349 430 397 467 γῆς
419 429 462 458 τὸν
479 430 591 468 ποιμένα
614 432 664 458 τῶν
687 430 837 469 προὸάτων.

70 473 138 513 Περὶ
156 476 204 509 τῆς
231 474 400 507 ἀναστάσεως
426 479 501 504 τοῦτο
525 476 638 515 εἴρηται.
660 476 713 505 Τὸν
745 476 836 514 μέγαν.

68 519 149 555 Ἄλλη
164 520 312 559 προσθήκη.
337 520 468 550 Ἐνταῦθα
487 521 567 550 πάλιν
590 522 670 561 μέχρι
690 522 779 555 τέλους
793 522 837 551 τὸν

68 565 129 603 περὶ
152 566 200 600 τ’ἥς
221 566 389 599 ἀναστάσεως
416 567 502 599 αὐτοῖς
529 567 604 605 λόγον
627 568 835 597 διαὸεὸαιοῦται.

67 611 113 640 Ἐν
126 611 219 649 αἵματι
234 612 360 648 διαθήκης
375 613 479 641 αἰωνίου
491 635 498 648 ,
512 613 554 642 τὸν
572 613 667 653 Κύριον
689 615 765 652 ἡμῶν
782 615 836 649 Ἰη-

65 659 124 685 σοῧν
139 657 264 696 Χριστὸν,
279 658 437 698 καταρτίσαι
453 661 522 697 ὑμᾶς
541 661 567 688 ἐν
583 660 662 688 παντὶ
681 660 750 699 ἔργω
766 662 835 699 ἀγα-

69 704 118 741 θῷ·
141 704 177 736 εἷς
189 703 219 733 τὸ
232 705 343 739 ποιῆσαι
357 705 386 733 τὸ
400 704 503 742 θέλημα
517 706 610 739 αὐτοῦ,
631 707 713 734 ποιῶν
733 707 760 734 ἐν
775 708 835 743 ὑμῖν

68 747 98 777 τὸ
111 749 250 787 εὐάρεστον
271 749 380 779 ἐνώπιον
398 752 487 780 αὑτοῦ.
505 751 592 780 Πάλιν
608 757 735 790 μαρτυρεῖ
750 753 836 785 αὐτοῖς

68 794 186 833 μεγάλω
198 795 227 824 τὸ
243 795 295 834 γὰρ
313 797 531 835 καταρτιζόμενόν
552 799 607 826 ἐστι
621 798 650 826 τὸ
663 797 748 837 ἀρχὴν
763 798 834 837 ἔχον,

68 835 124 868 εἶτα
135 841 325 880 πληρούμενον.
345 842 398 871 Καὶ
417 842 557 881 ἐπεύχεται
572 844 675 876 αὐτοῖς·
699 843 764 882 ὅπερ
779 844 835 872 ἐστὶ

66 887 214 919 ποθοῦντος.
230 887 283 916 Καὶ
294 888 355 926 ὅρα·
368 890 393 917 ἐν
410 888 456 926 μὲν
472 893 528 921 ταῖς
541 889 632 922 ἄλλαις
647 890 796 922 ἐπιστολαῖς
808 891 834 917 ἐν

66 936 119 964 τοῖς
143 933 290 971 προοιμίοις
318 933 440 972 εὔχεται,
460 934 572 962 ἐνταῦθα
594 935 621 962 δὲ
647 936 674 963 ἐν
698 937 736 973 τῷ
755 935 832 963 τέλει.

65 978 165 1014 Ποιῶν,
179 979 268 1017 φησὶν,
289 980 315 1007 ἐν
336 981 397 1017 ὑμῖν
413 979 443 1007 τὸ
462 979 599 1018 εὐάρεστον
623 979 733 1009 ἐνώπιον
754 983 833 1010 αὑτοῦ

65 1023 108 1052 διὰ
122 1023 210 1059 Ἰησοῦ
221 1025 351 1063 Χριστοῦ·
364 1020 386 1063 ᾧ
404 1027 420 1059 ἡ
441 1025 502 1058 δόξα
523 1027 558 1058 εἷς
583 1025 642 1058 τοὺς
663 1028 758 1058 αἰῶνας
779 1029 830 1055 τῶν

63 1069 173 1098 αἰώνων.
194 1070 285 1108 Ἀμήν.
301 1072 457 1109 Παρακαλῶ
479 1070 505 1100 δὲ
521 1073 607 1108 ὑμᾶς,
626 1072 747 1110 ἀδελφοὶ,
773 1073 830 1102 ἀνέ-
841 1100 852 1117 3

1086 184 1204 207 nonu..
1233 183 1339 207 XXXIV
1346 198 1353 205 .

873 184 952 206 CAP.
981 184 1056 207 xm.
1565 173 1635 217 [447

894 244 963 273 nihil
974 252 1013 274 est
1025 245 1155 281 conscius,
1169 244 1288 274 studium
1306 253 1404 283 ponere
1422 249 1450 271 ut
1464 242 1498 272 ad
1515 253 1558 273 eos
1575 254 1637 283 per-

894 291 992 326 veniat,
1004 297 1029 319 et
1043 301 1137 329 rogare
1147 291 1218 330 ipsos
1229 298 1258 319 ut
1274 301 1322 330 pro
1338 300 1365 319 se
1376 296 1460 318 orent.
1474 289 1514 318 Ea
1528 289 1562 318 de
1574 300 1638 318 cau-

894 347 920 365 sa
939 347 1000 365 cum
1014 336 1090 376 prius
1104 337 1138 365 ab
1156 337 1221 376 ipsis
1236 336 1355 376 petiisset
1368 335 1510 373 orationes,
1521 342 1584 364 tunc
1598 336 1636 365 eis

892 393 998 421 quoque
1015 389 1140 422 precatur
1157 383 1246 411 omnia
1263 382 1345 411 bona.
1362 383 1410 411 90.
1424 383 1505 410 Deus
1524 388 1634 419 autem,

891 429 990 467 inquit,
1004 431 1095 468 pacis.
1112 429 1168 458 Hoc
1181 429 1247 457 dicit
1259 439 1289 458 eo
1303 428 1376 466 quod
1392 428 1461 457 inter
1473 438 1516 457 eos
1527 427 1634 457 dissen-

892 474 976 504 siones
989 475 1132 504 orirentur.
1145 475 1174 504 Si
1188 486 1262 514 crgo,
1275 474 1373 512 inquit,
1385 475 1457 502 Deus
1473 474 1547 513 pacis
1561 475 1635 503 Deus

891 527 938 557 est,
951 532 983 550 ne
998 521 1031 550 sit
1047 521 1123 550 vobis
1139 521 1279 550 nobiscum
1291 520 1445 550 dissidium.
1466 521 1524 558 Qui
1533 521 1634 550 eduxit

891 567 927 595 de
941 573 1019 596 terra
1030 569 1184 596 Pastorem
1195 569 1300 596 ovium.
1312 567 1368 595 Hoc
1381 565 1484 594 dictum
1498 573 1537 594 cst
1547 566 1581 595 de
1590 577 1633 595 re-

891 613 1061 642 surrectione.
1074 614 1226 652 lilagnum.
1243 613 1328 642 Aliud
1342 612 1566 641 additamentum.
1582 612 1634 641 Hie

855 669 874 691 D
891 671 983 689 rursus
998 671 1082 699 usque
1096 660 1131 689 ad
1146 661 1228 690 finem
1245 661 1282 689 eis
1303 660 1445 689 confirmat
1458 660 1633 688 resurreetio-

892 717 962 735 nem.
973 709 1011 735 In
1018 709 1163 746 sanguine
1175 709 1341 736 testamenti
1349 708 1459 741 (eterni,
1472 706 1633 734 Dominum

892 759 1022 782 nostrum
1041 754 1142 782 Jesum
1164 754 1322 788 Christum,
1345 754 1377 781 91
1389 774 1394 780 .
1417 758 1495 791 aptet
1523 762 1575 780 vos
1601 754 1634 780 in

892 801 971 827 omni
983 800 1057 827 bono
1067 810 1159 838 opere,
1175 806 1206 828 ut
1217 800 1339 838 faciatis
1350 800 1412 838 ejus
1425 799 1610 827 voluntatem
1623 810 1631 825 .·

886 844 1003 883 faciens
1022 846 1053 872 in
1069 846 1153 873 vobis
1168 845 1246 883 quod
1257 845 1373 883 placeat
1389 854 1486 873 coram
1502 854 1542 872 se.
1557 845 1633 873 Rur-

889 900 934 918 sus
943 890 980 919 cis
993 900 1089 929 magna
1102 901 1150 919 suo
1162 891 1257 919 tribuit
1267 890 1419 919 testimonio
1431 902 1437 918 :
1452 889 1548 918 Persici
1560 890 1631 918 euim

887 934 989 963 dicitur
999 935 1027 964 id
1040 935 1112 973 quod
1121 935 1204 964 habet
1219 935 1338 972 initium,
1350 942 1375 964 et
1386 935 1482 964 deiude
1494 935 1630 975 impletur.

888 980 923 1009 Et
937 981 974 1009 cis
994 988 1120 1019 precatur
1133 993 1138 1008 ε
1151 981 1222 1019 quod
1243 988 1280 1010 est
1295 981 1478 1010 desiderantis
1494 982 1530 1010 Et
1546 981 1608 1011 vide
1621 995 1627 1010 ε

887 1026 914 1054 in
926 1026 985 1054 aliis
1000 1026 1111 1063 quidem
1123 1026 1242 1064 epistolis
1252 1034 1378 1065 precatur
1391 1027 1418 1055 in
1433 1027 1519 1064 initio,
1528 1027 1572 1056 hic
1581 1038 1630 1056 au-

854 1099 877 1117 15
886 1077 938 1099 tem
954 1071 981 1099 in
996 1071 1057 1099 fine.
1070 1073 1209 1105 Faciens,
1228 1072 1323 1110 inquit,
1337 1074 1368 1100 in
1382 1075 1466 1101 vohis
1479 1074 1630 1112 quodpia-

62 1118 140 1154 χεσθε
151 1118 197 1144 τοῦ
213 1116 290 1155 λόγου
302 1119 348 1151 τ’ῆς
362 1116 569 1155 παρακλήσεως-
585 1117 630 1145 καὶ
644 1117 694 1157 γὰρ
710 1118 752 1147 διὰ
766 1120 831 1158 βρα-
851 1128 869 1150 Α
886 1123 950 1146 ceat
974 1127 1074 1145 coram
1093 1127 1123 1145 se
1142 1127 1195 1155 per
1214 1118 1315 1145 Jesum
1341 1119 1488 1147 Christum
1502 1131 1509 1146 .·
1522 1121 1569 1148 cui
1589 1126 1631 1148 est

62 1162 131 1201 χέων
145 1162 285 1191 ἐπέστειλα
298 1164 370 1200 ὑμῖν.
388 1162 470 1202 Ὁρᾷς
490 1163 531 1192 ὅτι
546 1163 559 1192 ὃ
572 1163 665 1202 μηδενὶ
679 1164 830 1201 ἐπέστειλε,

64 1211 139 1237 τοῦτο
149 1207 249 1240 τούτοις
261 1208 423 1244 ἐπιστέλλει;
437 1208 489 1237 Καὶ
504 1209 557 1248 γὰρ
568 1208 620 1238 Διὰ
636 1210 766 1249 βραχέων,
777 1223 831 1250 φη-

65 1253 115 1289 σὶν,
129 1254 281 1283 ἐπέστειλα·
293 1255 438 1290 τουτέστιν,
456 1254 514 1284 οὐδὲ
529 1256 629 1294 ἐνοχλῶ
643 1257 712 1294 ὑμᾶς
730 1259 763 1296 τῇ
779 1269 830 1295 μα-

65 1299 198 1340 κρολογία.
218 1295 304 1338 Οἶμαι
320 1300 412 1333 αὐτοὺς
428 1301 456 1330 οὔ
472 1300 540 1329 πάνυ
557 1301 621 1340 πρὸς
636 1302 679 1331 τὸν
700 1303 830 1340 Τιμόθεον

63 1345 133 1385 ἔχειν
151 1347 287 1385 ἀπεχθῶς,
299 1346 355 1374 ὅθεν
375 1346 420 1374 καὶ
441 1346 517 1375 αὐτὸν
532 1347 723 1386 προεστήσατο.
746 1350 769 1378 Γ
772 1349 830 1378 ινώ-

61 1403 136 1420 σκετε
152 1391 202 1431 γὰρ
213 1414 221 1427 ‚
236 1391 314 1430 φησὶ,
329 1391 372 1420 τὸν
387 1392 497 1431 ἀδελφὸν
513 1393 644 1431 Τιμόθεον
665 1396 830 1434 ἀπολελυμέ-

61 1449 112 1472 νον,
125 1439 181 1476 μεθ’
195 1433 240 1474 οὗ,
253 1437 297 1466 ἐὰν
309 1437 401 1477 τάχιον
416 1438 540 1477 ἔρχηται,
554 1439 740 1479 ὅψομαιὺμᾶς.
756 1441 828 1471 Ἀπο-

59 1483 213 1522 λελυμένον,
235 1484 311 1523 φησί·
324 1485 418 1520 πόθεν;
441 1481 527 1523 Οἶμαι
545 1486 622 1515 αὐτὸν
641 1488 677 1520 εἷς
692 1488 827 1526 δεσμωτή-

60 1540 113 1569 ριον
131 1529 327 1568 ἐμὸεὲλῆσθαι·
349 1529 386 1566 ἢ,
410 1532 432 1559 εἰ
457 1531 493 1569 μὴ
515 1534 609 1567 τοῦτο,
635 1533 687 1562 ἀπὸ
711 1534 825 1570 Ἀθηνῶν

58 1575 266 1614 ἀπολελυμένον·
280 1576 324 1604 καὶ
346 1576 396 1615 γὰρ
414 1577 459 1605 καὶ
480 1579 557 1606 τοῦτο
582 1580 608 1607 ἓν
630 1583 686 1612 ταῖς
709 1581 826 1619 Πράξεσι

884 1163 981 1201 gloria
995 1165 1024 1190 in
1041 1163 1149 1191 scecula
1167 1163 1351 1191 soeculorum.
1363 1163 1472 1192 Amen.
1490 1166 1536 1192 99..
1550 1166 1630 1204 Rogo

886 1215 984 1237 autem
992 1218 1047 1237 vos
1051 1209 1173 1247 fratres,
1181 1214 1212 1236 ut
1221 1209 1376 1248 sufferatis
1384 1211 1505 1237 verbum
1515 1211 1630 1239 solatii.-

886 1257 992 1284 etenim
1003 1255 1158 1294 perpaucis
1176 1257 1278 1294 scripsi
1292 1256 1386 1283 vobis.
1403 1254 1488 1284 Vides
1504 1256 1630 1293 quoniam

885 1302 959 1340 quod
973 1301 1009 1331 ad
1022 1301 1156 1330 neminem
1178 1301 1301 1340 scripsit,
1322 1300 1374 1329 hoc
1397 1300 1432 1329 ad
1453 1312 1497 1330 eos
1513 1302 1630 1331 scribit?

885 1349 1001 1376 Etenim
1022 1348 1190 1386 perpaucis,
1210 1347 1309 1385 inquit,
1335 1349 1437 1386 scripsi
1459 1349 1563 1381 vobis;
1577 1347 1630 1377 hoe

883 1403 933 1431 est,
946 1396 1002 1425 Nec
1013 1407 1074 1426 sum
1084 1395 1211 1424 molestus
1221 1395 1299 1424 vobis
1308 1395 1451 1424 verborum
1463 1395 1628 1434 prolixitate.

883 1443 1019 1472 Existimo
1043 1453 1088 1471 eos
1104 1452 1157 1471 non
1178 1442 1260 1470 fuisse
1277 1441 1423 1470 admodum
1445 1441 1559 1471 infensos
1576 1442 1629 1471 Ti-

881 1488 988 1518 motheo
1005 1500 1011 1516 :
1028 1487 1100 1517 unde
1113 1487 1193 1516 etiam
1204 1498 1265 1516 eum
1276 1487 1433 1526 praeposuit.
1448 1488 1498 1516 25.
1514 1489 1629 1527 Cogno-

881 1537 953 1564 scite
970 1535 1057 1571 enim,
1070 1533 1174 1572 inquit,
1181 1533 1315 1573 fratrem
1329 1534 1512 1562 Timotheum
1526 1535 1629 1563 dimis-

881 1592 945 1610 sum
958 1593 966 1609 .-
983 1591 1049 1610 ειιηι
1070 1590 1138 1619 quo,
1155 1581 1181 1609 si
1199 1582 1285 1608 citius
1300 1581 1424 1615 venerit,
1437 1580 1544 1608 videbo
1563 1591 1628 1609 vos.

57 1625 150 1650 κεῖται.
171 1621 336 1651 Ἀσπάσασθε
355 1623 456 1656 πάντας
480 1623 539 1657 τοὺς
561 1624 721 1662 ἡγουμένους
743 1629 826 1664 ὑμῶν,
844 1633 861 1655 B
881 1629 1064 1663 Dimissum,
1085 1627 1172 1666 inquit
1188 1627 1298 1655 tunde?
1317 1626 1452 1655 Existimo
1470 1637 1532 1655 eum
1546 1628 1627 1657 fuisse

57 1667 102 1696 καὶ
115 1667 215 1700 πάντας
224 1667 283 1701 τοὺς
295 1668 392 1706 ἁγίους,
407 1669 579 1703 Ἀσπάζονται
591 1672 660 1709 ὑμᾶς
676 1673 700 1701 οἱ
713 1673 766 1702 ἀπὸ
778 1675 825 1708 τῆς

57 1713 179 1748 Ἰταλίας.
194 1713 229 1744 ‘H
241 1714 318 1754 χάρις
331 1714 398 1753 μετὰ
409 1715 516 1745 πάντων
532 1719 618 1755 ὑμῶν.
635 1717 728 1757 Ἀμήν.
741 1718 825 1760 Ὁρᾷς

880 1675 1031 1714 conjectum
1044 1675 1072 1702 in
1087 1684 1220 1702 carcerem
1232 1685 1238 1700 :
1252 1680 1310 1711 aut,
1322 1672 1344 1702 si
1359 1683 1411 1702 non
1423 1672 1459 1702 ita
1472 1673 1516 1708 sit,
1529 1673 1627 1702 dimis-

879 1731 939 1750 sum
955 1720 1085 1760 Athenis3
1098 1730 1161 1749 nam
1175 1719 1227 1749 hoc
1238 1730 1345 1759 quoquc
1357 1719 1439 1748 situm
1450 1726 1488 1748 cst
1512 1719 1540 1748 in
1552 1720 1625 1749 Acti-

474 1822 650 1853 MUTIANO
672 1824 927 1855 SCHOLASTICO
951 1824 1204 1855 INTERPRETE.

53 1923 83 1945 ut
92 1915 143 1944 hoc
154 1915 178 1944 ei
190 1914 386 1944 concederetur.
405 1914 528 1943 Primum
547 1915 581 1944 ab
598 1915 635 1944 eis
655 1916 793 1955 postulans
806 1916 933 1945 orationis
945 1915 1091 1951 auxilium,
1102 1921 1167 1944 tunc
1178 1914 1258 1943 etiam
1271 1915 1327 1953 ipse
1338 1926 1388 1955 pro
1398 1915 1435 1943 eis
1445 1915 1538 1944 omnia
1551 1915 1622 1945 bone

55 1962 222 2002 deprecatur.
242 1962 323 1994 Deus,
332 1967 437 1997 autem,
450 1961 548 1999 inquit,
560 1963 650 2000 pacis.
661 1962 751 1991 Nolite
763 1962 846 2001 igitur
860 1962 990 1991 dissidere
1000 1972 1015 1990 a
1029 1961 1115 1998 nohis,
1128 1961 1150 1990 si
1161 1961 1245 1990 vultis
1260 1962 1347 1989 Deum
1359 1961 1433 2000 pacis
1448 1961 1546 1990 habere
1556 1972 1624 2000 pro<

55 2008 163 2047 pitium.
179 2008 236 2045 Qui
250 2007 363 2043 eduxit,
375 2006 474 2044 inquit,
486 2007 522 2035 de
537 2013 616 2035 terra
633 2007 785 2036 Pastorem
803 2017 941 2046 magnum
960 2017 1108 2045 pecorum.
1125 2007 1181 2035 Hoc
1200 2006 1234 2035 de
1252 2007 1443 2035 resurrectione
1454 2006 1556 2035 dictum
1574 2014 1625 2036 est-

55 2056 208 2094 Magnum,
221 2053 309 2092 inquit
321 2065 328 2081 :
341 2053 446 2082 addidit
460 2053 534 2082 aliud
550 2052 774 2082 additamentum.
788 2053 857 2082 Hinc
870 2064 955 2092 usque
970 2064 1004 2082 an
1020 2053 1101 2082 finem
1114 2053 1242 2082 orationis
1258 2053 1387 2082 rationem
1401 2053 1439 2082 eis
1454 2053 1488 2082 de
1500 2064 1622 2082 resurre-

53 2102 140 2131 ctione
149 2101 298 2132 confirmat.
310 2103 347 2129 In
361 2103 519 2140 sanguine,
532 2100 631 2139 inquit,
647 2104 813 2131 testamenti
829 2104 930 2130 (eterni
946 2102 1106 2130 Dominum
1129 2107 1259 2129 nostrum
1284 2101 1386 2129 Jesum
1409 2101 1569 2138 Christum,
1592 2108 1622 2130 ut

54 2160 107 2179 nos
118 2150 262 2190 perfectos
276 2149 409 2178 redderet
422 2150 454 2177 in
465 2151 544 2177 omni
556 2159 639 2187 opere
655 2151 729 2177 bono
741 2171 750 2187 ‚
765 2149 989 2189 adfaciendam
1001 2149 1187 2178 voluntatem
1203 2150 1265 2188 ejus
1275 2170 1283 2185 ,
1295 2149 1410 2188 faciens
1428 2150 1459 2176 in
1475 2150 1558 2177 vobis
1575 2149 1623 2177 be—

55 2196 231 2235 neplacitum
253 2197 285 2223 in
305 2201 460 2234 conspectu
479 2204 541 2223 suo,
562 2195 664 2223 Iterum
684 2195 842 2223 testificatur
855 2195 893 2224 eis
908 2195 1010 2234 majora
1030 2194 1134 2234 perfici.
1151 2194 1194 2223 Ad
1208 2194 1268 2223 illos
1280 2195 1350 2223 enim
1370 2195 1495 2234 pertinet,
1508 2195 1622 2235 quijam

53 2252 171 2271 sumsere
181 2241 356 2281 principium,
369 2248 395 2270 et
408 2252 522 2279 quorum
535 2241 569 2270 ad
580 2241 769 2280 perfectionem
779 2241 866 2270 omnis
875 2252 970 2270 cursus
982 2241 1108 2271 intendit.
1121 2240 1155 2269 Et
1165 2241 1262 2269 iterum
1274 2247 1331 2269 orat
1342 2251 1390 2280 pro
1401 2240 1438 2268 eis
1450 2252 1456 2267 :
1467 2241 1541 2279 quod
1557 2252 1621 2280 per-

53 2289 119 2318 tinet
132 2287 166 2317 ad
181 2295 324 2318 amantem.
343 2288 378 2317 Et
392 2288 419 2316 in
435 2288 496 2316 aliis
511 2288 621 2326 quidem
636 2288 756 2327 epistolis
777 2289 802 2317 in
819 2287 939 2317 exordiis
953 2295 1011 2317 orat
1024 2311 1031 2325 ‚
1045 2288 1090 2316 hic
1103 2295 1193 2317 autem
1208 2288 1236 2316 in
1250 2288 1312 2316 fine.
1325 2289 1464 2323 Faciem,
1478 2288 1576 2326 inquit,
1590 2290 1622 2316 in

53 2338 137 2365 vobis
148 2336 362 2376 heneplacitum
375 2338 407 2364 in
420 2343 575 2375 conspectu
587 2347 639 2365 suo
652 2347 703 2375 per
717 2337 818 2365 Jesum
831 2337 990 2372 Christum,
1004 2338 1053 2365 cui
1067 2337 1164 2375 gloria
1185 2338 1215 2364 in
1237 2336 1357 2365 scecula,
1371 2335 1480 2364 Amen.
1497 2337 1621 2365 Obsecro

53 2391 150 2414 autem
165 2394 219 2413 vos
233 2385 358 2423 fratres,
370 2390 401 2413 ut
416 2386 584 2413 sustineatis
600 2386 722 2413 verbum
743 2385 953 2413 consolationis
963 2397 974 2418 ;
987 2387 1093 2414 etenim
1107 2386 1261 2424 perpaucis
1283 2385 1385 2422 scripsi
1399 2385 1493 2412 vobis.
1505 2384 1620 2413 Intueris

54 2432 116 2471 quia
130 2431 203 2470 quod
216 2431 307 2460 nullus
322 2432 452 2470 [nullisi']
462 2432 580 2472 scripsit,
592 2432 650 2460 istis
664 2432 777 2461 scribit?
788 2432 908 2470 Etenim,
918 2432 1018 2471 inquit,
1035 2432 1112 2461 vohis
1125 2443 1176 2461 non
1189 2442 1247 2460 sum
1260 2431 1387 2460 molestus
1397 2431 1476 2469 longo
1487 2442 1618 2460 sermone.

56 2479 176 2509 Arbitror
198 2487 287 2509 autem
309 2490 352 2509 cos
371 2480 434 2518 quia
454 2480 525 2508 circu
544 2480 719 2509 Timotheum
738 2491 790 2509 non
806 2491 833 2509 sc
850 2480 984 2509 habebunt
1001 2480 1147 2509 infensius:
1162 2479 1233 2508 unde
1252 2479 1331 2507 etiam
1355 2478 1444 2518 ipsum
1465 2479 1619 2518 praeposuit.

56 2528 235 2567 Cognoscite‚
251 2528 348 2566 inquit7
361 2529 483 2566 fratrem
499 2535 628 2557 nostrum
645 2530 824 2558 Timotheum
839 2530 989 2558 dimissum
1000 2552 1007 2565 ‚
1018 2540 1082 2558 cum
1095 2528 1163 2568 quo,
1182 2530 1207 2557 si
1224 2528 1357 2556 celeriter
1375 2528 1499 2562 venerit,
1514 2527 1620 2555 videbo

57 2584 119 2603 vos.
133 2575 290 2605 Dimissum
307 2582 393 2605 uutciu
405 2574 485 2608 dixit,
501 2575 592 2604 unde?
605 2576 728 2605 Arbitror
740 2576 809 2605 enim
822 2576 893 2614 quod
910 2576 935 2605 in
952 2576 1100 2605 custodium
1115 2575 1194 2605 fucrit
1208 2575 1314 2611 missus,
1328 2581 1384 2605 aut,
1398 2574 1419 2602 si
1435 2573 1485 2603 hoe
1501 2584 1552 2602 uon
1568 2581 1617 2607 cst,
