1906 2846
387 185 421 207 IN
448 185 558 209 EPIST.
587 186 632 208 An
660 186 827 210 illinit-1305.
857 186 932 209 CAP.
960 187 1034 210 xiil.
1064 188 1182 210 nomn..
1212 188 1335 210 xxxin.

1560 181 1631 226 420

341 376 476 404 OMIMA
498 375 547 414 λγ’.
1107 379 1267 408 HOMILIA
1291 379 1425 409 XXXIII.

59 469 108 498 Διὸ
125 468 261 507 βασιλείαν
279 470 422 517 ἐσάλευτον
437 473 707 510 παραλαμὸάνοντες,
726 474 829 514 ἔχωμεν
849 480 866 503 B
884 478 951 507 CAr.
966 477 1029 506 XII.
1046 489 1072 507 v.
1089 478 1136 508 98.
1154 481 1259 518 Itaque
1270 489 1390 518 regumn
1406 481 1552 508 immobile
1566 491 1627 509 sus-

98 514 191 553 χάριν,
216 515 249 544 δι’
277 518 307 550 ἡς
331 517 499 555 >turpem-mm
530 519 675 557 εὐαρέστως
705 523 742 557 τῷ
767 522 829 560 Θεῷ
923 526 1072 562 cipientes,
1088 526 1249 553 habeamus
1260 527 1398 564 gratiam,
1409 536 1461 564 per
1473 537 1559 565 quam
1571 537 1628 555 ser·

98 560 166 598 μετὰ
181 561 267 593 αἰδοῦς
285 561 330 590 καὶ
352 563 499 596 effluet-²⁷²2&-
517 565 569 593 Καὶ
580 564 631 604 γὰρ
646 567 659 594 ὃ
674 566 740 599 Θεὸς
752 568 829 605 ἡμῶν
926 572 1038 599 vinnius
1047 571 1197 609 placentes
1210 571 1273 599 Deo
1287 581 1353 599 cum
1365 578 1442 600 metu
1456 578 1484 600 et
1494 582 1626 600 reveren-

97 609 150 645 πῦρ
162 607 366 637 καταναλίσκον.
924 617 976 644 tia.
996 618 1043 645 99.
1067 618 1186 645 Etenim
1207 618 1286 646 Deus
1309 624 1406 646 noster
1423 619 1498 657 ignis
1517 628 1625 647 eonsu-

924 673 1003 692 mens
1018 670 1068 692 est.

94 748 183 789 ‘'On-ep
206 752 323 790 ἀλλαχοῦ
344 764 423 791 φησι,
438 752 482 782 Τὰ
504 754 555 793 γὰρ
580 754 731 793 βλεπόμενα
746 757 827 794 πρόσ-
924 756 952 783 1.
966 755 1047 791 Quod
1061 755 1126 784 alibi
1137 755 1212 792 dicit,
1226 757 1296 795 Quoe
1307 758 1384 785 enim
1396 757 1546 794 videntur,
1557 764 1625 787 sunt
1636 763 1658 777 2·
1675 756 1725 778 ΓΜ·
1737 758 1760 785 4-

1641 787 1675 810 18.

55 802 135 834 καῑρα
146 817 154 833 ,
171 795 204 825 τὰ
216 796 243 826 δὲ
258 797 294 834 μὴ
312 798 462 836 βλεπόμενα
485 800 594 836 αἰώνια,
607 801 652 830 καὶ
668 802 720 831 ἀπὸ
735 803 826 832 τούτου

54 841 211 880 ποιούμενος
224 843 271 878 τὴν
287 844 457 882 παράκλησιν
474 845 522 880 τὴν
548 847 591 875 ἐπὶ
606 851 660 880 τοῖς
674 852 765 881 κακοῖς
790 846 827 882 οἷς

52 887 122 916 κατὰ
144 888 187 917 τὸν
211 889 330 929 παρόντα
347 891 402 929 βίον
423 893 605 931 ὑπομένομεν,
630 897 708 924 τοῦτο
727 895 758 931 δὴ
781 896 826 924 καὶ

54 933 167 963 ἐνταῦθα
186 940 271 972 ποιεῖ,
293 936 340 965 καί
360 949 454 976 φησιν,
473 938 601 978 Ἔχωμεν
621 941 701 979 χάριν
713 953 718 959 ·
736 942 826 970 τουτέ-

56 990 112 1008 στιν
123 1001 130 1014 ,
148 981 348 1020 εὐχαριστῶμεν
365 985 403 1022 τῷ
420 985 497 1024 Θεῷ,
514 985 617 1024 βέὸαιοι
640 987 771 1025 μένωμεν.
784 989 825 1017 Οὐ

55 1024 106 1064 γὰρ
121 1025 199 1064 μόνον
212 1028 259 1056 οὐκ
273 1029 412 1068 ὀφείλομεν
426 1031 620 1060 ἀποδυσπετεῖν
642 1033 686 1061 ἐπὶ
699 1037 752 1066 τοῖς
768 1046 824 1062 πα-

57 1073 160 1110 ροῦσιν,
177 1074 246 1103 ἀλλὰ
261 1075 305 1104 καὶ
320 1076 398 1115 χάριν
425 1079 496 1116 αὐτῷ
512 1078 640 1116 μεγίστην
662 1079 758 1108 εἰδέναι
782 1080 825 1109 ἐπὶ

54 1122 108 1150 τοῖς
134 1119 267 1156 μέλλουσι.
291 1122 334 1150 Δι’
357 1120 389 1157 ἧς
415 1123 584 1162 λατρεύωμεν
610 1125 757 1164 εὐαρέστως
787 1128 825 1165 τῷ

54 1163 137 1201 Θεῷ·
161 1165 310 1203 τουτέστιν,
333 1167 402 1196 οὕτω
427 1169 478 1208 γάρ
502 1171 573 1198 ἐστιν
597 1170 744 1209 εὐαρέστως
774 1172 823 1200 λα-

56 1207 156 1246 τρεύειν
184 1212 222 1248 τῷ
247 1213 324 1250 Θεῷ,
347 1215 552 1254 εὖχαριστοῧντα
572 1216 598 1244 ἔν
620 1216 714 1245 ἅπασι.
730 1217 824 1247 Πάντα

54 1258 171 1290 ποιεῖτε,
190 1257 268 1294 φησὶ,
287 1258 369 1296 χωρὶς
388 1263 545 1298 γογγυσμῶν
566 1262 610 1290 καὶ
632 1263 823 1301 διαλογισμῶν.

55 1296 93 1326 oO
109 1299 159 1339 γὰρ
174 1300 204 1329 ἂν
221 1302 366 1341 ἐργάσηταί
377 1317 416 1338 τις
432 1307 576 1344 γογγύζων,
592 1308 766 1347 ὓποτέμνεται
778 1310 823 1338 καὶ

56 1344 178 1374 ἀπώλεσε
193 1346 237 1375 τὸν
254 1348 361 1386 μισθὸν,
383 1351 502 1390 καθάπερ
526 1355 549 1381 οἱ
565 1353 730 1392 Ἰσραηλῖται
743 1367 748 1372 ·
766 1355 822 1384 ἴστε

55 1389 107 1428 γὰρ
128 1392 224 1427 ἡλίκην
245 1395 338 1424 ἐκεῖνοι
361 1396 435 1430 δίκην
459 1397 548 1426 ἔτισαν
567 1400 632 1438 ὑπὲρ
656 1403 822 1439 γογγυσμῶν.

54 1436 104 1464 Διό
118 1449 196 1476 φησι,
212 1440 287 1475 Μηδὲ
301 1442 448 1479 γογγύζετε.
461 1443 518 1471 Οὔκ
532 1443 583 1482 ἄρα
595 1445 665 1473 ἐστὶν
680 1446 824 1486 εὐαρέστως

54 1482 212 1522 λατρεῦσαι,
229 1486 265 1523 μὴ
288 1487 366 1527 χάριν
388 1489 475 1517 εἰδότα
495 1490 599 1518 πάντων
618 1492 689 1530 αὐτῷ
704 1493 748 1521 καὶ
771 1495 823 1522 τῶν

54 1533 211 1568 πειρασμῶν
225 1532 270 1560 καὶ
284 1535 334 1561 τῶν
351 1534 474 1563 ἀνέσεων.
489 1535 564 1564 Μετὰ
579 1536 666 1570 αἰδοῦς
684 1538 729 1566 καὶ
747 1540 825 1567 εὐλα-

56 1573 128 1607 Geloi<
140 1587 146 1593 ·
161 1577 295 1613 τουτέστι,
312 1578 393 1616 μηδὲν
414 1581 507 1617 ἰταμὸν
533 1582 720 1621 φθεγγώμεθα,
742 1584 822 1621 μηδὲν

833 1610 868 1628 302

882 802 1077 839 temporalia;
1090 812 1154 841 quse
1161 808 1258 831 autem
1270 813 1328 831 non
1337 804 1486 840 videntur,
1495 811 1625 838 (eterna,-

882 854 907 876 et
922 858 955 876 ex
965 858 995 876 co
1005 847 1115 877 adhibet
1129 849 1337 878 consolationem
1354 849 1380 877 iu
1396 850 1475 878 maliS
1486 861 1545 888 quie
1561 851 1625 879 feri-

882 903 942 922 mus
958 894 984 922 in
997 893 1051 923 vita
1062 895 1183 933 praesenti
1199 907 1204 922 :
1220 895 1270 923 hoc
1285 895 1329 923 hic
1341 906 1446 934 quoque
1459 896 1532 933 facit,
1544 903 1569 925 et
1581 896 1626 925 di-

881 939 917 967 cit
933 951 939 967 :
955 941 1126 968 Habeamus
1139 943 1288 979 gratiam;
1302 941 1353 970 hoe
1367 948 1422 979 est,
1440 943 1496 970 Deo
1513 952 1625 981 agamus

880 986 991 1023 gratias,
1004 996 1159 1014 maneamus
1171 987 1252 1015 firmi.
1264 987 1322 1015 Non
1334 987 1421 1016 solum
1433 988 1503 1016 enim
1516 999 1567 1016 non
1578 988 1624 1017 de-

880 1030 974 1059 hemus
997 1041 1066 1069 aegre
1088 1032 1156 1060 serre
1181 1033 1336 1069 praeseutia,
1358 1033 1402 1061 scd
1418 1034 1497 1062 etiam
1516 1041 1626 1073 propter

843 1083 861 1106 c
880 1076 969 1104 futura
983 1076 1131 1104 maximam
1144 1077 1242 1105 habere
1254 1078 1378 1115 gratiam.
1394 1080 1453 1107 Per
1467 1090 1556 1118 quam
1569 1090 1626 1108 ser-

882 1123 994 1150 viamus
1015 1124 1086 1150 bene
1101 1122 1252 1160 placentes
1271 1123 1353 1157 Deo,-
1371 1123 1400 1151 id
1421 1131 1476 1161 est,
1493 1125 1531 1153 sic
1553 1125 1624 1154 enim

879 1169 941 1198 licet
963 1169 1063 1198 servire
1080 1170 1137 1198 Deo
1152 1169 1219 1198 bene
1234 1169 1381 1208 placentem
1393 1193 1400 1206 ‚
1416 1171 1438 1199 si
1457 1172 1485 1200 in
1499 1172 1625 1202 omnibus

879 1215 935 1254 agit
951 1215 1062 1253 gratias.
1077 1216 1195 1252 Omnia,
1213 1215 1312 1253 inquit,
1327 1216 1421 1254 facite
1430 1218 1539 1256 absque
1552 1229 1624 1246 mur-
1637 1216 1698 1237 ΡΜ·
1710 1218 1774 1245 2·¹'t-

879 1263 1093 1290 murationibus
1114 1268 1140 1290 et
1165 1263 1433 1301 disceptationibus.
1454 1264 1535 1298 Quod
1553 1265 1623 1293 enim

878 1308 970 1338 fecerit
983 1309 1117 1348 quispiam
1129 1319 1311 1347 murmurans,
1323 1309 1352 1338 id
1365 1316 1486 1349 amputat
1500 1318 1524 1339 et
1536 1311 1623 1350 perdit

878 1355 1044 1392 mercedem,
1060 1355 1129 1383 sicut
1143 1354 1269 1383 Israelitae
1285 1367 1291 1382 :
1307 1355 1380 1383 scitis
1398 1355 1469 1384 enim
1488 1367 1553 1394 quas
1567 1367 1623 1396 poe-

877 1411 925 1430 nas
936 1401 1069 1430 dederunt
1084 1401 1119 1430 ob
1132 1401 1365 1430 murmurationes.
1382 1403 1525 1440 Propterea
1536 1402 1621 1440 dicit,

878 1445 985 1484 Neque
999 1448 1195 1474 murmuretis.
1213 1447 1271 1474 Non
1284 1452 1359 1485 potes
1370 1456 1433 1484 ergo
1449 1446 1506 1474 Deo
1522 1446 1555 1475 ad
1567 1448 1623 1486 pla-

878 1490 962 1519 citum
979 1491 1080 1521 servire
1093 1514 1100 1526 ‚
1117 1491 1140 1520 si
1155 1501 1206 1520 non
1221 1491 1321 1520 habeas
1335 1492 1357 1520 ei
1374 1492 1473 1530 grutIaS
1488 1491 1521 1520 de
1535 1494 1622 1521 omui-

878 1535 929 1565 bus
943 1543 968 1565 et
981 1537 1015 1566 de
1025 1537 1216 1566 tentationibus
1228 1544 1253 1565 et
1265 1537 1299 1566 de
1309 1537 1406 1576 quiete.
1422 1538 1494 1567 Cum
1507 1545 1621 1568 metuet

879 1586 1064 1617 reuerentia;
1085 1583 1135 1612 hoc
1158 1591 1206 1620 cst,
1227 1583 1296 1612 nihil
1317 1584 1459 1622 loquamur
1477 1584 1620 1624 impudens

55 1619 245 1667 dvaiffkuvvov,
261 1623 329 1652 ἀλλὰ
345 1625 530 1664 συστέλλωμεν
551 1627 673 1664 ἑαυτοὺς,
687 1628 729 1656 ἵνα
749 1630 821 1657 αἰδέ-
842 1641 859 1659 Α
879 1635 904 1656 et
914 1639 1052 1667 arrogans,
1065 1629 1111 1658 sed
1125 1640 1317 1668 componamus
1331 1640 1388 1665 nos,
1406 1637 1435 1658 ut
1449 1630 1533 1658 simus
1547 1641 1620 1660 reve-

54 1677 130 1703 σιμ-οι
152 1669 223 1705 ὦμεν
236 1680 241 1686 ·
256 1673 332 1698 τοῦτο
355 1671 406 1710 γάρ
430 1673 500 1700 ἐστιν
515 1673 528 1702 δ
542 1673 629 1712 λέγει,
649 1676 715 1702 Μετ’
738 1676 824 1708 αἰδοῦς

55 1711 101 1739 καὶ
115 1713 260 1747 εὐλαέειάς.
277 1715 309 1744 Ἡ
321 1717 479 1756 φιλαδελφία
491 1719 599 1756 μενέτω.
611 1721 667 1754 Τῆς
680 1720 824 1759 φιλοξενίας

56 1757 92 1795 μὴ
108 1759 309 1790 ἐπιλανθάνεσῢε
323 1773 327 1778 ’
343 1762 386 1791 διὰ
400 1763 496 1798 ταύτης
507 1763 557 1803 γὰρ
571 1764 662 1794 ἔλαθόν
677 1778 744 1799 τινες
761 1765 823 1799 ξενί-

880 1674 954 1703 rendi
966 1686 972 1701 :
984 1674 1035 1703 hoc
1046 1674 1117 1703 enim
1131 1675 1253 1712 estquod
1266 1675 1349 1711 dicit,
1365 1677 1438 1705 Cum
1451 1682 1528 1705 metu
1537 1683 1565 1705 et
1575 1687 1621 1705 re-

881 1722 1021 1750 verentia.
1042 1722 1068 1748 1.
1091 1721 1208 1748 Caritas
1226 1721 1427 1758 fraternitatis
1449 1729 1569 1751 maneat
1589 1726 1619 1751 in
1631 1741 1688 1762 Cn.
1702 1746 1758 1763 xm,

879 1768 974 1795 vobis.
994 1767 1022 1794 Q.
1042 1766 1082 1794 Et
1098 1765 1327 1804 hospitalitatem
1350 1766 1439 1794 nolite
1455 1767 1589 1797 oblivisci
1609 1780 1617 1799 ,-

472 1876 649 1906 MUTIANO
671 1877 926 1907 SCHOLASTICO
948 1877 1204 1906 INTERPRETE.

90 1968 251 2007 Propterea
265 1980 385 2008 regnum
400 1972 624 2001 inconcussibile
634 1976 839 2013 suscipientes,
857 1974 1019 2002 habeamus
1038 1975 1176 2012 gratiam,
1195 1982 1247 2011 per
1260 1981 1349 2011 quam
1364 1974 1526 2002 serviamus
1549 1975 1619 2002 bene

47 2013 198 2052 placentes
213 2017 277 2044 Deo
289 2027 355 2045 cum
369 2021 533 2048 reverentia
544 2027 572 2048 et
587 2022 775 2050 verecundia.
791 2021 910 2049 Etenim
921 2020 1002 2048 Deus
1013 2027 1111 2048 noster
1119 2021 1194 2058 ignis
1206 2028 1379 2047 consumens
1390 2024 1444 2046 est.
1460 2017 1542 2054 Quod
1552 2019 1618 2047 alibi

48 2060 121 2090 dixit
132 2073 140 2089 .·
160 2062 231 2100 Quae
246 2065 395 2100 videntur,
417 2067 592 2105 temporalia
607 2074 674 2096 sunt
678 2081 689 2103 ,·
706 2078 771 2107 quae
784 2077 854 2096 vero
870 2078 930 2096 non
944 2068 1096 2105 videntur,
1113 2073 1223 2095 aeterna
1234 2077 1244 2098 ;
1259 2071 1284 2093 et
1299 2063 1362 2092 inde
1373 2065 1470 2093 sumsit
1485 2065 1617 2095 exhorta-

46 2107 126 2137 tionis
144 2116 169 2137 et
183 2111 372 2141 consolationis
382 2121 571 2151 argumentum
590 2125 639 2154 pro
659 2115 751 2153 malis,
768 2126 828 2153 quae
844 2115 870 2144 iu
884 2115 1146 2155 praesentiffiempore
1160 2113 1323 2142 toleramus:
1337 2112 1375 2140 sic
1392 2112 1471 2140 etiam
1487 2111 1531 2140 hic
1542 2113 1616 2150 facit,

45 2153 152 2184 aedicit
170 2167 175 2183 :
197 2157 281 2185 Firmi
292 2158 421 2188 debemus
436 2160 578 2197 exsistere,
595 2169 624 2190 ut
639 2161 786 2191 habeamus
802 2162 930 2201 gratiam3
945 2162 996 2190 hoe
1010 2169 1056 2198 est,
1073 2160 1172 2200 gratias
1185 2169 1297 2197 agamus
1310 2159 1376 2187 Deo.
1392 2158 1451 2186 Nou
1465 2159 1550 2187 solum
1563 2169 1616 2187 non

44 2199 173 2231 debemus
185 2203 398 2242 inaequanimiter
412 2207 480 2236 ferre
492 2208 631 2247 praesentia
642 2209 712 2237 mala
728 2209 813 2237 multa
824 2232 833 2244 ‚
848 2208 894 2238 sed
904 2210 985 2238 etiam
998 2208 1098 2247 gratias
1115 2207 1154 2235 illi
1170 2217 1218 2246 pro
1232 2204 1329 2234 futuris
1342 2204 1419 2233 bonis
1434 2205 1538 2234 offerre.
1556 2207 1616 2235 Per

45 2259 144 2288 quam,
156 2249 254 2288 inquit,
268 2254 430 2282 serviamus
446 2255 517 2283 bene
528 2256 678 2294 placentes
693 2257 777 2290 Deo;
792 2256 842 2284 hoc
858 2262 906 2291 est,
923 2255 961 2284 sic
973 2256 1072 2295 quippe
1084 2254 1217 2294 placentes
1229 2253 1286 2281 Deo
1298 2251 1441 2286 servimus,
1455 2262 1516 2280 cum
1532 2252 1555 2280 ei
1567 2263 1615 2291 per

44 2296 134 2325 omnia
149 2297 241 2335 gratiae
257 2298 425 2329 deseruntur.
442 2303 550 2331 Omnia
559 2304 665 2342 facite,
679 2303 776 2342 inquit,
793 2306 858 2333 sine
873 2305 1105 2332 murmuratione
1119 2309 1146 2330 et
1161 2303 1224 2331 sine
1240 2300 1432 2328 haesitatione.
1447 2298 1529 2334 Quod
1540 2299 1612 2330 enim

44 2343 105 2380 quis
117 2351 244 2383 operatus
257 2346 337 2374 suerit
352 2357 536 2385 murmurans,
558 2350 711 2387 recidetur,
729 2357 753 2379 et
769 2350 839 2389 perit
855 2360 955 2378 merces
965 2350 1023 2389 ejus
1040 2361 1045 2376 :
1059 2349 1129 2377 sicut
1139 2347 1217 2377 etiam
1230 2345 1367 2382 Israelitae,
1382 2344 1461 2382 quale
1475 2344 1612 2383 judicium

43 2397 217 2428 perceperunt
230 2398 339 2430 propter
349 2394 612 2424 murmurationem?
624 2396 767 2435 Propterea
778 2397 876 2435 inquit,
886 2397 955 2425 Non
968 2396 1163 2424 murmuretis.
1177 2394 1235 2422 Non
1247 2392 1318 2420 enim
1328 2391 1414 2431 placet
1423 2392 1490 2423 Deo.
1502 2392 1612 2429 quando

44 2443 105 2463 cum
121 2437 333 2466 murmuratione
344 2439 460 2468 servitur
471 2448 497 2469 et
509 2452 560 2470 non
571 2442 594 2470 ei
605 2453 653 2482 pro
665 2443 791 2472 omnibus
805 2443 897 2482 gratiae
913 2443 1080 2479 deferuntur,
1095 2449 1120 2470 et
1136 2452 1184 2480 pro
1200 2438 1390 2469 tentationibus
1405 2444 1431 2466 et
1446 2438 1611 2478 prosperita-

43 2480 126 2511 tibus.
142 2483 218 2512 Nihil
233 2495 296 2523 ergo
308 2486 435 2525 supinum
450 2488 604 2528 loquamur,
621 2490 689 2519 nihil
700 2490 852 2531 impudens,
865 2491 910 2520 sed
925 2490 1117 2520 submittamus
1127 2499 1185 2525 nos,
1197 2494 1225 2515 ut
1241 2485 1406 2515 venerabiles
1418 2495 1448 2513 ac
1463 2492 1611 2514 reverentes

44 2538 100 2557 esse
115 2530 247 2569 possimus
262 2543 268 2559 :
288 2532 339 2561 hoc
356 2541 406 2571 cst,
423 2536 497 2564 Cum
511 2540 674 2566 reverentia
685 2545 712 2567 et
728 2545 805 2568 metu
827 2540 894 2567 Dei.
911 2539 1041 2574 Caritas,
1058 2535 1371 2575 inquit,sraternitatis
1389 2539 1561 2572 permaneat
1581 2535 1612 2561 in

45 2577 140 2614 ’1ὈῦῘῆ
152 2584 178 2606 et
190 2578 422 2618 hospitalitatem
439 2582 530 2612 nolite
539 2584 674 2615 oblivisci
686 2596 694 2611 .·
706 2586 847 2623 perhanc
859 2587 938 2615 enim
957 2585 1106 2613 latuerunt
1119 2582 1240 2620 qm'dam
1258 2580 1378 2619 angelos
1388 2581 1418 2607 in
1431 2579 1556 2618 bospitio
1570 2590 1612 2607 re*
