1906 2846
395 177 427 200 IN
457 177 567 200 Ertsr.

95 241 134 279 ἀρ
148 235 220 268 οὖν
207 239 250 268 οιὰ
264 250 340 267 τουτο
354 238 457 278 χείρους
473 241 575 277 ἡμων5
565 251 575 267 ε
579 241 615 269 ἷσι
630 252 682 268 των
701 240 778 278 δεομε
772 239 830 267 'mov
846 240 869 267 οἳ

566 286 662 318 ὅλως
685 287 712 314 δε
702 289 786 315 5ῖνῖθαι
802 287 870 315 ἀκο-

92 333 202 369 λούθου,
222 332 377 371 ἀγγελικον,
396 332 434 365 τί
424 345 435 353 ²
449 336 494 361 τοῦ
514 334 653 371 ἀγγελικοῧ
671 332 727 371 ΙΒίου
745 332 839 371 ἐγγυς,
853 345 870 367 η

94 287 130 325 μὴ
145 286 222 324 δεόμε
225 297 277 322 νοι;
300 287 334 314 Εἰ
349 285 434 314 τοίνυν
454 286 484 314 τὸ
507 286 574 323 μηδε

93 380 197 408 πολλῶν
208 379 330 417 δεομένη,
341 378 357 412 ἢ
370 380 386 413 ἡ
398 378 492 417 ὀλίγων
502 391 508 414 ;
520 380 578 407 Οὐκ
589 379 644 408 ἔστι
654 382 731 407 τοῦτο
744 379 871 417 diffluum

95 426 205 465 αἰσχύνη
220 425 272 465 γάρ
285 427 341 454 ἐστι
355 426 385 454 τὸ
398 425 496 454 ἄτοπόν
511 437 537 453 τι
551 425 659 464 πρᾶξαι.
678 425 747 454 Εἰπέ
762 436 821 462 μοι,
834 425 873 458 τίς

95 471 246 511 ἐπιστρέφει
258 471 318 505 τοὺς
333 473 373 500 ἐπ’
391 473 488 510 ἀγορᾶς
497 494 504 506 ,
516 475 532 506 ἧ
549 472 661 504 πολλοὺς
674 471 842 510 ἐπαγομένη,
855 471 872 505 ἢ

96 521 113 554 ἡ
128 518 244 557 ὀλίγους;
268 518 367 553 ταύτης
382 517 408 547 δὲ
425 520 473 553 τῆς
488 518 591 557 ὀλίγους
606 518 791 557 ἐπαγομένης,
814 518 873 557 οὐχὶ

96 567 112 600 ἡ
142 564 207 603 μόνη
233 565 334 602 μᾶλλον
362 564 512 603 ἀπρόοπτος
540 564 702 604 φαινομένης
727 564 811 604 (Ορᾷς
833 565 874 593 ὅτι

97 611 181 640 ἐκεῖνό
201 613 271 641 ἐστιν
292 611 420 650 αἰσχύνῃ
445 611 494 644 Τίς
508 612 660 651 ἐπιστρέφει
675 611 734 644 τοὺς
749 612 790 640 ἐπ’
808 613 874 650 ἁγο-

99 663 160 698 ρᾶς,
177 660 194 693 ἡ
210 657 242 687 τὰ
254 658 323 687 καλὰ
340 661 453 698 φοροῦσα
469 658 579 696 ἱμάτια,
592 658 608 693 ἢ
623 661 640 693 ἦ
654 659 743 691 ἁπλῶς
758 669 875 697 περικει-

98 704 164 742 μένη
179 705 224 733 καὶ
241 704 470 741 ἀνεπιτηδεύτιικ,
487 704 526 737 τίς
546 705 628 733 πάλιν
650 704 801 743 ἐπιστρέφει
816 703 875 737 τοὺς

98 752 139 780 ἐπ’
154 753 267 791 ἀγορᾶς,
284 754 300 786 ἡ
320 751 363 780 ἐπὶ
376 752 494 788 ἡμιόνων
511 750 643 790 φερομένη
655 771 662 784 ,
676 751 721 779 καί
736 750 876 789 χρυσοπά-

97 807 166 824 στων
181 796 450 835 παραπετασμάτων,
461 795 478 830 ἢ
490 798 505 830 ἦ
520 796 610 828 ἅπλῶς
625 795 669 823 καὶ
681 797 716 827 ὡς
735 794 810 833 ἔτυχε
826 806 876 832 με-

98 841 131 870 τὰ
151 842 327 881 κοσμιότητος
344 842 501 880 βαδίζουσα,
526 841 543 876 ἢ
558 841 655 877 ταύτην
674 841 720 879 μὲν
736 840 794 869 οὐδὲ
809 842 877 879 ὁρῶ-

99 900 147 926 μεν
161 888 210 917 κᾶν
223 889 336 926 ἴδωμεν,
354 887 455 923 ἐκείνην
472 887 498 916 δὲ
516 889 544 916 οὐ
568 887 645 925 μόνον
661 888 724 915 ἰδεῖν
741 886 877 924 βιάζονται

99 935 122 962 οἱ
137 934 244 969 πολλοὶ,
270 935 339 963 ἀλλὰ
362 934 407 962 καὶ
431 935 564 973 ἐρωτῶσι,
588 933 626 966 τίς
641 933 699 968 εἴη,
725 932 770 960 καὶ
784 932 878 966 πόΟεν;

100 980 153 1008 Καὶ
174 980 291 1019 παρίημι
305 980 391 1018 λέγειν
405 980 465 1012 ὅσος
480 982 494 1008 ὁ
508 980 600 1018 φθόνος
619 981 734 1008 ἐντεῦθεν
749 979 877 1007 τίκτεται.

100 1027 136 1056 T·.'
150 1023 207 1063 οὖν,
229 1027 286 1056 εἶπέ
299 1039 342 1065 μοι
354 1050 360 1057 ,
385 1027 509 1065 αἰσχρὸν,
534 1028 645 1065 ὁρᾶσθαι
661 1026 677 1060 ἢ
700 1025 737 1063 μὴ
753 1027 876 1064 ὁρᾶσθαις

101 1073 165 1102 πότε
188 1073 283 1111 μείζων
299 1076 313 1107 ἦ
330 1073 459 1111 αἰσχύνη,
475 1073 536 1101 ὅταν
555 1072 652 1104 πάντες
668 1072 704 1104 εἰς
716 1071 797 1105 αὐτὴν
815 1071 879 1109 βλέ-

101 1129 201 1153 πωσιν,
221 1117 238 1151 ἢ
260 1118 322 1146 ὅταν
337 1116 442 1154 μηδείς;
457 1115 519 1144 ὅταν
535 1117 688 1153 μανθάνωσι
706 1115 767 1154 περὶ
782 1117 877 1149 αῐιτῆς,

102 1164 119 1199 ἢ
131 1164 192 1192 ὅταν
209 1162 276 1200 μηδὲ
290 1162 477 1202 φροντίζωσιν,
495 1161 578 1201 Ὁρᾷς
593 1161 634 1191 ὅτι
645 1162 674 1190 οὒ
687 1162 720 1189 Ξι’
736 1160 861 1200 αἷσιύνην
872 1184 879 1195 ,

105 1209 172 1238 ἀλλὰ
193 1208 236 1237 διὰ
261 1208 406 1242 κενοδοξίαν
429 1207 516 1237 πάντα
530 1208 696 1246 πράττομεν;
721 1207 797 1241 Πλὴν
820 1207 879 1235 ἀλλ’

105 1254 194 1290 ἐπειδὴ
207 1254 298 1284 τούτου
313 1254 440 1283 ἀδύνατον
462 1256 531 1292 ὖμας
553 1255 716 1293 ἀπαγαγεῖν,
745 1255 840 1292 ἀρκεῖ
835 1265 880 1282 μοι

103 1312 131 1329 τε
126 1300 168 1334 ’ως
188 1300 218 1329 τὸ
238 1303 330 1339 μαθεῖν
352 1303 436 1338 ὑμας,
460 1312 500 1329 οτι
521 1300 569 1328 οὐκ
584 1299 640 1328 ἔστι
656 1303 733 1328 τοῦτο
753 1299 877 1339 αἱο-χυνη.

103 1346 232 1387 Ἁμαρτία
249 1347 316 1385 μόνη
341 1346 454 1385 αἰσχύνη
480 1346 566 1382 ἐστὶν,
587 1346 619 1381 ην
640 1345 722 1378 ουδεις
748 1348 815 1374 εἶναι
836 1357 880 1373 νο-

105 1393 161 1430 μίζε
167 1405 174 1421 ι
188 1393 336 1432 αἰσχύνην,
350 1392 419 1421 ἀλλὰ
431 1404 518 1421 παντα
532 1392 661 1431 μαλλον
647 1405 663 1426 η
680 1391 786 1427 ταύτην.
805 1391 881 1429 Ἱμα-

104 1451 148 1468 τια
161 1439 229 1468 ἔστω
243 1439 277 1467 τὰ
293 1451 340 1474 της
354 1450 403 1478 χρε
406 1450 461 1473 ιας,
475 1438 511 1477 μὴ
529 1439 658 1479 περιττά·
681 1438 750 1474 πλην
766 1439 844 1467 ἀλλ”
838 1438 880 1467 ι’να

105 1485 142 1523 μὴ
165 1487 201 1518 εἷς
223 1486 324 1521 πολλὴν
350 1485 528 1525 στενοχωρίαν
549 1487 619 1523 ὑμᾶς
642 1485 880 1523 κατακλείσωμεν,

104 1533 188 1561 ἐκεῖνο
199 1533 350 1571 παρεγγυῶ,
365 1531 406 1561 ὅτι
417 1531 610 1571 χρυσοπάστων
623 1534 688 1570 ἡμῖν
704 1533 732 1560 οὗ
745 1532 783 1560 δεῖ
794 1555 802 1567 ,
822 1531 880 1560 οὐῗὲ

103 1579 207 1607 λεπτῶν
221 1579 338 1607 ὀθονίων.
360 1578 413 1607 Καὶ
427 1581 512 1607 ταῦτα
533 1580 580 1607 οὐκ
595 1578 646 1617 ἐγὼ
666 1578 736 1617 λέγω
746 1590 751 1596 ·
774 1578 814 1608 ὅτι
829 1578 879 1617 γὰρ

105 1625 152 1652 οὐκ
168 1624 221 1662 ἐμά
233 1625 288 1654 ἔστι
307 1624 340 1654 τὰ
357 1625 483 1665 ῥήματα,
499 1625 577 1653 ἄκουε
591 1628 637 1654 τοῦ
654 1624 785 1664 μακαρίου
800 1625 879 1653 Παύ-

105 1674 150 1701 λου
162 1672 281 1711 λέγοντος
289 1695 296 1708 ,
307 1673 351 1702 καὶ
363 1675 564 1712 παρεγγυῶντος
576 1678 633 1706 ταῖς
645 1673 746 1710 γυναιξὶ
762 1674 880 1711 Κοσμεῖν

105 1718 214 1752 ἑαυτὰς,
235 1718 272 1756 μὴ
288 1720 312 1747 ἐν
333 1719 499 1758 πλέγμασιν,
514 1719 531 1753 ἢ
546 1721 638 1758 χρυσῷ
652 1718 669 1754 ἢ
686 1719 878 1759 μαργαρίταις,

600 178 643 199 ΑΙ)
671 178 842 200 ltEBttnos.
869 178 946 200 CAP-

977 177 1037 200 ΧΠ.
1067 177 1185 200 HOMIL.
1216 176 1337 199 xxvut.

1605 165 1622 195 τ)
1629 179 1646 209 7
1655 164 1672 198 5

926 240 996 268 rus?
1012 250 1077 267 num
1092 246 1233 278 propterea
1246 245 1308 267 sunt
1325 238 1414 275 nobis,
1431 237 1476 276 qui
1491 248 1610 277 egemus,
1625 237 1673 266 de-

926 286 1036 314 teriores
1062 285 1080 313 ii
1103 285 1149 323 qui
1176 295 1228 314 non
1251 284 1353 323 egent?
1368 284 1398 312 Si
1420 294 1484 322 ergo
1511 294 1544 312 ne
1566 283 1674 312 omnino

926 330 1036 369 quidem
1055 342 1131 370 egere
1151 331 1250 360 assecla
1268 331 1312 360 vel
1328 330 1488 370 pedissequo
1512 337 1551 358 est
1571 330 1675 369 angeli*

927 388 1000 412 cum,
1018 388 1143 416 quaenam
1157 378 1243 417 magis
1258 377 1361 406 accedit
1372 376 1407 405 ad
1419 377 1504 406 vitam
1516 377 1676 415 angelicam,

927 434 991 452 eane
1008 435 1067 462 quze
1089 424 1182 453 multis
1204 424 1320 462 indiget,
1332 434 1365 452 an
1381 433 1440 461 quae
1458 423 1678 462 paucis?Nonne

927 478 966 500 est
977 472 1028 500 hoc
1040 471 1146 510 pudor?
1158 470 1245 510 pudor
1253 477 1292 498 est
1305 469 1376 498 enim
1388 469 1491 507 aliquid
1504 476 1581 508 turpe
1592 470 1678 498 facere

928 525 953 547 et
965 518 1126 547 absurdum.
1145 518 1196 546 Dic
1217 516 1294 552 mihi,
1306 527 1430 555 quaenam
1451 515 1485 544 ad
1506 526 1533 544 se
1545 516 1677 544 convertit

929 576 973 595 eos
986 577 1045 604 quae
1063 572 1125 594 sunt
1140 565 1167 594 in
1180 565 1248 601 soro,
1258 574 1323 592 eane
1335 574 1394 601 quae
1409 563 1508 591 multos
1521 572 1612 591 secum
1627 562 1677 590 du-

929 612 976 647 cit,
995 623 1028 641 an
1050 623 1079 641 ea
1096 623 1156 651 quae
1174 621 1274 651 paucos
1287 610 1365 639 1³hac
1385 617 1475 638 autem
1498 619 1558 647 quae
1578 619 1677 648 paucos

929 659 1014 693 ducit,
1027 669 1114 687 annon
1133 669 1162 686 ea
1175 657 1260 696 magis
1280 668 1339 696 quse
1355 656 1409 685 sola
1421 662 1531 696 apparet
1544 666 1596 684 non
1608 666 1678 695 prm-

928 704 986 733 visa
1000 705 1013 733 ⁴?
1028 705 1113 734 Yidcs
1135 703 1207 743 quod
1228 703 1297 732 illud
1312 703 1346 731 sit
1368 702 1481 742 pudor?
1497 702 1630 737 Quaenam
1650 702 1677 729 iu

931 761 957 779 sc
973 751 1105 780 convertit
1126 761 1169 779 eos
1188 750 1234 788 qui
1253 756 1314 778 sunt
1330 749 1356 778 in
1378 749 1444 785 soro,
1457 759 1521 777 eane
1534 758 1593 786 quae
1614 748 1676 788 pul-

931 797 1009 826 chras
1028 804 1111 837 gestat
1126 803 1223 833 vestes,
1239 806 1272 824 an
1288 806 1347 834 quse
1362 795 1522 835 simpliciter
1533 801 1571 823 est
1582 794 1678 823 vestita

931 850 955 872 et
971 843 1046 872 nullo
1061 850 1214 883 comparato
1227 843 1302 871 cultu
1318 849 1343 871 et
1356 848 1511 871 ornamento
1526 841 1539 869 ?
1555 851 1679 879 quaenam

932 901 1027 919 rursus
1042 890 1127 929 magis
1141 890 1177 918 ad
1191 901 1218 918 se
1232 889 1364 918 convertit
1378 900 1422 918 eos
1436 888 1483 927 qui
1495 895 1557 916 sunt
1569 888 1595 916 in
1609 888 1678 922 soro,

931 946 994 964 eane
1012 947 1072 974 quae
1096 937 1177 964 mulis
1199 936 1308 964 vehitur
1330 942 1355 964 et
1378 934 1507 964 inauratis
1531 934 1678 973 stragulis,

932 991 964 1008 an
979 991 1009 1009 ea
1030 992 1090 1019 quae
1110 981 1270 1019 simpliciter
1290 988 1315 1009 et
1341 980 1609 1019 quomodocumque,
1635 980 1681 1007 sed

931 1026 1027 1055 decore
1041 1033 1066 1054 et
1080 1026 1190 1055 honeste
1207 1026 1308 1055 incedit
1322 1027 1335 1054 ἶ)
1351 1038 1384 1055 an
1398 1026 1468 1055 hanc
1487 1037 1519 1055 ne
1533 1025 1681 1054 viderimus

932 1071 1043 1110 quidem
1060 1079 1085 1100 ct
1104 1073 1308 1111 aspexerimus,
1321 1073 1397 1100 illam
1413 1079 1502 1101 autem
1520 1083 1571 1101 non
1593 1072 1682 1100 solum

934 1125 962 1146 ut
976 1118 1087 1147 videant
1109 1125 1205 1156 urgent
1220 1118 1316 1156 aliqui,
1335 1118 1382 1146 sed
1398 1118 1476 1146 etiam
1492 1125 1587 1157 rogant
1604 1129 1682 1156 quae-

934 1174 994 1192 nam
1010 1164 1044 1193 sit
1056 1171 1081 1192 et
1096 1164 1186 1192 unde.
1179 1165 1192 1182 ‘³
1205 1165 1287 1192 Mitto
1301 1171 1390 1192 autem
1403 1164 1490 1193 dicere
1503 1172 1601 1202 quanta
1618 1165 1682 1193 hinc

934 1210 1036 1239 oriatur
1059 1210 1173 1239 imidia.
1188 1210 1265 1247 Quid
1285 1221 1359 1249 ergo,
1376 1210 1421 1239 dic
1443 1210 1521 1246 mihi,
1535 1218 1574 1239 est
1594 1217 1683 1250 turpe,

934 1256 1021 1285 videri
1041 1268 1074 1285 an
1096 1267 1149 1285 non
1172 1257 1281 1286 videti.
1275 1257 1288 1274 ⁰
1302 1256 1411 1295 quando
1427 1263 1466 1285 est
1486 1257 1572 1296 major
1586 1257 1684 1296 pudor,

890 1325 926 1344 25⁴
934 1305 1041 1344 quando
1056 1317 1148 1335 omnes
1160 1306 1195 1335 ad
1209 1317 1268 1335 eam
1282 1306 1444 1346 aspexerint,
1456 1316 1489 1334 an
1503 1307 1611 1344 quaudo
1624 1307 1686 1335 nul-

899 1354 917 1375 A
934 1357 1000 1386 lus?
1015 1357 1124 1396 quaudo
1140 1368 1232 1386 omnes
1247 1357 1280 1386 de
1292 1368 1321 1386 ea
1337 1367 1461 1396 quaenam
1476 1357 1510 1386 sit
1526 1357 1684 1395 resciscunt,

934 1419 967 1437 an
987 1409 1095 1447 quando
1115 1419 1148 1438 ne
1169 1415 1263 1437 curant
1278 1408 1388 1447 quidem
1401 1409 1414 1436 ἓ)
1428 1408 1514 1438 Vides
1538 1409 1612 1447 quod
1633 1420 1685 1438 nou

935 1467 1045 1500 propter
1064 1460 1214 1500 pudorem,
1235 1459 1283 1488 sed
1307 1467 1418 1500 propter
1441 1460 1547 1489 inanem
1571 1460 1686 1499 gloriam

935 1512 1025 1540 omnia
1046 1512 1172 1551 agimus?
1186 1511 1240 1541 Sed
1261 1512 1391 1550 quoniam
1411 1511 1462 1540 hoc
1482 1512 1542 1541 fieri
1562 1523 1614 1541 non
1637 1523 1686 1552 po-

935 1570 985 1592 test
1000 1570 1029 1592 ut
1046 1573 1093 1591 nos
1114 1562 1148 1591 ab
1169 1562 1225 1591 illis
1240 1562 1419 1598 abducamus,
1436 1562 1537 1591 sufficit
1560 1562 1628 1590 mihi
1645 1562 1687 1591 in-

935 1616 1014 1645 terim
1035 1622 1066 1644 ut
1082 1626 1130 1645 vos
1147 1615 1257 1644 discatis
1269 1615 1321 1644 hoc
1337 1625 1388 1644 non
1407 1626 1464 1644 esse
1476 1614 1683 1654 turpitudinem.

935 1668 1030 1696 Solum
1045 1674 1185 1707 peccatum
1200 1674 1238 1695 est
1252 1666 1407 1706 turpitudo,
1439 1667 1512 1706 quod
1538 1677 1616 1695 nemo
1630 1667 1688 1695 exi-

936 1719 1026 1747 stimat
1047 1729 1103 1747 esse
1128 1717 1273 1757 pudorem,
1293 1717 1339 1747 sed
1362 1717 1472 1756 quidvis
1497 1717 1583 1757 magis
1606 1728 1687 1755 quam

532 1832 712 1861 MUTIANO
738 1831 996 1862 SCHOLASTICO
1022 1832 1057 1860 IN
1064 1830 1269 1860 TERPRETE

105 1936 194 1969 pterea
217 1929 295 1958 nobis
306 1928 443 1958 inferiores
459 1928 796 1967 exsistunt,indigentibus
819 1939 871 1957 non
894 1928 1044 1967 indigentes
1059 1928 1072 1956 Ρ
1087 1928 1118 1957 Si
1139 1928 1231 1966 itaque
1250 1938 1420 1966 nequaquam
1442 1928 1563 1967 indigere
1585 1929 1681 1968 pedis-

105 1986 196 2014 sequo,
208 1975 360 2015 angelicum
372 1975 485 2014 quidem
501 1982 540 2004 est
557 1987 563 2003 z
574 1985 632 2013 quae
644 1981 683 2003 est
693 1985 756 2014 ergo
771 1986 830 2013 quae
848 1975 974 2014 angelicae
986 1975 1048 2003 vitae
1060 1974 1214 2014 propinqua
1227 1981 1265 2002 est
1278 1974 1291 2002 ἶ)
1308 1974 1389 2003 illane
1399 1985 1459 2013 quae
1474 1975 1601 2014 plurimis
1613 1975 1668 2003 indi
1677 1993 1688 1998 -

105 2031 148 2062 get
162 2024 258 2060 servis,
267 2034 301 2052 an
310 2034 368 2062 quae
380 2023 474 2063 paucis
485 2023 580 2052 3‘1tane
589 2023 640 2052 hoc
651 2033 703 2052 non
717 2030 754 2052 est
763 2023 883 2052 confusio
892 2024 904 2051 Ρ
913 2023 1035 2052 confusio
1051 2033 1167 2061 namque
1181 2021 1384 2059 est‚absurdum
1396 2022 1502 2061 aliquid
1511 2023 1626 2062 operari.
1635 2023 1688 2051 Dic

109 2071 182 2100 enim
204 2071 283 2107 mihi,
299 2082 360 2110 quae
379 2071 415 2100 ad
432 2082 460 2100 se
479 2071 612 2099 convertit
628 2078 727 2100 stantes
743 2071 770 2099 in
788 2071 908 2110 publico,
925 2081 984 2109 quae
997 2070 1079 2099 habet
1098 2080 1238 2099 servorum
1256 2070 1415 2108 obsequium
1437 2070 1637 2109 plurimorum,
1653 2082 1687 2100 an

105 2118 151 2147 illa
170 2129 228 2157 quae
246 2117 486 2158 paueorum?Sed
508 2118 590 2147 etiam
615 2129 645 2146 ea
665 2129 726 2157 quae
747 2129 896 2158 perpaucos
915 2128 1005 2147 secum
1024 2117 1151 2154 adducit,
1166 2127 1254 2146 nonne
1272 2117 1317 2145 illa
1342 2117 1480 2146 honestior
1495 2124 1533 2145 est
1552 2127 1612 2155 quae
1631 2117 1686 2146 sola

104 2166 235 2204 procedit,
252 2172 278 2194 et
298 2177 366 2205 pene
387 2165 489 2194 nullius
513 2165 630 2195 occurrit
651 2166 795 2195 obtutibus
811 2166 952 2195 Z'Intueris
974 2165 1038 2205 quia
1061 2165 1131 2194 illud
1155 2165 1241 2204 magis
1261 2171 1300 2193 est
1320 2165 1442 2194 confusio
1455 2165 1468 2193 ‘2'
1482 2164 1549 2200 Quae
1571 2175 1687 2203 namque

106 2213 235 2241 convertit
258 2213 349 2241 oculos
367 2212 535 2242 adstantium
556 2213 583 2242 in
600 2213 707 2253 plateis,
721 2225 780 2252 quie
801 2213 926 2254 pulchris
946 2220 971 2242 et
990 2213 1114 2253 pretiosis
1131 2213 1217 2241 utitur
1237 2212 1416 2247 vestimentis,
1430 2223 1463 2240 an
1484 2211 1531 2240 illa
1548 2222 1607 2250 quae
1621 2212 1686 2240 sim-

107 2259 212 2298 pliciter
227 2270 306 2288 suum
329 2260 445 2299 contegit
464 2271 574 2300 corpuS,
595 2268 620 2290 et
638 2271 700 2290 cum
714 2261 811 2291 decore
822 2261 969 2290 honestatis
987 2272 1018 2289 ac
1033 2259 1136 2300 pudore
1147 2259 1247 2289 incedit
1259 2259 1376 2289 ?Nonne
1393 2258 1472 2287 istam
1492 2268 1558 2298 pene
1581 2268 1629 2286 nec
1644 2257 1685 2287 vi-

103 2305 213 2343 demus,
225 2317 257 2335 ae
269 2306 292 2335 si
304 2306 459 2341 videamus,
475 2308 567 2337 oculos
585 2319 760 2338 revocamus:
776 2309 850 2338 illam
865 2315 956 2338 autem
978 2319 1030 2337 non
1045 2308 1134 2337 solum
1145 2307 1344 2346 compelluntur
1357 2304 1468 2345 plurimi
1483 2305 1620 2342 contueri,
1639 2305 1685 2333 sed

104 2353 185 2382 etiam
199 2353 372 2393 interrogant,
382 2364 507 2392 quaenam
518 2355 565 2384 illa
579 2356 613 2385 sit
622 2363 648 2385 et
657 2356 739 2386 unde.
756 2357 789 2385 Et
803 2357 981 2396 praetermitto
993 2356 1092 2391 dicere,
1101 2362 1200 2394 quanta
1215 2366 1246 2383 ex
1260 2354 1312 2383 hoc
1326 2353 1430 2383 invidia
1445 2359 1594 2392 generatur.
1610 2352 1686 2387 Quid

105 2410 168 2440 ergo
183 2407 224 2429 est
235 2407 313 2440 turpe
324 2400 412 2430 videri
424 2401 437 2430 ‚⁹
447 2402 555 2440 quando
569 2404 690 2432 confusio
705 2404 792 2444 major
804 2411 859 2442 est,
875 2403 982 2443 quando
996 2404 1071 2432 illam
1083 2414 1175 2432 omnes
1187 2402 1350 2439 attendunt5
1367 2412 1401 2429 an
1416 2400 1525 2439 quando
1540 2399 1631 2428 nullus
1644 2406 1685 2428 at-

106 2447 210 2477 tendit?
220 2447 328 2486 quando
341 2447 374 2477 de
389 2448 437 2477 itta
451 2457 623 2488 cognoscunt,
636 2461 669 2480 an
680 2451 788 2490 quando
801 2462 893 2480 curam
905 2452 1007 2480 faciunt
1025 2450 1200 2490 requirendi?
1209 2448 1406 2488 Contemplaris
1420 2448 1484 2487 quia
1497 2458 1549 2476 non
1561 2457 1610 2487 pro
1623 2458 1683 2476 cou—

106 2495 226 2531 susione,
237 2495 283 2524 sed
294 2502 404 2536 propter
415 2507 514 2525 vanam
527 2497 640 2536 gloriam
657 2500 776 2538 gerimus
788 2500 924 2530 univeiffsa
936 2502 959 2530 X
965 2506 1142 2534 erumtamen,
1157 2499 1220 2537 quia
1236 2497 1404 2538 impossibile
1413 2504 1452 2526 est
1469 2503 1569 2525 mentes
1585 2502 1685 2525 vestras

110 2541 253 2579 abducere,
268 2543 369 2572 sufficit
384 2543 452 2572 mihi
472 2544 582 2574 interim
600 2553 630 2575 ut
644 2546 795 2576 doceamini
806 2547 868 2586 quia
892 2558 945 2577 non
961 2554 1000 2576 cst
1015 2547 1065 2576 ista
1082 2546 1212 2575 confusio.
1230 2545 1325 2590 Solum
1335 2544 1436 2584 quippe
1448 2550 1588 2584 peccatum
1603 2542 1684 2582 judi-

111 2589 226 2619 candum
241 2597 278 2620 est
293 2601 347 2621 esse
362 2591 555 2632 confusionem,
571 2594 644 2633 quod
658 2595 744 2634 magis
766 2595 877 2625 minime
891 2596 1056 2636 judicamus,
1072 2595 1116 2624 sed
1132 2594 1220 2624 onmia
1236 2587 1327 2634 potius
1343 2604 1423 2633 quam
1440 2593 1491 2623 lioc
1503 2591 1685 2622 confusionem
