1875 2856
679 223 1094 288 MONITUM

273 393 364 443 AD
404 394 785 446 ENCOMIUM
820 394 1078 445 SANCTI
1112 397 1490 460 GREGORII‚

552 551 831 581 ARMENORUM
859 552 1226 589 lLLUMINATonls,

217 689 306 719 QUOD
333 690 366 712 ΙΝ
395 689 640 712 MANUSCRIPTIS
667 689 818 712 ARMENIS
845 689 965 712 SANCTI
992 690 1131 713 JOANNtS
1158 691 1394 715 CHRYSOSTOMt
1419 693 1553 716 NOMINE

756 759 1010 782 CIRCUMFERTUR
1017 773 1025 780 .

148 903 213 931 Rem
226 912 335 941 prorsus
351 912 449 931 novam
462 902 508 930 hic
520 902 680 941 proferimus
696 924 702 936 ‚
720 912 777 940 quae
791 901 924 940 ingentem
938 901 1008 929 hanc
1020 911 1131 941 operum
1144 901 1331 941 Chrysostomi
1346 903 1442 931 seriem
1466 910 1527 943 apte
1542 905 1674 935 claudere

107 949 212 988 possit;
230 950 379 978 encomium
394 961 488 988 nempe
500 949 585 978 sancti
603 949 729 987 Gregorii
745 949 877 978 Armeniae
895 949 1091 977 illuminatoris
1106 972 1113 985 ‚
1127 949 1202 987 quod
1226 950 1252 978 in
1273 951 1465 991 Manuscriptis
1486 954 1610 982 Armenis
1628 954 1675 982 Bi-

107 994 247 1023 bliothecae
260 995 348 1032 Regiae
363 996 485 1030 habetur,
503 1002 528 1023 et
542 1007 557 1023 ει
574 997 609 1023 D.
623 996 726 1023 Abbate
749 995 783 1023 de
796 996 943 1034 Villesroy,
959 996 1116 1033 linguarum
1136 996 1317 1025 Orientalium
1331 997 1429 1036 peritia
1442 998 1553 1038 insigni,
1573 1011 1605 1028 ex
1626 1002 1676 1029 Ar-

108 1052 185 1070 mena
201 1042 227 1070 in
245 1042 366 1070 Latinam
379 1042 498 1080 linguam
514 1043 689 1075 translatum,
705 1043 824 1080 mihique
834 1043 954 1071 oblatum
971 1043 1035 1071 suit.

149 1088 246 1116 Habita
263 1095 351 1116 autem
369 1088 454 1116 fertur
468 1088 524 1116 haec
539 1089 630 1116 concio
648 1088 760 1121 Kokisi,
776 1100 835 1126 qua—
850 1096 904 1117 erat
933 1089 997 1117 urbs
1018 1089 1151 1117 Armeniae
1170 1089 1426 1128 Minoris‚quaeque
1446 1092 1473 1120 in
1488 1092 1578 1121 Editis
1605 1100 1631 1121 et
1649 1094 1677 1122 in

109 1135 302 1174 Manuscriptis
326 1136 447 1174 Operum
476 1135 559 1163 sancti
586 1135 698 1164 ,Ioannis
724 1135 910 1173 Chrys-ostoun
938 1135 1111 1171 Κουκουσός,
1128 1137 1258 1164 Cucusus
1277 1159 1284 1172 ,
1300 1137 1463 1176 appellatur,
1486 1140 1518 1167 ln
1544 1139 1679 1168 Vaticano

109 1191 195 1211 tamen
215 1183 312 1210 Codice
326 1182 475 1214 Κοκκουσός
489 1192 593 1220 semper
605 1181 703 1219 legitur
719 1193 726 1216 ;
744 1181 770 1208 in
787 1181 925 1210 Itinerario
939 1182 1001 1210 item
1018 1182 1145 1210 Antonini
1161 1183 1374 1220 frequentissime
1388 1185 1515 1214 Cocusus
1538 1187 1676 1216 scribitur.

109 1229 204 1258 Cocusi
217 1230 309 1268 igitur,
323 1230 380 1257 sire
390 1229 487 1257 Cucusi
500 1229 575 1257 exsul
598 1229 807 1267 Chrysostomus
820 1251 826 1263 ‚
842 1229 876 1256 ab
897 1229 1033 1267 episeopo,
1051 1236 1076 1257 et
1088 1240 1102 1256 a
1123 1229 1252 1257 Dioscoro
1267 1230 1386 1267 quodam
1401 1232 1513 1271 aliisque
1534 1235 1658 1262 Armenis
1671 1257 1679 1270 ‚

108 1288 169 1306 enm
195 1284 267 1305 tanta
297 1277 460 1315 benignitate
486 1283 612 1315 exceptus
627 1277 679 1304 fuit
690 1298 697 1310 ‚
711 1284 739 1304 nt
763 1276 813 1304 hoc
828 1276 958 1304 beneflcio
970 1298 977 1311 ‚
1001 1276 1089 1313 inquit
1113 1275 1158 1304 illc
1170 1298 1178 1311 7
1195 1283 1280 1304 totum
1295 1278 1386 1306 exsilii
1408 1290 1547 1309 moerorem
1562 1281 1680 1320 abstergi

109 1335 185 1364 posse
196 1324 335 1352 videretur
351 1325 434 1362 3quin
449 1330 473 1352 et
489 1323 629 1362 episcopus
641 1323 738 1351 Cucnsi
752 1346 760 1361 ‚
777 1323 954 1362 episcopalem
978 1323 1028 1361 ipsi
1049 1322 1137 1351 sedem
1159 1334 1236 1351 suam
1250 1325 1394 1354 concedere
1408 1327 1510 1363 voluit,
1524 1338 1610 1366 neque
1639 1339 1681 1357 ne-

108 1372 181 1410 ganti
196 1372 273 1400 facite
286 1372 491 1409 obtemperavit.
514 1371 658 1408 Postquam
679 1381 743 1398 vero
766 1372 920 1399 Isaurorum
944 1370 1095 1398 incursione
1117 1370 1211 1409 pulsus
1223 1393 1230 1405 ‚
1243 1372 1401 1401 Arabissnm
1418 1375 1550 1403 Armeniae
1566 1376 1680 1405 Minoris

108 1418 201 1446 urbem
221 1418 386 1456 transfugere
405 1424 511 1446 coactus
527 1425 580 1453 est,
601 1417 634 1445 ab
657 1418 739 1445 Otreo
755 1417 833 1445 istius
848 1417 922 1445 urbis
933 1417 1057 1456 episcopo
1072 1428 1133 1446 cum
1156 1424 1227 1446 tanta
1250 1425 1376 1457 exceptus
1390 1420 1442 1448 suit
1455 1421 1620 1450 humanitate
1632 1445 1639 1457 ‚
1651 1429 1681 1451 ut

110 1465 178 1494 inter
198 1466 373 1494 amicissimos
396 1465 473 1493 illum
499 1465 624 1504 deinceps
649 1465 806 1494 numerarit.
836 1465 905 1493 Hinc
933 1474 1029 1503 magna
1055 1464 1096 1493 illi
1120 1475 1225 1504 semper
1249 1466 1300 1495 fuit
1316 1477 1378 1495 cum
1402 1469 1524 1497 Armenis
1547 1469 1678 1506 societas,

108 1511 227 1539 amicitia
242 1518 321 1549 atque
337 1511 517 1539 familiaritas.

149 1560 255 1598 Rogant
278 1565 366 1586 antem
391 1558 509 1587 Dioscori
530 1557 670 1597 enjusdam
687 1557 803 1596 episcopi
818 1580 825 1593 ‚
849 1558 895 1595 qui
911 1557 1124 1596 consanguineus
1141 1565 1197 1587 erat
1217 1559 1299 1588 sancti
1324 1561 1450 1599 Gregorii
1467 1562 1680 1600 Illuminatoris,

109 1613 139 1634 ut
164 1607 247 1635 fertur
261 1606 288 1634 in
305 1606 382 1634 titulo
396 1629 403 1642 ,
419 1606 470 1634 lioe
487 1606 639 1634 encomium
657 1605 743 1634 edidit
758 1628 765 1640 ‚
782 1606 836 1634 imo
851 1606 931 1634 etiam
953 1605 987 1633 ad
1003 1606 1135 1645 populum
1157 1607 1253 1635 habuit
1267 1607 1294 1636 in
1307 1607 1352 1636 die
1371 1609 1437 1638 sesto
1453 1610 1573 1648 ejusdem
1583 1611 1679 1639 saneti.

110 1653 244 1681 Hactenus
259 1653 348 1680 omnia
367 1651 508 1690 quadrant.
521 1653 625 1681 Verum
646 1652 757 1690 quaestio
769 1653 827 1691 jam
845 1653 1009 1689 movebitur,
1023 1663 1056 1681 an
1073 1663 1134 1681 vere
1156 1653 1191 1681 sit
1205 1654 1391 1693 Chrysostomi
1408 1666 1501 1685 necne.
1528 1656 1682 1686 Exordium

109 1706 179 1728 certe
200 1699 267 1727 nibil
287 1699 365 1727 babet
388 1709 402 1727 a
424 1699 618 1738 Chrysostomo
635 1700 752 1727 ahenum
769 1709 775 1726 t
792 1709 885 1727 verum
902 1699 928 1726 in
956 1709 1097 1737 progressu
1124 1706 1161 1728 tot
1178 1706 1303 1738 tantaque
1327 1709 1471 1730 occurrunt
1493 1702 1680 1742 Chrysostomi

110 1757 184 1775 more
198 1754 278 1785 atque
296 1747 366 1786 stylo
386 1746 548 1775 dissonantia
564 1770 571 1783 ‚
595 1754 624 1775 ut
639 1753 712 1774 tanto
732 1745 833 1774 doctori
851 1757 929 1774 nemo
950 1746 1104 1774 adscribere
1127 1748 1197 1776 ausit
1217 1761 1223 1782 ;
1241 1755 1352 1786 puteum
1367 1759 1462 1788 nempe
1480 1756 1504 1778 et
1516 1750 1614 1779 fossam
1638 1751 1680 1780 lo-

109 1802 245 1832 quentem,
262 1801 395 1833 serpentes
410 1801 434 1822 et
449 1793 578 1822 dracones
593 1800 709 1827 orantes,
726 1793 878 1821 Tiridatem
891 1804 979 1831 regem
992 1793 1019 1821 in
1035 1804 1130 1832 aprum
1145 1804 1313 1830 conversum,
1327 1802 1352 1824 et
1362 1803 1484 1835 portenta
1494 1797 1610 1826 similia:
1622 1809 1680 1836 quae

110 1849 198 1870 tamen
211 1842 268 1881 ipsa
291 1842 319 1870 in
332 1843 397 1870 Yita
414 1842 499 1869 sancti
515 1842 639 1880 Gregorii
658 1841 851 1870 llluminatoris
868 1842 1005 1878 leguntur,
1019 1842 1096 1880 enjus
1106 1842 1178 1871 Vitae
1192 1843 1386 1881 manuscriptos
1402 1844 1470 1872 duos
1481 1844 1594 1874 Codices
1608 1846 1677 1881 vidi,

109 1890 223 1918 alterum
239 1890 411 1918 Bibliothecae
425 1889 515 1927 Regiae
531 1912 538 1925 ‚
562 1890 676 1917 alterum
694 1888 873 1917 coislinianae.
884 1889 974 1917 Posset
990 1890 1099 1917 sortasse
1111 1888 1164 1917 dici
1180 1890 1404 1928 Chrysostomum
1418 1891 1608 1921 concionemin
1620 1893 1678 1922 lau-

109 1935 170 1963 dem
201 1935 285 1964 sancti
309 1935 435 1973 Gregorii
457 1934 653 1963 Illnminatoris
682 1935 826 1973 habuisse3
841 1935 886 1963 sed
911 1935 986 1963 illam
1001 1935 1037 1963 ab
1064 1935 1186 1964 Armenis
1214 1936 1251 1965 ita
1267 1937 1439 1966 immutatam
1451 1938 1534 1967 fuisse
1552 1961 1560 1974 ,
1578 1939 1676 1978 utjam

112 1983 298 2022 Chrysostomi
313 1983 401 2021 stylus
415 1982 453 2010 ibi
479 1982 531 2010 sere
555 1992 687 2020 nusquam
712 1989 871 2021 compareat.

151 2032 188 2059 L't
206 2037 235 2058 ut
251 2041 290 2058 res
313 2037 351 2058 est
362 2053 370 2065 ,
389 2040 440 2058 non
456 2030 591 2068 ingratum
607 2030 699 2058 lectori
714 2030 769 2058 sore
789 2037 854 2069 puto
869 2030 940 2068 quod
962 2031 1012 2060 hoc
1032 2032 1191 2070 opuseulum
1208 2033 1367 2072 protulerim
1380 2056 1388 2069 ,
1414 2040 1471 2062 turn
1486 2034 1550 2072 quia
1566 2034 1593 2063 in
1611 2046 1676 2064 con-

109 2077 193 2106 cionis
208 2077 322 2105 decursu
338 2076 460 2115 quaedam
477 2076 511 2104 de
527 2077 653 2104 Armenia
669 2098 678 2113 7
699 2076 791 2115 paucis
816 2084 878 2105 nota
890 2100 896 2112 ‚
913 2084 1112 2114 memorantur-3
1127 2084 1183 2106 tum
1199 2078 1271 2117 quod
1286 2079 1314 2107 in
1328 2079 1442 2108 eruditis
1469 2079 1538 2109 notis
1553 2079 1676 2110 doctissi-

110 2125 147 2153 mi
159 2125 317 2164 Interpretis
333 2134 384 2152 non
399 2134 484 2163 pauca
500 2123 567 2152 scitu
582 2123 662 2162 digna
685 2131 835 2153 occurrant.

646 2294 693 2297 ”-
710 2286 1146 2304 *rqffssflb—
