1886 2846
411 160 442 182 IN
471 160 577 182 Et'tsT.

71 226 107 264 μὴ
122 225 190 254 κατὰ
200 223 248 258 τὴν
260 223 332 256 τάξιν
349 222 448 262 Ἀαρὼν
459 246 466 258 ,
490 224 543 252 ἀπὸ
565 223 656 252 τούτου
677 225 766 251 τοῦτον
791 222 838 260 μὲν

608 159 653 181 ΑΙ.)
680 158 848 182 iiEBRAEOS.

877 158 954 181 CAP.
982 160 1044 182 Vll.

1075 160 1191 182 nonu.
1221 160 1293 182 xm.
1575 152 1640 184 183

894 223 929 251 Et
955 221 1018 251 vide
1045 223 1112 251 mihi
1136 223 1306 262 prudentiam
1332 223 1468 263 ingentem
1495 237 1500 252 ε
1527 235 1560 254 ex
1583 236 1637 263 quo

69 272 188 306 ἰ’στησιν,
205 269 328 298 ἔκδοίλλει
343 268 370 297 δὲ
385 268 506 301 ἐκείνους.
529 269 604 297 Horat
619 268 646 297 δὲ
659 271 734 297 τοῦτο
749 267 839 296 ἑαυτὸν
857 274 875 296 D
893 268 964 296 enim
986 268 1032 297 ille
1052 279 1086 297 ex
1100 268 1247 297 sacerdotio
1270 270 1369 308 expelli
1391 270 1551 305 videbatur,
1573 281 1637 309 quo-

70 317 181 354 εἰσάγων
193 315 282 354 ὥσπερ
303 314 355 344 ἀπό
370 327 438 347 τινος
460 314 680 354 διαπορούμενον,
696 314 721 343 τί
743 314 840 349 δήποτε

70 362 106 399 μὴ
119 361 188 390 κατὰ
203 360 250 396 τὴν
266 360 338 393 τάξιν
360 360 458 400 Ἀαρὼν
469 359 585 398 λέγεται,
603 360 670 388 οὕτω
684 359 730 395 τὴν
747 359 839 389 διαπό-

71 419 144 447 ρησιν
166 407 261 436 λύοντα
271 419 276 425 ·
292 407 337 436 καὶ
361 406 430 444 ἐγὼ,
443 406 506 445 φησὶ
516 429 522 441 ,
537 410 612 435 τοῦτο
624 407 688 435 αὐτὸ
703 407 819 445 διαπορῶ
831 428 838 441 ,

69 454 137 486 τίνος
150 453 234 482 ἕνεκεν
257 452 293 491 μὴ
307 456 377 481 κατὰ
388 452 436 486 τὴν
445 452 516 486 τάξιν
528 452 626 491 Ἀαρὼν
640 453 738 491 γέγονε.
755 453 840 480 Τοῦτο

69 498 120 538 γὰρ
139 499 213 534 δηλοῖ
228 500 265 538 τῷ
291 500 382 534 εἰπεῖν,
400 499 432 526 Ei
449 497 495 535 μὲν
520 494 564 526 οἶν
582 498 715 530 τελείωσις
736 497 779 526 διὰ
793 499 839 531 τ’ἧς

71 547 210 579 Αευιτικῆς
230 544 370 583 ἱερωσύνης
398 540 440 579 ἦν.
474 544 525 573 Καὶ
551 544 598 579 τὸ,
615 543 664 576 Τίς
685 543 724 572 ἔτι
744 543 838 582 χρεία,

69 590 169 626 πολλὴν
185 590 298 629 ἔμφασιν
317 590 380 629 ἔχει.
400 591 432 619 Εἰ
453 590 498 628 μὲν
513 586 556 619 οἶν
570 589 681 629 ῐ’ττριξνην
697 591 710 618 ὁ
728 589 840 628 Χριστὸς

69 637 99 665 τὸ
112 639 180 665 κατὰ
197 636 283 675 σάρκα
306 636 375 665 κατὰ
397 636 444 671 τὴν
458 637 531 670 τάξιν
547 636 731 675 Μελχισεδὲχ,
749 636 840 665 ἔπειτα

69 685 82 711 ὃ
105 682 183 720 νόμος
202 682 306 721 γέγονε,
328 683 372 711 καὶ
393 682 426 710 τὰ
454 682 523 711 κατὰ
545 682 586 711 τὸν
601 682 718 721 Ἀαρών·
734 681 840 714 εἰκότως

69 728 100 757 ἄν
126 740 165 761 τις
187 728 272 764 εἴποι,
296 728 342 756 ἅτε
366 728 428 757 ὄντα
452 727 601 767 τελειότερα
611 750 618 762 ,
644 731 727 756 ταῦτα
753 729 838 756 ἐκεῖνα

68 773 219 809 καταλύειν,
229 773 273 802 ἅτε
287 774 470 802 ἐπεισελθόντα
480 786 486 791 ·
501 775 523 802 εἴ
536 774 562 802 δὲ
574 777 587 802 ὁ
599 774 710 813 Χριστὸς
721 774 838 813 ὕστερος,

67 820 112 848 καὶ
126 820 213 859 ἕτερον
227 820 359 856 λαμὸάνει
371 820 452 848 τύπον
467 820 510 849 τὸν
527 822 574 854 τῆς
587 819 728 858 ἱερωσύνης
737 841 744 854 ,
761 820 839 854 δῆλον

67 865 108 894 ὅτι
135 867 170 899 ὡς
203 865 380 904 ἀτελεστέρων
406 866 487 894 ὄντων
514 866 628 894 ἐκείνων.
653 867 750 903 Θῶμεν
775 865 840 904 γὰρ,

69 911 150 949 φησὶ,
179 913 216 948 τῷ
241 911 311 951 λόγῳ
321 933 328 945 ,
356 911 442 940 πάντα
471 913 676 950 πεπληρῶσθαι,
691 911 736 939 καὶ
758 910 839 948 μηδὲν

70 958 161 990 ἀτελὲς
184 953 252 986 εἶναι
275 959 301 986 ἓν
327 960 360 996 τῇ
387 958 516 996 ἱερωσύνῃ
527 969 533 975 ·
559 957 585 985 τί
608 952 650 985 οὖν
671 956 737 991 ἔδει,
764 956 840 985 Κατὰ

69 1003 118 1039 τὴν
137 1002 209 1036 τάξιν
233 1004 417 1042 Μελχισεδὲχ,
435 1004 572 1042 λέγεσθαι,
588 1003 634 1031 καὶ
648 1004 693 1036 οὐ,
708 1001 778 1030 κατὰ
792 1001 839 1036 τὴν

70 1049 142 1083 τάξιν
157 1049 274 1087 Ἀαρών;
298 1049 365 1080 τίνος
378 1050 464 1077 ἕνεκεν
490 1048 564 1086 ἀφεὶς
583 1048 627 1076 τὸν
649 1047 758 1086 Ἀαρὼν,
781 1047 838 1075 ἑτέ-

72 1107 117 1135 ραν
137 1094 288 1132 εἰσήνεγκεν
310 1093 466 1132 ἱερωσύνην,
480 1094 528 1127 τὴν
545 1096 591 1122 τοῦ
611 1092 794 1131 Με).χισεδέχ;
808 1093 840 1121 Εἰ

71 1140 118 1178 μὲν
145 1135 189 1169 οὖν
214 1139 348 1172 τελείωσις
370 1139 414 1167 διὰ
438 1141 486 1173 τῆς
514 1140 655 1173 Λευιτικῆς
679 1138 838 1177 ἱερωσύνης,

69 1185 157 1224 φησὶν,
173 1181 205 1220 ἦν
215 1196 222 1203 ·
237 1189 248 1201 “
258 1185 391 1221 τουτέστι,
403 1187 450 1219 τῆς
464 1187 515 1213 τῶν
530 1184 706 1223 πραγμάτων,
724 1187 772 1219 τῆς
786 1187 838 1213 τῶν

70 1232 223 1269 δογμάτων,
245 1234 291 1260 τοῦ
318 1231 375 1269 βίου
399 1234 415 1266 ἡ
443 1230 576 1262 τελείωσις
599 1230 642 1259 διὰ
665 1233 713 1265 τῆς
733 1232 839 1259 Λευιτι-

69 1279 116 1312 :ut-Z<
130 1276 273 1317 ἱερωσύνης
296 1273 338 1312 ἦν.
354 1276 406 1306 Καὶ
429 1276 478 1316 ὅρα
492 1279 548 1308 πῶς
563 1277 614 1316 ὁδῷ
628 1276 775 1316 προὸαίνει.
795 1272 840 1305 Εἶ-

68 1335 116 1352 πεν
129 1323 170 1353 ὅτι
183 1323 252 1352 κατὰ
265 1322 314 1358 τὴν
326 1322 398 1355 τάξιν
414 1322 598 1362 Μελχισεδὲχ,
613 1321 714 1355 δεικνὺς
729 1323 769 1350 ὅτι
783 1323 840 1361 βελ-

68 1369 130 1398 τίων
142 1371 158 1404 ἡ
174 1369 243 1398 κατὰ
254 1368 301 1403 τὴν
314 1368 386 1402 τάξιν
396 1368 567 1408 Μελχισεδέχ
574 1381 580 1386 ·
592 1368 658 1397 πολὺ
667 1368 717 1407 γὰρ
730 1368 839 1407 βελτίων

68 1416 174 1447 ἐκεῖνος.
191 1414 291 1443 Λοιπὸν
307 1414 334 1443 δὲ
348 1414 393 1443 καὶ
415 1415 522 1444 ἀπὸτοῦ
534 1414 628 1454 χρόνου
647 1417 723 1444 τοῦτο
738 1415 841 1444 δείκνυ-

69 1473 126 1490 σιν·
143 1461 184 1489 ὅτι
203 1460 270 1498 μετὰ
283 1459 395 1498 Ἀαρὼν,
412 1461 531 1496 δηλονότι
547 1463 582 1494 ὡς
603 1461 727 1499 ἀμείνων.
744 1461 798 1490 Καὶ
813 1462 839 1490 τί

71 1506 192 1543 βούλεται
205 1506 234 1534 τὸ
248 1506 320 1540 ἑξῆς,
335 1506 368 1534 Ὁ
382 1506 444 1539 λαὸς
458 1506 524 1545 γὰρ,
539 1507 628 1545 φησὶν,
643 1508 684 1535 ἐπ’
707 1508 774 1546 αὐτῇ
798 1520 838 1536 νε-

70 1550 229 1588 νομοθέτητο
239 1563 247 1586 ;
259 1551 284 1580 τί
293 1553 374 1586 ἐστιν,
385 1551 446 1580 Ἐπ’
458 1553 523 1590 αὐτῇ
535 1564 542 1587 3
555 1554 625 1591 Αῧτῇ
637 1557 738 1592 στοιχεῖ
746 1576 753 1588 ,
764 1553 839 1592 φησὶ,

71 1598 103 1625 δι’
117 1599 198 1632 αῦτῆς
217 1597 321 1625 ἅπαντα
340 1597 466 1635 πράττει·
481 1599 527 1626 οὐκ
541 1598 610 1626 ἔστιν
623 1600 717 1632 εἰπεῖν,
731 1598 772 1627 ὅτι
787 1599 840 1627 ἑτέ-

72 1655 124 1683 ροις
138 1644 223 1678 ἐδόθη.
233 1643 268 1672 ‘O
281 1644 342 1676 λαὸς
354 1645 394 1672 ἐπ’
411 1644 478 1682 αὐτῇ
492 1643 678 1681 νενομοθέτητο
689 1656 694 1661 ·
707 1644 837 1681 τουτέστι,

107 1740 118 1757 b
139 1738 228 1771 [Fon.
240 1745 321 1773 προξν.
334 1738 463 1770 Saluius]

105 1785 115 1796 ²
135 1777 175 1811 [si
188 1783 254 1802 recte
267 1779 378 1810 capimus
390 1784 499 1802 mentem
512 1779 632 1808 auctoris,
646 1777 694 1811 leg.
709 1784 831 1808 τοντέττιν,

894 315 965 344 niam
983 325 1034 344 non
1053 322 1108 343 erat
1130 315 1276 343 secundum
1295 316 1417 345 ordinem
1437 318 1536 354 Aaron,
1553 327 1586 345 ex
1606 328 1638 346 eo

894 359 966 388 hunc
984 359 1095 398 quidem
1107 359 1210 395 statuit,
1225 360 1286 388 illus
1300 371 1363 389 vcro
1377 361 1458 400 ejicit.
1470 361 1528 390 Hoc
1545 368 1635 390 autem

894 405 956 434 facit
967 415 994 434 se
1007 411 1142 444 tamquam
1155 405 1188 434 dc
1202 406 1293 443 aliquo
1308 405 1477 435 dubitantem
1494 407 1635 442 inducens,

894 461 942 479 cur
953 461 1004 480 non
1013 450 1119 480 dicatur
1134 451 1281 480 secundum
1296 451 1417 481 ordinem
1433 454 1532 490 Aaron,
1544 454 1638 492 sicque

893 495 1009 525 dubium
1034 497 1181 526 solventem
1201 509 1207 524 ι
1225 497 1259 526 Et
1278 507 1337 535 ego,
1357 498 1457 536 inquit,
1480 498 1531 527 hac
1554 499 1588 527 de
1611 510 1639 528 re

894 542 1001 578 duhito,
1018 553 1065 571 cur
1085 554 1138 572 non
1156 544 1236 572 fuerit
1250 543 1397 572 secundum
1418 544 1540 573 ordinem
1555 546 1640 573 Aaro-

895 589 947 617 nis.
965 590 1022 618 Hoc
1042 589 1113 618 enim
1131 589 1263 628 significat
1280 589 1382 624 dicens,
1399 590 1429 619 Si
1450 597 1548 618 (cutem
1568 601 1638 619 con-

894 636 1049 663 summatio
1067 646 1119 674 per
1133 636 1327 664 sacerdotium
1342 637 1502 664 Leviticnm
1519 642 1591 665 erat.
1603 636 1637 664 Et

894 680 972 715 illud,
991 682 1068 719 Quid
1093 683 1190 710 adhuc
1211 685 1407 711 necessarium
1424 684 1496 721 fuit,
1513 693 1638 722 magnam

894 726 974 755 habet
990 727 1148 766 emphasim.
1160 728 1229 756 Nam
1242 727 1282 756 sin
1294 735 1354 756 ante
1362 735 1428 756 esset
1440 727 1550 766 quidem
1560 729 1639 758 Chri-

894 780 960 809 stus,
977 774 1051 812 quod
1065 774 1099 803 ad
1117 785 1223 803 carnem
1238 775 1341 811 attinet,
1356 774 1503 804 secundum
1517 775 1638 804 ordinem

894 820 1102 856 Melchisedech,
1112 820 1209 850 deinde
1222 821 1335 850 venisset
1345 822 1390 850 lex
1397 829 1423 850 et
1434 822 1563 851 Aaronica
1577 823 1623 861 :ju
1631 841 1641 845 -

894 877 922 895 re
936 867 989 895 diei
1007 875 1103 906 posset,
1116 867 1172 895 haec
1188 874 1324 905 tamquam
1341 869 1508 907 perfectiora,
1520 869 1566 897 illa
1585 869 1640 898 dis-

894 912 1014 947 solvere,
1033 920 1169 951 tamquam
1188 913 1353 951 insequentia
1373 926 1378 941 :
1397 914 1420 942 si
1441 921 1530 943 autem
1556 915 1640 944 Chri-

895 965 951 986 stus
968 965 1006 986 est
1020 959 1162 997 posterior,
1179 966 1203 986 et
1219 959 1302 987 alium
1321 960 1419 999 accipit
1435 967 1531 1000 typum
1553 972 1639 991 sacer-

895 1003 974 1039 dotii,
989 1011 1027 1032 est
1052 1004 1225 1043 perspicuum
1246 1005 1273 1032 id
1289 1006 1379 1040 fuisse,
1393 1007 1466 1044 quod
1488 1007 1535 1036 illa
1554 1015 1640 1037 essent

895 1049 1101 1088 imperfectiora.
1121 1050 1255 1078 ponamus
1270 1051 1352 1085 enim,
1368 1052 1465 1089 inquit,
1480 1053 1555 1082 verbi
1576 1064 1638 1083 cau-

894 1105 934 1131 sa,
955 1094 1044 1122 omnia
1065 1094 1146 1123 fuisse
1163 1095 1284 1133 impleta,
1301 1103 1325 1124 et
1342 1097 1411 1124 nihil
1432 1108 1489 1126 esse
1511 1099 1640 1138 imperfe-

895 1147 968 1169 ctum
986 1140 1013 1168 iu
1037 1140 1185 1168 sacerdotio
1201 1152 1206 1167 :
1223 1141 1290 1178 quid
1305 1151 1367 1180 ergo
1387 1153 1455 1181 opus
1477 1151 1532 1172 erat
1550 1152 1578 1173 ut
1592 1145 1639 1174 di-

894 1193 1007 1221 ceretur,
1022 1186 1186 1215 Secundum
1205 1187 1335 1215 ordinem
1358 1189 1593 1227 Melchisedech,
1615 1199 1641 1220 et

893 1243 956 1267 non,
964 1232 1119 1261 Secundum
1129 1232 1251 1261 ordinem
1260 1233 1348 1262 Aaron
1359 1234 1372 1262 Ξ)
1382 1244 1430 1262 cur
1441 1234 1553 1264 dimisso
1560 1238 1642 1265 Aaro-

896 1290 928 1308 ne
939 1279 1052 1308 alterum
1067 1279 1176 1308 induxit
1192 1279 1380 1317 sacerdotium,
1392 1291 1488 1320 nempe
1496 1281 1642 1311 Melchise-

893 1325 982 1355 dech?
995 1326 1026 1355 Si
1035 1336 1101 1365 ergo
1111 1328 1326 1355 consummatio
1338 1333 1403 1355 erat
1413 1338 1467 1366 per
1478 1329 1641 1357 Leviticum

894 1374 1090 1402 sacerdotium
1101 1395 1111 1408 ‚
1132 1372 1239 1411 inquit:
1256 1373 1307 1402 hoc
1324 1380 1373 1410 est,
1390 1373 1413 1402 si
1433 1384 1524 1402 rerum
1546 1381 1571 1403 et
1590 1375 1643 1404 do-

893 1426 1013 1458 gmatum
1037 1418 1153 1456 vitaeque
1177 1418 1304 1458 perfectio
1329 1430 1378 1458 per
1406 1419 1559 1448 Leviticum
1586 1428 1642 1449 erat

893 1464 1080 1494 sacerdotium.
1094 1463 1168 1494 Vide
1181 1471 1271 1493 autem
1283 1465 1421 1503 quomodo
1436 1472 1507 1494 recta
1522 1465 1567 1495 via
1581 1477 1642 1505 pro-

893 1510 1039 1551 grediatur.
1056 1510 1149 1546 Dixit,
1163 1511 1237 1549 quod
1260 1510 1408 1540 secundum
1429 1511 1553 1540 ordinem
1569 1513 1642 1541 Mel-

893 1555 1044 1592 chisedech,
1057 1556 1198 1585 ostendens
1213 1557 1286 1595 quod
1298 1557 1331 1586 sit
1352 1557 1450 1586 melius
1462 1557 1642 1587 sacerdotium

892 1601 1040 1629 secundum
1061 1600 1184 1629 ordinem
1196 1600 1398 1630 Melchisedech
1421 1613 1427 1628 :
1450 1608 1489 1630 est
1510 1601 1580 1630 enim
1597 1602 1642 1631 ille

893 1645 978 1673 multo
998 1645 1102 1674 melior.
1123 1644 1255 1684 Deinceps
1278 1645 1330 1674 hoc
1354 1645 1434 1674 etiam
1463 1645 1579 1675 ostendit
1608 1657 1642 1675 ex

884 1743 955 1765 eim-1
965 1751 1017 1772 πμ,
1032 1746 1076 1765 τῶν
1086 1739 1227 1772 ἶσγ,ιιάτων.]

489 1888 665 1916 MUTIANO
687 1887 945 1916 SCHOLASTICO
967 1887 1217 1917 INTERPRETE.

76 1989 148 2018 tiam.
160 1988 240 2018 Unde
255 1989 325 2017 enim
341 1995 427 2028 posset
442 1988 586 2017 excludere
598 1989 788 2026 sacerdotium,
805 1990 931 2027 quoniam
947 1999 998 2017 non
1014 1988 1162 2017 seeundum
1177 1988 1298 2018 ordinem
1312 1991 1400 2018 Aaron
1412 1991 1463 2019 suit
1477 2004 1482 2019 :
1497 1991 1558 2020 inde
1570 1992 1642 2022 istud

75 2036 184 2075 quidem
200 2036 302 2075 statuit,
318 2036 379 2065 illos
393 2043 481 2065 autem
494 2036 625 2066 excludit.
641 2037 698 2066 lloc
713 2037 815 2077 ipsum,
833 2037 931 2075 inquit,
944 2037 1004 2065 dico
1015 2048 1021 2063 :
1032 2036 1088 2065 Cur
1104 2047 1157 2065 non
1172 2036 1317 2065 secundum
1330 2037 1463 2075 ordinem,
1479 2038 1578 2077 inquit,
1588 2042 1643 2069 Aa·

75 2094 124 2112 ron
138 2084 224 2113 factus
237 2085 296 2114 est?
308 2084 363 2113 Sed
374 2084 454 2113 etiam
469 2084 541 2124 quod
559 2084 641 2123 dixit,
659 2086 738 2124 Quid
751 2087 849 2114 adhuc
862 2087 1072 2121 necessarium,
1087 2085 1199 2113 multam
1213 2084 1292 2113 habet
1307 2086 1514 2125 expressionem.
1530 2087 1559 2117 Si
1572 2088 1642 2117 enim

77 2131 198 2160 Christus
211 2131 359 2161 secundum
375 2143 481 2161 carnem
500 2139 560 2161 ante
575 2140 641 2161 esset
657 2133 803 2162 secundum
819 2133 941 2162 ordinem
961 2132 1150 2167 Melchisedec,
1163 2131 1260 2161 deinde
1274 2132 1318 2161 lex
1330 2134 1397 2161 lacta
1412 2140 1489 2169 essct,
1502 2141 1527 2163 ct
1539 2145 1568 2164 ea
1584 2146 1643 2174 qum

77 2175 146 2206 circa
161 2178 248 2206 Aaron
261 2177 389 2218 disposita
403 2186 464 2207 sunt
479 2191 485 2207 :
497 2179 592 2208 merito
606 2179 666 2218 quis
681 2179 805 2217 dixisset,
819 2180 890 2216 Quia
903 2179 960 2208 istis
974 2178 1096 2219 perfectis
1109 2178 1156 2207 illa
1170 2178 1255 2207 soluta
1271 2185 1344 2216 sunt,
1356 2186 1424 2208 etex
1435 2179 1492 2208 istis
1507 2180 1644 2219 ingressis,

76 2223 123 2252 illa
137 2222 314 2253 discesserunt
330 2226 368 2254 :si
381 2236 444 2254 vero
456 2226 579 2256 Christus
595 2234 685 2266 postea
698 2227 780 2264 venit,
795 2227 874 2256 ctiam
895 2226 1073 2256 sacerdotium
1084 2226 1165 2254 aliam
1185 2226 1320 2265 suscipere
1342 2226 1455 2255 sormam
1473 2227 1643 2257 manifestum

77 2277 127 2309 cst,
139 2278 230 2311 utpote
242 2272 297 2301 illis
316 2273 457 2312 praeteritis
474 2273 636 2314 imperfectis
652 2275 828 2303 exstantibus.
842 2276 977 2303 ponamus
994 2281 1082 2302 autem
1093 2273 1209 2311 ,in‹1uit‚
1224 2274 1311 2302 omnia
1325 2274 1440 2313 perfecta
1455 2285 1522 2309 esse,
1534 2282 1558 2304 et
1574 2275 1644 2304 nihil

77 2319 263 2359 imperfectum
275 2320 432 2350 remansisse
446 2321 472 2350 in
487 2322 635 2351 sacerdotio
651 2323 778 2361 antiquo:
791 2322 859 2362 quid
874 2333 936 2362 ergo
948 2333 1016 2362 opus
1031 2329 1087 2350 erat
1102 2321 1250 2350 secundum
1267 2321 1389 2350 ordinem
1404 2321 1583 2351 Melchisedec
1596 2322 1643 2352 di-

76 2366 113 2404 ci,
126 2374 152 2396 et
165 2378 218 2396 non
232 2368 342 2397 Aaron?
358 2379 407 2408 pro
419 2380 472 2408 qua
487 2380 515 2399 re
526 2370 587 2407 hoc,
603 2378 631 2399 ut
648 2371 741 2400 relicto
753 2374 852 2407 Aaron,
868 2371 944 2400 aliud
965 2371 1145 2400 introduceret
1160 2369 1350 2407 sacerdotium,
1367 2369 1418 2398 hoc
1435 2377 1484 2406 est,
1499 2370 1645 2400 Melchise-

77 2412 136 2449 dec,
157 2413 179 2443 si
193 2415 398 2451 consummatio,
411 2415 461 2445 hoc
475 2424 514 2446 est
526 2427 638 2456 regnum
652 2419 697 2456 [f.
711 2419 829 2457 rerum],
838 2417 1007 2457 dogmatum,
1021 2417 1082 2446 vitae
1097 2416 1223 2457 perfectio
1235 2427 1282 2456 per
1298 2416 1451 2446 Leviticum
1464 2417 1645 2447 sacerdotium

77 2460 153 2489 erat?
167 2460 202 2490 Et
215 2461 321 2491 attende
335 2462 469 2501 quomodo
484 2470 554 2493 recta
571 2464 614 2493 via
635 2465 802 2504 provehitur.
817 2466 963 2504 Postquam
980 2465 1062 2501 dixit,
1081 2466 1158 2503 Qm'n
1172 2464 1332 2493 secundum
1342 2464 1476 2493 ordinem
1488 2465 1645 2494 Melchise-

78 2509 149 2542 ἀοι-,-
162 2508 301 2538 ostendens
316 2510 378 2549 quia
393 2511 489 2540 melius
509 2511 689 2541 sacerdotium
703 2513 850 2543 secundum
865 2514 987 2543 ordinem
1009 2512 1202 2549 Melchisedec,
1220 2511 1336 2540 multum
1359 2512 1460 2552 quippe
1473 2512 1570 2541 melius
1585 2520 1622 2541 est
1640 2525 1645 2540 :

78 2554 176 2585 deinde
188 2567 222 2585 ex
242 2564 360 2597 tempore
377 2558 427 2588 hoc
443 2559 626 2597 demonstrat,
639 2561 700 2599 quia
717 2568 775 2600 post
791 2563 878 2591 Aaron
893 2562 961 2600 fuit,
979 2561 1049 2590 unde
1071 2567 1172 2589 certum
1188 2567 1241 2595 est,
1255 2559 1316 2598 quia
1332 2560 1383 2588 fuit
1395 2559 1500 2589 melior.
1511 2559 1585 2596 Quid
1596 2559 1648 2588 sihi
