1906 2846
91 241 132 261 Lm
142 257 145 260 .
157 241 178 262 5.
193 242 215 263 8,

84 697 143 718 lmt
155 706 175 719 ι.
188 705 213 718 ιο

105 933 137 953 Ex
147 934 218 954 Sorm.

80 965 101 983 in
129 965 220 984 <thirem

81 999 102 1014 et
114 994 179 1016 [aza-

78 1033 136 1046 rum.

72 2359 209 2381 ἰαί-1035.

249 163 319 197 056
595 174 623 196 ε.

248 236 302 263 lure
314 235 394 271 vidit,
409 235 550 273 procubuit
563 241 623 262 autc
634 234 779 263 Dominum
793 233 895 271 dicens,
907 235 985 263 Abs-

250 282 320 309 cede
331 292 350 308 (ι
366 291 409 308 me
421 303 427 315 ,
446 281 584 314 Domine,
601 283 671 318 quia
687 282 736 308 vir
747 287 885 318 peccator
898 291 961 309 sum
973 293 981 308 ,-

243 327 306 355 nori
321 326 429 354 demum
445 326 555 363 quinam
574 326 618 353 sis.
639 326 794 363 Numquam
808 332 908 354 tantam
924 326 983 355 vidi

242 372 356 411 piscium
372 378 520 410 capturam.
538 371 631 399 Solent
647 371 716 399 enim
727 393 734 406 ,
750 371 882 406 Domine,
898 372 983 411 pisces

241 419 310 445 intra
328 427 453 455 sagenam
475 416 600 453 iucludi3
624 417 788 446 contrarium
810 428 880 446 nunc
903 418 982 448 video

240 470 374 502 patratum
388 463 557 499 miraculum,
572 463 636 492 foris
650 464 734 502 pisces
745 474 871 502 sagenam
882 471 980 493 tenent.

239 509 365 548 Reprime
381 509 490 537 demum
505 509 628 538 divinum
644 509 802 538 mandatum
820 517 896 538 tuum
915 522 921 537 ε
938 521 982 539 re-

238 556 328 594 linque
347 563 440 594 stagno
459 555 553 584 saltem
569 556 653 595 pisces
671 555 740 584 duos
754 555 788 584 ad
803 557 979 595 propagatio-

238 612 308 630 nem.
328 603 464 630 Abscede
477 613 496 630 a
507 613 562 638 me,
582 603 709 630 Domine
724 614 734 630 .-
749 612 801 630 non
817 609 842 630 te
856 602 978 641 depello,

237 647 283 675 sed
297 647 430 686 meipsum
442 648 570 676 miserum
584 647 700 687 praedico
719 659 724 675 :
741 648 877 676 Abscede
889 659 907 677 a
922 660 976 683 me,

237 696 308 732 quia
328 696 377 722 ‘vir
391 701 528 732 peccator
547 705 623 722 sum.
646 694 722 729 Quid
741 704 804 732 ergo
818 695 895 723 Jesus
907 695 920 722 ἶ)
935 696 979 723 Ne

237 743 354 775 timeas,
377 741 470 777 Petre‚
488 742 597 769 abhinc
620 741 751 768 homines
769 742 826 769 eris
850 743 977 780 capiens.

235 789 259 815 0
272 787 380 815 Domini
399 787 525 816 virtutem
540 786 547 816 I
564 797 579 814 ο
602 786 672 814 Petri
687 785 858 825 prudentiam
870 785 876 814 l
889 786 977 815 solum

234 833 354 869 audivit,
372 839 396 861 ct
412 833 503 861 statim
518 832 648 861 obedivit.
664 833 724 861 Non
741 832 825 871 pisces
839 832 974 870 vendidit,

234 889 285 907 non
301 879 381 908 uxori
396 879 542 916 commisi15
561 878 608 907 sed
624 878 748 908 navicula
767 878 794 906 in
808 885 906 907 terram
922 879 975 908 du-

234 932 285 962 cta,
299 925 398 954 relictis
413 925 538 954 omnibus
552 932 680 963 sequutus
691 931 729 953 est
744 935 814 953 eum.
827 924 891 953 Ideo
905 936 974 963 quo-

234 983 286 1010 que
303 973 450 1006 Lazarum,
462 972 508 1010 qui
526 972 554 1000 iu
571 972 632 1000 sinu
648 971 762 1000 Abrahae
775 977 831 999 erat
842 993 849 1007 ‚
866 971 977 1000 videbat

233 1018 320 1053 dives,
336 1026 366 1047 ut
379 1019 448 1047 sicut
460 1018 501 1047 illi
518 1019 669 1057 graviorem
684 1017 712 1046 id
728 1017 860 1046 efficiebat
871 1018 975 1046 crucia-

233 1072 300 1099 tum,
312 1065 382 1103 quod
398 1065 425 1094 in
439 1065 508 1093 atrio
522 1064 616 1093 divitis
629 1063 742 1098 sederet,
758 1070 783 1091 et
794 1063 881 1092 aliena
895 1064 975 1093 vide-

231 1118 272 1140 ret
291 1111 360 1140 bona
382 1123 387 1139 :
410 1111 446 1140 ita
467 1118 491 1139 et
511 1110 592 1139 diviti
609 1109 635 1138 id
653 1110 762 1148 gravius
782 1109 841 1148 ipsa
856 1109 975 1147 gehenna

232 1157 302 1195 parit
315 1157 489 1196 supplicium,
505 1155 577 1194 quod
592 1155 685 1184 Lazari
696 1155 861 1194 voluptatem
874 1155 976 1192 videat;

232 1211 260 1231 ut
275 1214 327 1231 non
338 1204 424 1231 solum
434 1213 468 1231 ex
482 1202 653 1231 cruciatuum
666 1208 771 1236 natura,
789 1200 835 1229 sed
846 1201 925 1229 etiam
941 1212 975 1230 ex

230 1249 430 1289 comparatione
440 1249 549 1276 honoris
565 1247 639 1276 illius
656 1246 860 1275 intolerabiliori
872 1247 975 1286 suppli-

230 1296 271 1324 cio
295 1297 464 1335 plecteretur.
488 1294 523 1322 Et
548 1294 618 1322 sicut
640 1304 674 1321 ex
694 1292 819 1332 paradiso
840 1292 973 1321 Adamum

229 1342 337 1379 ejiciens
349 1342 433 1376 Deus,
447 1351 460 1368 e
475 1341 583 1379 regione
598 1339 715 1378 paradisi
729 1339 807 1367 illum
823 1339 975 1371 collocavit,

230 1395 259 1416 ut
273 1388 398 1426 frequens
413 1394 535 1426 aspectus
550 1387 676 1414 affectum
691 1395 832 1420 renovans,
846 1387 974 1423 majorem

229 1434 390 1462 amissorum
410 1433 541 1462 bonorum
557 1438 661 1471 pareret
682 1442 788 1459 sensum
808 1443 813 1457 x
836 1431 872 1459 ita
893 1431 973 1459 etiam

230 1480 302 1508 hunc
318 1491 351 1508 ex
369 1479 481 1508 adverso
499 1479 591 1507 Lazari
606 1477 762 1512 constituit,
780 1483 809 1504 ut
831 1487 973 1514 cognosce-

229 1533 268 1554 ret
281 1526 378 1564 quibus
396 1525 473 1554 bouis
488 1525 605 1563 seipsum
616 1523 758 1562 privasset.
776 1523 810 1550 Et
823 1533 905 1560 quare
921 1533 973 1552 non

229 1572 265 1601 ad
283 1573 431 1607 Lazarum,
455 1571 500 1600 sed
520 1570 554 1598 ad
577 1570 762 1598 Abrahamum
783 1568 860 1597 dives
882 1579 972 1607 preces

229 1618 298 1646 fudit
311 1619 324 1646 ἶ)
347 1618 470 1646 Pudebat
494 1626 587 1654 nempe
603 1615 681 1643 illum
697 1621 721 1642 et
736 1614 929 1650 erubescebat,
947 1623 972 1644 et

229 1671 259 1692 ut
273 1664 318 1692 ille
331 1664 402 1692 affici
419 1663 530 1698 solebat,
543 1662 579 1690 ita
595 1661 674 1689 illum
690 1660 824 1689 aestimans
834 1682 841 1695 ‚
860 1663 972 1700 putabat

228 1710 305 1737 illum
319 1720 374 1738 esse
384 1709 492 1738 omnino
506 1708 609 1747 injuriae
624 1717 778 1736 memorem.
791 1707 820 1736 Si
831 1708 902 1736 euim
913 1719 971 1747 ego,

229 1756 383 1794 inquiebat,
398 1756 443 1794 qui
460 1761 532 1783 tanta
547 1754 657 1782 fruebar
671 1764 762 1782 rerum
777 1754 853 1792 copia
867 1776 874 1791 ‚
897 1754 971 1782 nulla

228 1804 338 1831 affectus
352 1802 450 1841 injuria
460 1824 468 1839 ,
484 1800 666 1840 despiciebam
681 1799 818 1827 hominem
842 1806 879 1828 tot
893 1800 971 1828 malis

227 1848 370 1882 obrutum,
391 1858 438 1876 nec
460 1847 545 1875 micas
565 1846 615 1885 ipsi
636 1845 824 1884 impertiebam
842 1857 847 1872 ε
871 1853 971 1883 quanto

228 1894 314 1930 magis
329 1893 374 1922 ille
389 1893 424 1922 ita
437 1899 596 1927 contemtus,
609 1903 623 1920 a
634 1892 718 1931 gratia
730 1892 798 1920 mihi
811 1893 969 1921 conferenda

227 1940 329 1967 alienus
348 1940 399 1968 erit
411 1939 424 1968 Ρ
438 1939 473 1968 Et
493 1938 678 1967 Abrahamum
694 1939 815 1975 vocavit,
827 1949 905 1976 quem
925 1939 970 1967 illa

227 1986 352 2024 ignorare
363 1986 485 2025 putabat,
500 1985 605 2013 nescius
619 1983 691 2022 quod
703 1984 854 2023 patriarcha
867 1995 896 2013 ea
912 1995 970 2023 quae

226 2032 332 2060 dicebat
347 2042 398 2061 non
411 2043 444 2060 ex
459 2042 486 2060 se
496 2031 636 2070 proferret,
652 2029 698 2058 scd
715 2030 785 2068 leges
796 2030 848 2069 ipsi
862 2030 969 2060 divinas

226 2078 333 2116 legeret.
354 2079 389 2107 Et
403 2077 520 2116 digitum
535 2076 686 2114 requirebat
707 2076 797 2112 illum,
817 2087 897 2114 quem
911 2077 967 2105 lin-

226 2125 288 2162 guis
314 2135 412 2153 canum
431 2124 584 2161 frequenter
606 2121 687 2160 objici
712 2132 806 2160 passus
826 2129 891 2151 crat.
915 2123 967 2152 Sed

226 2170 291 2198 vide
309 2170 456 2199 Abrahami
471 2169 664 2207 benignitatem
684 2181 690 2194 z
707 2178 759 2196 non
776 2168 864 2204 dixit,
878 2169 967 2198 Inhu—

653 174 793 197 JOANMS
820 174 1001 197 CHRYSOST.
1015 184 1019 187 ·
1033 175 1190 199 ARCHlEP·
1219 177 1488 201 CONSTANTffiOt‘.

1042 236 1204 275 ἀνεχόμενοι.
1220 237 1256 266 Τί
1270 233 1314 266 οὖν
1328 241 1341 267 6
1359 238 1466 275 Σίμωνς
1482 238 1516 268 ‘O
1532 239 1589 267 δυσὶ
1604 240 1742 278 πράγμασι
1758 251 1809 269 πε·-

1043 282 1169 320 ριπεσὼν,
1191 286 1204 312 ὁ
1227 284 1275 318 τὴν
1289 283 1370 312 νύκτα
1384 285 1527 319 κοπιάσας,
1549 285 1593 312 καὶ
1609 286 1688 322 μηδὲν
1703 286 1811 321 πιάσας,

1040 328 1084 356 καὶ
1105 330 1138 366 τῇ
1153 329 1240 368 ἡμέρα
1261 329 1304 358 ἐπὶ
1319 331 1357 368 τῷ
1377 329 1477 368 ῥήματι
1492 333 1536 359 τοῦ
1553 330 1641 365 Ἰησοῧ
1654 331 1742 360 πάντα
1759 335 1809 366 θη-

1041 374 1141 413 ρεύσας,
1160 377 1195 408 ὡς
1211 371 1260 404 εἶδε
1278 378 1376 411 ταῦτα,
1396 376 1543 414 προσέπεσε
1558 379 1595 415 τῷ
1610 376 1699 416 Κυρίῳ
1713 376 1811 415 λέγων,

1038 421 1147 454 Ἔξελθε
1169 423 1215 450 ἀπ’
1230 423 1305 460 ἐμοῦ,
1321 422 1401 460 Κύριε
1411 444 1418 457 ,
1435 421 1475 450 ὅτι
1490 422 1556 460 ἀνὴρ
1571 422 1727 460 ἁμαρτωλός
1742 424 1811 460 εἰμι·

1038 466 1118 505 ἔγνων
1133 467 1223 496 λοιπὸν
1239 467 1310 500 ὅστις
1325 463 1358 496 εἰ,
1381 469 1439 496 Οὐκ
1457 463 1524 496 εἶδον
1539 469 1635 507 ἰχθύων
1650 469 1733 507 ἄγραν
1748 469 1812 498 ποτὲ

1038 513 1168 548 τοιαύτην.
1180 514 1260 546 Ἐθος
1269 514 1330 553 γὰρ,
1345 513 1479 549 Δέσποτα,
1494 513 1551 546 τοὺς
1565 514 1655 553 ἰχθύας
1667 517 1714 549 τῆς
1729 515 1811 554 σαγή-

1000 564 1017 586 t:
1037 572 1082 594 νης
1103 559 1173 588 ἔνδον
1194 559 1392 589 ἀποκλείεσθαι·
1412 560 1559 588 τούναντίον
1574 560 1601 589 δὲ
1624 560 1714 598 βλέπω
1735 561 1811 598 γενό-

1038 616 1114 642 μενον
1130 608 1219 644 θαῦμα
1229 618 1234 623 ·
1250 605 1340 638 ἔξωθεν
1362 606 1386 633 οἱ
1403 605 1490 644 ἰχθύες
1505 605 1553 641 τὴν
1569 606 1687 644 σαγήνην
1703 610 1811 644 κρατοῦ-

1038 663 1086 681 σιν.
1098 650 1200 690 Ἔπεχε
1220 651 1311 680 λοιπὸν
1322 652 1353 680 τὸ
1371 652 1455 680 Οεϊκόν
1471 663 1516 680 σου
1534 652 1565 679 τὸ
1579 652 1748 690 πρόσταγμα,
1761 663 1808 680 κα·

1035 699 1130 726 τάλιπε
1145 700 1177 736 τῇ
1189 697 1269 736 λίμνῃ
1288 697 1335 726 κᾶν
1353 697 1398 726 δύο
1412 698 1476 737 πρὸς
1492 697 1569 735 γονὴν
1586 697 1685 736 ἰχθύας.
1701 697 1810 731 Ἔξελθε

1036 745 1082 772 ἀπ’
1095 745 1169 781 ἐμοῦ,
1187 745 1323 773 Δέσποτα·
1338 746 1366 772 οὔ
1383 744 1412 773 σὲ
1430 746 1598 782 ἀπωθοῦμαι,
1615 745 1672 772 ἀλλ’
1695 744 1808 782 ἐμαυτὸν

1035 790 1165 823 ταλανίζω
1178 802 1184 808 ·
1204 789 1313 822 Ἔξελθε
1339 792 1384 819 ἀπ’
1408 791 1482 827 ἐμοῦ,
1508 790 1547 818 ὅτι
1572 789 1638 830 ἀνὴρ
1653 790 1809 829 ἁμαρτωλός

1034 838 1098 873 εἰμι.
1111 837 1147 865 Τί
1157 831 1200 865 οἶν
1211 838 1223 864 ὁ
1236 836 1353 872 Ἰησοῦς
1367 837 1414 871 Μὴ
1431 836 1522 876 φοὸοῧ,
1533 836 1628 876 Πέτρε·
1645 837 1697 865 ἀπὸ
1708 840 1753 866 τοῦ
1765 840 1809 866 νῦν

1033 881 1183 920 ἀνθρώπους
1194 882 1239 921 ἔσῃ
1254 883 1368 921 ζωγρῶν.
1384 881 1420 910 Ὢ
1430 884 1477 916 τῆς
1490 885 1535 910 τοῦ
1550 882 1648 921 Κυρίου
1659 881 1792 920 δυνάμεως
1801 895 1808 902 ·

1032 927 1053 955 ὦ
1068 930 1114 962 τῆς
1133 932 1178 956 τοῦ
1194 929 1298 966 Πέτρου
1313 928 1439 960 συνέσεως
1451 939 1457 945 ·
1474 927 1551 965 μόνον
1566 928 1675 963 ἤκουσε,
1694 928 1740 956 καὶ
1759 929 1808 956 εὐ-

1032 973 1095 1006 θέως
1117 974 1275 1008 ὑπήκουσεν.
1296 975 1336 1002 Οὐ
1361 972 1420 1006 τοὺς
1440 973 1529 1012 ἰχθύας
1550 973 1701 1009 ἐπώλησεν,
1728 975 1756 1002 οὖ
1772 976 1805 1011 τῇ

1031 1018 1135 1056 γυναικὶ
1155 1019 1320 1055 συνετάξατο,
1336 1019 1403 1047 ἀλλὰ
1430 1018 1588 1057 καταγαγὼν
1604 1019 1634 1047 τὸ
1651 1020 1742 1047 πλοῖον
1761 1019 1806 1048 ἐπὶ

1031 1061 1078 1098 τὴν
1093 1067 1151 1102 γῆν,
1165 1064 1238 1103 ἀφεὶς
1253 1065 1356 1092 ἅπαντα
1376 1064 1552 1099 ἠκολούθησεν
1569 1064 1647 1103 αὐτῷ.
1663 1064 1715 1092 Διὰ
1730 1066 1806 1093 τοῦτο

993 1116 1012 1139 D
1031 1110 1057 1138 δὲ
1072 1111 1170 1139 καὶτὸν
1183 1111 1304 1150 Λάζαρον
1318 1111 1343 1139 ἓν
1359 1115 1412 1143 τοῖς
1432 1111 1538 1143 κόλποις
1550 1111 1612 1139 ὄντα
1627 1113 1671 1138 τοῦ
1686 1109 1807 1149 Ἀὸραὰμ

1031 1155 1099 1195 ἑώρα
1126 1158 1140 1184 ὁ
1164 1156 1306 1191 πλούσιος,
1322 1156 1364 1184 ἵνα
1386 1156 1476 1195 ὥσπερ
1501 1156 1591 1195 ἐκείνῳ
1615 1155 1805 1195 χαλεπωτέραν

1029 1204 1142 1230 ἐποιεῖτο
1156 1202 1202 1237 τὴν
1222 1202 1334 1240 βάσανον
1353 1202 1381 1230 τὸ
1403 1204 1428 1230 ἐν
1445 1204 1483 1240 τῷ
1501 1203 1601 1230 πυλῶνι
1619 1204 1664 1229 τοῦ
1680 1201 1805 1231 πλουσίου

1030 1251 1140 1283 κεῖσθαι,
1154 1248 1198 1276 καὶ
1223 1251 1285 1286 ὁρᾷν
1305 1248 1337 1275 τὰ
1364 1248 1490 1285 ἀλλότρια
1506 1247 1603 1286 ἀγαθὰ,
1625 1246 1692 1276 οὕτω
1714 1247 1745 1283 δὴ
1760 1248 1806 1276 καὶ

1029 1294 1112 1333 τούτῳ
1127 1293 1314 1332 χαλεπωτέραν
1331 1295 1440 1326 ποιῆται
1465 1296 1508 1321 νῦν
1529 1293 1577 1328 τὴν
1602 1293 1732 1333 τιμωρίαν
1759 1297 1805 1322 τοῦ

1030 1341 1055 1367 ἐν
1071 1343 1102 1375 τῇ
1119 1340 1208 1378 γεέννῃ
1224 1342 1327 1368 κεῖσθαι
1340 1340 1370 1368 τὸ
1384 1342 1446 1378 ὁρᾷν
1463 1342 1508 1368 τοῦ
1528 1340 1651 1378 Λαζάρου
1671 1339 1719 1375 τὴν
1739 1352 1806 1380 τρυ-
1827 1354 1830 1355 ’

1029 1386 1079 1423 <priv
1090 1397 1095 1402 ·
1116 1387 1158 1413 ἵνα
1175 1385 1211 1422 μὴ
1225 1387 1257 1423 τῇ
1274 1384 1348 1424 φύσει
1365 1386 1417 1413 τῶν
1432 1385 1554 1423 βασάνων
1570 1385 1658 1423 μόνον,
1674 1385 1742 1414 ἀλλὰ
1759 1386 1804 1415 καὶ

1028 1433 1061 1469 τῇ
1085 1431 1229 1470 παραθέσει
1254 1434 1301 1465 τῆς
1316 1430 1414 1460 ἐκείνου
1436 1433 1525 1468 τιμῆς,
1541 1430 1737 1471 ἇφορητοτέραν
1755 1432 1804 1471 ἔχῃ

1029 1478 1076 1511 τὴν
1100 1478 1218 1506 κόλασιν.
1241 1476 1295 1506 Καὶ
1309 1476 1428 1515 καθάπερ
1451 1477 1495 1505 τὸν
1520 1476 1603 1514 Ἀδὰμ
1617 1477 1736 1506 ε’κῧαλὼν
1760 1481 1806 1507 τοῦ

1028 1522 1199 1561 παραδείσου,
1220 1522 1358 1551 κατέναντι
1372 1525 1417 1551 τοῦ
1442 1523 1602 1560 παραδείσου
1623 1523 1769 1562 κατῴκισεν
1791 1526 1805 1553 6

1026 1570 1103 1604 Θεὸς,
1120 1568 1162 1597 ἵνα
1176 1572 1192 1604 ἢ
1209 1568 1320 1607 συνεχὴς
1339 1569 1397 1608 ὄψις
1415 1570 1559 1597 ἀνανεοῧσα
1579 1568 1609 1597 τὸ
1623 1569 1705 1602 πάθος
1726 1570 1803 1608 ἀκρι-

1027 1615 1149 1654 ὃέστερον
1166 1617 1237 1654 αὐτῷ
1255 1615 1382 1654 παράσχῃ
1395 1617 1442 1650 τῆς
1461 1615 1616 1647 ἐκπτώσεως
1631 1617 1683 1643 τῶν
1699 1617 1804 1654 ἀγαθῶν

992 1677 1009 1698 E
1027 1661 1074 1695 τὴν
1086 1661 1206 1696 αἴσθησιν
1217 1673 1222 1678 ·
1238 1660 1305 1689 οὕτω
1318 1660 1349 1695 δὴ
1365 1661 1410 1689 καὶ
1429 1663 1519 1690 τοῦτον
1535 1661 1674 1690 κατέναντι
1688 1663 1733 1690 τοῦ
1748 1663 1804 1690 Λα-

1028 1707 1105 1745 ζάρου
1117 1706 1273 1745 κατῴκισεν,
1285 1706 1328 1734 ἵνα
1347 1707 1402 1745 εἰδῇ
1420 1707 1497 1735 τίνων
1512 1708 1616 1745 ἀγαθῶν
1632 1707 1724 1736 ἑαυτὸν
1739 1708 1813 1736 ἄπε-’

1027 1754 1148 1791 στέρησε.
1161 1753 1213 1782 Καὶ
1226 1752 1292 1785 τίνος
1304 1753 1389 1781 ἕνεκεν
1412 1753 1470 1791 οὐχὶ
1484 1752 1549 1792 πρὸς
1562 1752 1605 1781 τὸν
1621 1753 1742 1791 Λάζαρον
1754 1752 1802 1788 τὴν

1027 1799 1138 1832 ἱκεσίαν,
1153 1799 1220 1827 ἀλλὰ
1236 1799 1300 1836 πρὸς
1312 1798 1355 1826 τὸν
1374 1798 1494 1837 Ἀῧραὰμ
1508 1801 1521 1826 ὁ
1532 1799 1657 1830 πλούσιος
1671 1799 1801 1834 ἐποιήσα-

1026 1857 1070 1879 το;
1084 1845 1219 1885 ’ῌσχύνθη
1230 1844 1275 1872 καὶ
1286 1844 1437 1883 ἠρυθρίασε,
1452 1844 1496 1872 καὶ
1516 1846 1545 1873 ἐκ
1563 1846 1614 1872 τῶν
1628 1847 1685 1873 καθ’
1710 1846 1800 1874 ἑαυτὸν

1025 1892 1189 1929 πραγμάτιον
1207 1891 1324 1928 ἐνόμισεν
1348 1890 1424 1919 αὐτὸν
1452 1890 1659 1928 μνησικακήσειν
1682 1891 1797 1927 πάντως.

1026 1937 1059 1965 Εἰ
1071 1936 1122 1975 γὰρ
1138 1936 1200 1975 ἐγὼ,
1217 1936 1289 1975 φησὶ,
1302 1936 1432 1970 τοσαύτης
1451 1935 1592 1964 ἀπολαύων
1611 1936 1741 1975 εὐπορίας,
1754 1937 1800 1966 καὶ

1025 1983 1097 2011 οὐδὲν
1109 1982 1277 2020 ἠδικημένος,
1290 1983 1316 2010 ἐν
1331 1981 1462 2014 τοσούτοις
1476 1982 1539 2011 ὄντα
1554 1986 1644 2014 κακοῖς
1659 1983 1798 2023 ὑπερεῖδον

1025 2029 1068 2057 τὸν
1085 2030 1221 2067 ἄνθρωπον
1234 2051 1241 2064 ,
1265 2029 1310 2057 καὶ
1328 2029 1387 2057 οὐδὲ
1411 2028 1507 2067 ψιχίων
1529 2028 1684 2066 μετέδωκα,
1708 2030 1798 2068 πολλῷ

1026 2077 1125 2112 μᾶλλον
1141 2076 1216 2107 αὐτὸς
1237 2078 1250 2104 6
1274 2075 1356 2107 οὕτως
1370 2074 1532 2113 ὑπεροφθεὶς,
1553 2076 1600 2103 οὖκ
1620 2075 1750 2104 ἐπινεύσει
1763 2078 1797 2115 τῇ

1024 2122 1123 2160 χάριτι.
1142 2122 1196 2150 Καὶ
1208 2122 1252 2150 τὸν
1263 2120 1383 2160 Ἀὲραὰμ
1405 2120 1538 2153 ἐκάλεσεν,
1552 2119 1579 2148 ὃν
1592 2120 1708 2157 ἐνόμιζεν
1718 2123 1796 2158 ἀγνο-

1025 2172 1062 2195 εῖν
1083 2167 1115 2195 τὰ
1136 2167 1308 2205 γεγενημένα,
1322 2167 1368 2195 οὐκ
1390 2166 1474 2201 εἰδὼς,
1489 2167 1524 2198 ὡς
1537 2167 1583 2194 οὐκ
1597 2165 1695 2194 οἴκοθεν
1708 2166 1796 2205 ἔλεγεν

226 2227 312 2253 mane,
326 2216 454 2252 crudelis,
469 2215 586 2249 sceleste,
602 2225 663 2242 cnm
678 2214 705 2242 in
721 2214 801 2242 tantis
817 2215 896 2243 matis
907 2215 970 2243 reli·
990 2221 1006 2241 Α
1024 2216 1037 2242 6
1053 2213 1229 2252 πατριάρχης,
1252 2213 1320 2251 ἅπερ
1334 2212 1419 2251 ἔλεγεν
1429 2235 1437 2246 ,
1453 2212 1522 2240 ἀλλὰ
1536 2211 1618 2244 θείους
1637 2212 1796 2250 ἀνεγίνωσκε

226 2263 315 2301 queris
329 2263 476 2298 hominem,
491 2260 685 2289 humanitatem
696 2270 766 2289 nunc
778 2267 803 2288 et
817 2261 969 2289 misericor-

225 2309 298 2337 diam
311 2316 335 2337 et
346 2308 452 2337 veniam
464 2306 618 2335 memoras?
630 2316 681 2334 non
694 2313 719 2334 te
728 2306 828 2345 pudet,
843 2317 894 2335 non
907 2318 968 2335 cru-

228 2354 332 2383 hescis9
358 2354 434 2383 Nihil
448 2354 546 2381 horum
560 2352 632 2380 dixit
645 2375 652 2389 ,
668 2352 715 2380 sed
730 2352 818 2390 quid?
835 2353 906 2387 Fili,
921 2364 966 2382 re—

225 2403 326 2438 cepisti
358 2403 431 2429 bona
456 2407 515 2428 tua.
543 2399 668 2426 Animam
698 2399 767 2426 enim
794 2398 964 2429 humiliatam

226 2458 257 2474 ne
279 2447 396 2485 amplius
417 2445 570 2481 conturbes,
598 2445 684 2482 inquit
707 2457 712 2471 z
737 2445 837 2473 sufficit
856 2445 896 2473 illi
913 2447 964 2475 hoc

224 2493 387 2532 supplicium
411 2516 418 2529 ,
442 2503 474 2523 nc
496 2492 654 2521 insultemus
676 2492 732 2529 ejus
756 2491 961 2521 calamitatibus.

257 2590 266 2600 ⁸
287 2590 293 2620 [
311 2590 469 2614 l⁷ort.;²r.-:i-.cu
487 2589 492 2619 Ι

1023 2260 1114 2297 νόμους
1129 2261 1199 2297 αὐτῷ
1209 2271 1215 2276 ·
1230 2259 1328 2287 καὶτὸν
1342 2258 1468 2287 δάκτυλον
1482 2257 1640 2292 ἐπεζήτησεν
1659 2258 1673 2272 *
1687 2259 1795 2295 ἐκεῖνον,

1022 2306 1048 2334 ὃν
1061 2311 1117 2338 ταῖς
1129 2304 1260 2344 γλώσσαις
1277 2307 1327 2333 τῶν
1349 2306 1433 2332 κυνῶν
1453 2305 1538 2343 ἀερῆκε
1550 2305 1709 2342 προδοθῆναι
1724 2306 1794 2333 πολ-

1021 2352 1104 2384 λάκις.
1131 2351 1201 2379 Ἀλλ’
1222 2350 1270 2389 ὅρα
1298 2349 1482 2389 φιλοστοργίαν
1498 2349 1615 2377 δικαίου·
1639 2351 1685 2378 οὐκ
1707 2345 1791 2385 εἶπεν,

1021 2398 1180 2435 ἀπάνθρωπε
1196 2397 1241 2425 καὶ
1261 2396 1318 2434 ὠμὲ
1334 2395 1377 2424 καὶ
1400 2394 1568 2433 παμπόνηρε,
1583 2398 1697 2423 τοσαῦτα
1721 2395 1791 2424 κακὰ

1020 2443 1114 2474 διαθεὶς
1134 2443 1177 2470 τὸν
1199 2443 1352 2481 ἄνθρωπον,
1373 2440 1568 2480 φιλανθρωπίας
1588 2440 1722 2478 μέμνησαι
1746 2444 1790 2470 νῦν

1019 2494 1062 2521 καὶ
1079 2493 1163 2525 ἐλέους
1185 2493 1229 2521 καὶ
1251 2492 1420 2531 συγγνώμης
1436 2493 1481 2521 οὐκ
1498 2490 1618 2530 αἰσχύνῃ,
1645 2491 1702 2520 οὐδὲ
1727 2493 1788 2531 ἐρυ-
