1886 2846
390 164 423 187 ΙΝ
450 164 560 186 Etus'r.
592 164 634 186 ‚tu
662 164 831 186 ussssnros.
857 164 933 186 cuv.
964 165 998 186 x.
1028 164 1145 186 uomit.
1176 163 1259 186 xvu.
1569 152 1636 196 233

68 229 128 257 ἔνθα
151 226 282 264 σωμάτων
307 225 377 254 ἐστὶν
407 225 534 261 ἄσκησις,
557 225 640 260 πολλὴ
664 225 839 265 προαιρέσεως
858 235 874 256 n
895 225 932 254 ris
947 232 971 254 et
984 225 1111 264 corporis.
1121 225 1149 254 Si
1162 235 1235 263 ergo,
1253 224 1298 252 ubi
1313 231 1352 253 est
1365 224 1521 255 exercitatio
1538 235 1637 264 corpo-

68 273 184 307 ἒξέτασις
197 272 313 311 γίνεται,
327 271 401 310 πόσῳ
417 273 654 309 μᾶλλον’ἒνταῧοα,
668 274 728 300 ἔνθα
743 272 772 300 τὸ
785 277 839 301 πᾶν

68 319 141 359 ψυχὴ
163 319 245 347 ἀθλεῖ.
265 317 386 353 ‘'Ec-:ma
408 317 493 346 τοίνυν
520 318 564 346 καὶ
587 322 630 347 ν’ὖν
654 320 668 346 ὂ
688 317 750 357 παρ’
776 320 839 356 ἡμῖν

69 365 166 405 κήρυξ,
179 367 208 394 οὗ
227 367 274 399 τ’ἧς
288 365 404 403 κεφαλῆς
425 364 535 392 ἕκαστον
554 364 674 402 κιτέχων
689 364 733 392 καὶ
754 363 839 404 παρά-

69 423 136 450 γων,
152 410 220 438 ἀλλὰ
233 410 333 442 πάντας
346 412 412 448 ὁμοῦ
427 412 474 445 τῆς
486 411 602 449 κεφαλῆς
617 413 664 444 τῆς
675 410 746 439 ἔνδον
761 410 839 438 κατέ-

70 469 125 496 χων
137 469 143 474 ·
159 458 206 485 οὐκ
217 456 354 495 ἐφίστησιν
375 456 468 489 ἄλλους
483 458 570 488 αὐτοῖς
588 456 765 495 κατηγόρους,
780 456 838 484 ἀλλ’

71 502 164 535 αὐτοὺς
185 504 301 534 ἑαυτοῖς·
317 503 346 530 οὗ
369 502 419 541 γὰρ
440 502 525 540 λέγει,
542 502 578 539 μή
597 514 636 535 τις
651 502 741 530 τούτου
758 513 840 537 κατη-

71 553 160 588 γορεῖ,
175 549 243 578 ἀλλὰ
257 549 301 583 τί;
321 549 345 577 εἴ
358 561 397 581 τις
412 550 504 577 ἑαυτοῦ
521 553 671 587 κατηγορεῖ.
683 548 769 577 “Onu
789 548 840 587 γὰρ

76 595 157 634 εἴπῃ,
170 595 203 624 τὰ
222 595 283 633 ἅγια
298 599 351 628 τοῖς
371 595 467 633 ἁγίοις,
486 599 562 624 τοῦτο
587 595 674 633 λέγει·
690 595 714 624 εἴ
735 607 774 627 τις
796 595 841 623 οὐκ

74 641 146 670 ἔστιν
165 642 254 680 ἅγιος,
277 641 313 679 μὴ
327 641 453 681 προσίτω.
471 642 531 680 Οὐχ
548 642 637 673 ἁπλῶς
653 653 745 680 φησιν,
756 641 841 679 ἁμαρ-

70 687 199 725 τημάτων
221 687 346 727 καθαρὸς,
371 687 447 723 ἀλλ’,
463 687 549 726 ἅγιος·
565 688 608 716 τὸν
624 687 675 726 γὰρ
699 688 771 725 ἅγιον
793 688 842 726 οὐχ

71 736 88 768 ἡ
104 736 155 762 τῶν
178 735 379 773 ἁμαρτημάτων
405 734 546 772 ἀπαλλαγὴ
571 738 641 762 ποιεῖ
663 734 755 771 μόνον,
774 733 841 762 ἀλλὰ

79 779 125 808 καὶ
138 783 155 816 ἡ
170 783 215 808 τοῦ
230 780 385 818 Πνεύματος
405 779 551 818 παρουσία,
564 780 608 808 καὶ
625 781 638 807 ὁ
659 781 710 808 τῶν
736 781 839 817 ἀγαθῶν
869 800 874 807 ,

76 825 159 865 ἔργων
175 827 295 858 πλοῦτος.
313 827 353 855 Οὐ
369 825 497 864 βούλομαι
513 826 604 863 μόνον,
620 826 697 864 φησι,
714 825 839 865 βορὸόρου

72 872 244 911 ἀπηλλάχθαι
271 874 354 909 ὑμᾶς,
384 871 451 900 ἀλλὰ
477 872 522 900 καὶ
554 871 662 904 λευκοὺς
697 867 763 900 εἶναι
795 871 839 900 καὶ

70 917 192 956 ὡραίους.
214 919 246 946 Εἰ
260 917 311 957 γὰρ
334 920 347 947 ὃ
368 917 535 950 Βαέυλώνιος
562 917 696 955 βασιλεὺς,
718 917 770 946 ἀπὸ
792 919 838 951 τῆς

71 962 256 1001 αἰχμαλωσίας
278 963 448 1001 ἐκλεγόμενος
471 962 530 994 τοὺς
551 962 717 996 νεανίσκους,
744 961 838 994 καλοὺς

71 1010 109 1047 τῷ
121 1009 183 1037 εἴδει
203 1009 248 1037 καὶ
260 1009 370 1047 ὡραίους
381 1010 413 1046 τῇ
426 1009 483 1047 ὄψει
499 1007 630 1041 ἐξελέξατο
639 1020 645 1025 ·
663 1008 753 1046 πολλῷ
769 1008 838 1044 μᾶλ-

70 1056 116 1083 λον
136 1057 207 1092 ἡμᾶς
227 1054 437 1093 παρισταμένους
451 1056 483 1092 τῇ
498 1054 614 1092 τραπέζῃ
638 1055 670 1092 τῇ
693 1054 837 1091 βασιλικῇ,

71 1099 164 1132 καλοὺς
181 1101 218 1139 τῷ
236 1100 298 1128 εἴδει
315 1095 381 1128 εἶναι
394 1100 432 1128 δεῖ
445 1102 482 1138 τῷ
496 1101 543 1134 τῆς
556 1101 644 1138 ψυχῆς
653 1120 660 1132 ,
676 1100 719 1128 τὸν
740 1098 838 1137 κόσμον

71 1146 179 1185 ἔχοντας
198 1149 327 1185 χρυσοῦν,
352 1145 399 1181 τὴν
419 1145 515 1180 στολὴν
529 1146 661 1183 καθαρὰν,
684 1145 717 1174 τὰ
739 1145 838 1180 ὑποδή-

72 1204 144 1229 ματα
161 1191 301 1230 βασιλικὰ,
315 1191 346 1220 τὸ
358 1191 498 1231 πρόσωπον
522 1194 568 1226 τῆς
592 1193 679 1230 ψυχῆς
694 1191 838 1230 εὔμορφον,

70 1237 114 1266 τὸν
126 1236 224 1275 κόσμον
240 1238 307 1274 αὐτῇ
320 1234 484 1277 περικεῖσθαι
497 1237 542 1265 τὸν
555 1240 679 1275 χρυσοῦν,
693 1236 741 1271 τὴν
754 1236 837 1269 ζώνην

70 1284 117 1317 τῆς
139 1282 271 1317 ἀληθείας.
292 1282 326 1312 Ὁ
346 1286 460 1316 τοιοῦτος
481 1282 611 1321 προσίτω,
635 1282 680 1311 καὶ
705 1282 836 1320 ποτηρίων

70 1328 192 1358 ἁπτέσθω
214 1330 368 1367 βασιλικῶν.
384 1330 418 1358 Εἰ
437 1328 464 1357 δέ
486 1341 526 1361 τις
551 1329 630 1367 ῥάκια
644 1328 838 1367 ἠμφιεσμένος,

71 1377 175 1413 ῥυπῶν,
200 1376 308 1414 αὐχμῶν
337 1374 479 1404 ἐπεισιέναι
503 1378 536 1414 τῇ
565 1377 688 1413 βασιλικῇ
719 1375 838 1413 βούλοιτο

70 1421 200 1460 τραπέζῃ,
214 1421 262 1460 ὅραι
275 1421 325 1450 ὅσα
346 1421 479 1457 πείσεται,
498 1423 545 1450 οὐκ
560 1423 695 1461 ἀρχουσῶν
711 1424 762 1450 τῶν
775 1434 834 1450 τεσ-

70 1467 220 1506 σαράκοντα
233 1471 285 1506 ἦμε
291 1470 340 1508 ρῶν
361 1468 395 1497 τὰ
409 1470 434 1497 ἐν
460 1468 539 1496 παντὶ
553 1469 591 1507 τῷ
605 1481 624 1507 χ
627 1467 692 1506 ρόνῳ
708 1469 836 1506 πεπλημ-

71 1513 208 1551 μελημένοι
222 1514 428 1543 ἀπολούσασθαι.
440 1515 474 1543 Εἰ
488 1514 540 1553 γὰρ
553 1517 570 1550 ἡ
586 1515 676 1553 γέεννα
691 1516 738 1543 οὐκ
753 1516 837 1554 ἀρκεῖ,

70 1559 157 1588 καίτοι
170 1571 200 1596 γε
215 1559 317 1592 αἰώνιος
339 1555 421 1595 οἶσα,
438 1559 480 1588 διὰ
503 1563 580 1588 τοῦτο
598 1560 650 1599 γὰρ
669 1560 714 1588 καὶ
736 1560 838 1593 αἰώνιός

70 1606 127 1633 ἐστι
139 1617 144 1622 ·
159 1606 250 1645 πολλῷ
264 1606 363 1643 μᾶλλον
378 1607 392 1633 ὁ
407 1606 507 1645 βραχὺς
521 1602 595 1638 οἶτος
608 1606 710 1645 χρόνος.
728 1608 769 1635 Οὖ
786 1607 837 1645 γὰρ

67 1651 211 1688 μετάνοιαν
223 1651 333 1690 ἰσχυρὰν
356 1652 558 1690 ἐπεδειξάμεθα,
575 1654 633 1682 ἀλλ’
647 1655 752 1688 ἀσθενῆ.
769 1654 838 1687 Τοὺς

895 281 956 299 rum
967 293 975 305 ,
993 271 1107 299 instituti
1121 277 1147 298 et
1162 269 1308 298 voluntatis
1320 280 1416 308 magna
1434 270 1467 298 sit
1483 270 1633 308 inquisitio.

894 323 992 355 quanto
1016 317 1100 356 magis
1114 316 1172 352 hic,
1187 316 1234 344 ubi
1251 323 1304 344 tota
1328 323 1369 345 est
1384 316 1466 345 animi
1480 315 1633 344 decertatio.

895 363 953 391 Stat
969 373 1031 400 ergo
1047 372 1118 391 nunc
1139 372 1247 401 quoque
1260 362 1308 400 qui
1326 369 1363 391 est
1378 361 1451 401 apud
1470 372 1518 391 nos
1535 373 1637 401 praeco,

895 418 946 437 non
960 419 1176 447 unumquemque
1187 408 1274 447 capite
1288 416 1381 436 tenens
1395 416 1420 436 et
1433 408 1580 444 adducens,
1590 409 1636 437 sed

895 466 986 484 omnes
1007 455 1088 484 simul
1110 455 1213 484 interno
1235 455 1322 494 capite
1342 454 1464 483 detinens
1476 467 1482 482 ι
1497 466 1548 483 non
1570 455 1636 484 alios

896 501 961 540 ipsis
983 501 1053 530 sistit
1078 508 1257 537 accusatores,
1272 500 1318 528 sed
1337 500 1408 539 ipsos
1428 500 1568 538 sibiipsis:
1584 511 1635 529 nou

895 547 966 576 euim
977 547 1044 576 dicit
1057 558 1064 573 :
1083 548 1156 576 Num
1178 547 1238 585 quis
1252 557 1313 575 eum
1327 546 1456 575 accusat?
1472 546 1519 575 secl
1543 546 1609 584 quid
1623 547 1635 574 Ρ

897 594 967 621 Num
979 593 1040 631 quis
1053 593 1170 632 seipsum
1192 593 1319 621 accusat?
1336 593 1406 621 Nam
1419 591 1527 630 quando
1547 592 1614 620 dicit
1628 615 1634 621 .

896 638 991 666 Sancta
1003 639 1110 672 sanctis,
1120 638 1170 667 hoc
1182 638 1249 666 dicit
1261 650 1266 665 :
1280 637 1380 676 Siquis
1400 648 1452 666 non
1471 644 1509 666 est
1521 644 1635 669 sanctus,

896 694 947 712 uon
958 684 1077 713 accedat.
1090 685 1150 713 Non
1163 684 1250 713 solum
1262 684 1361 722 inquit,
1373 686 1394 712 A
1408 684 1524 723 peccatis
1539 695 1634 723 purus,

896 730 957 766 scd,
970 731 1083 759 Sanctus
1095 743 1101 758 ;
1116 737 1237 759 sanctum
1251 730 1322 758 euim
1332 740 1383 758 non
1394 730 1458 758 facit
1471 730 1558 758 solum
1568 729 1636 758 libc-

895 776 963 805 ratio
975 787 989 804 a
1003 777 1132 815 peccatis,
1146 775 1193 805 sed
1210 776 1291 805 etiam
1304 776 1444 815 praesentia
1456 775 1574 815 Spiritus
1583 798 1590 810 ‚
1609 783 1633 804 et

895 822 1026 851 bonorum
1038 833 1149 862 operum
1161 823 1252 862 copiae.
1266 824 1324 851 Non
1336 822 1422 851 solum
1434 845 1441 857 ,
1454 821 1558 860 inquit,
1574 822 1637 851 volo

896 878 941 896 ros
955 880 970 897 a
991 879 1066 897 coeno
1080 879 1136 897 esse
1148 869 1291 904 liberatos,
1308 868 1354 897 sed
1374 868 1449 897 albos
1466 879 1522 897 esse
1535 875 1559 897 et
1574 879 1634 907 spe-

893 914 988 943 ciosos.
1005 916 1075 945 Nam
1099 914 1121 942 si
1141 925 1188 942 rex
1212 915 1380 953 Babylonius
1401 915 1514 953 juvenes
1535 914 1634 953 eligens
1671 932 1693 942 ,,,

893 973 927 990 ex
943 962 1119 1001 captivitate,
1143 962 1221 1001 elegit
1246 962 1374 1001 pulchros
1395 963 1483 1002 specie
1505 970 1531 991 et
1554 963 1633 991 vultu

893 1007 1002 1036 decoros
1015 1017 1020 1033 τ
1041 1008 1126 1036 multo
1141 1008 1227 1046 magis
1241 1019 1289 1036 nos
1308 1009 1354 1046 qui
1367 1008 1474 1037 adstant
1486 1020 1583 1038 mensa:
1593 1020 1634 1038 rc-

893 1054 942 1091 giae
954 1054 1082 1092 pulchros
1094 1061 1268 1092 esse-oportet
1280 1054 1366 1092 specie
1377 1055 1472 1083 animae
1482 1078 1488 1089 ,
1503 1055 1635 1084 mundum

892 1100 1018 1128 habentes
1030 1110 1142 1128 aureum
1153 1122 1161 1137 ,
1179 1099 1312 1128 mundum
1333 1100 1541 1136 vestimentum,
1558 1113 1636 1141 rega*

892 1147 930 1175 les
945 1148 1047 1176 calceos
1058 1170 1067 1185 ,
1087 1147 1235 1175 formosum
1249 1147 1345 1175 animae
1370 1148 1494 1183 vultum,
1511 1157 1635 1178 ornatum

892 1204 1019 1229 aureum,
1044 1193 1184 1232 cingulum
1206 1193 1338 1223 veritatis.
1360 1193 1415 1228 Qui
1439 1194 1501 1222 talis
1516 1202 1568 1231 est,
1591 1207 1636 1223 ac-

892 1240 986 1276 cedat,
1011 1247 1036 1269 et
1058 1241 1155 1279 pocula
1182 1246 1273 1277 tangat
1301 1239 1384 1278 regia.
1407 1239 1437 1268 Si
1464 1240 1525 1278 quis
1548 1247 1636 1270 autem

892 1287 987 1325 pannis
1000 1287 1121 1324 obsitus,
1146 1285 1272 1314 sordidus
1295 1293 1320 1314 et
1344 1285 1485 1324 squalidus
1505 1286 1541 1316 ad
1563 1298 1638 1317 men·

892 1343 948 1360 sam
975 1333 1077 1371 regiam
1092 1332 1158 1361 velit
1183 1331 1313 1370 ingredi,
1337 1331 1401 1361 vide
1425 1339 1524 1370 quanta
1551 1333 1637 1372 patie-

891 1386 963 1415 tur,
989 1389 1051 1407 cum
1077 1389 1129 1407 non
1151 1378 1287 1407 sufficiant
1317 1378 1497 1417 quadraginta
1524 1378 1581 1408 dies
1601 1380 1635 1408 ad

891 1425 1024 1454 abluenda
1047 1435 1106 1463 quae
1128 1425 1202 1453 omni
1216 1431 1335 1464 tempore
1352 1432 1415 1453 sunt
1429 1424 1545 1454 admissa
1563 1426 1636 1454 deli-

891 1478 941 1500 cta.
956 1472 1027 1500 Nam
1040 1471 1063 1500 si
1083 1482 1134 1500 non
1149 1471 1250 1500 sufficit
1262 1471 1382 1510 gehenna
1395 1493 1404 1507 ,
1421 1471 1483 1500 licet
1507 1472 1541 1500 sit
1558 1480 1635 1502 :eter-

892 1530 941 1555 na,
960 1519 1060 1548 idcirco
1083 1519 1155 1548 enim
1177 1526 1215 1548 est
1230 1526 1345 1548 aeterna:
1362 1520 1448 1549 multo
1472 1520 1562 1549 minus
1585 1521 1636 1550 hoc

892 1564 974 1593 breve
992 1571 1107 1603 tempus.
1126 1565 1186 1593 Non
1201 1564 1272 1593 enim
1288 1564 1424 1599 validam,
1443 1564 1487 1593 sed
1508 1564 1636 1594 imbecil—

892 1608 946 1637 lam
969 1608 1143 1637 exhibuimus
1164 1608 1358 1648 poenitentiatn.
1380 1608 1526 1637 Eunuchos
1546 1609 1636 1637 maxi—

895 1664 936 1682 me
957 1661 1060 1693 oportet
1085 1654 1143 1693 regi
1165 1654 1294 1683 adstare:
1321 1655 1461 1684 eunuchos
1487 1654 1565 1692 dieo,
1588 1656 1635 1694 qui

486 1760 661 1789 MUTIANO
683 1761 936 1789 SCHOLASTICO
958 1761 1212 1788 INTERPRETF„

69 1861 130 1879 rum
142 1857 264 1879 versatur
274 1850 393 1879 studium
408 1874 415 1887 ,
428 1851 511 1879 multa
524 1851 630 1880 ecstasis
642 1851 761 1880 efficitur
772 1852 918 1880 voluntatis
934 1864 939 1880 :
956 1858 1055 1890 quanto
1067 1852 1152 1890 magis
1163 1851 1208 1880 hie
1220 1874 1228 1888 ,
1243 1851 1289 1879 ubi
1309 1858 1394 1880 totum
1418 1859 1550 1882 certamen
1563 1855 1631 1892 gerit

71 1897 184 1926 anima?
199 1898 257 1927 Stat
270 1898 353 1935 igitur
373 1908 444 1926 nune
463 1898 544 1926 etiam
570 1908 658 1937 praeco
681 1905 785 1932 noster,
803 1910 853 1927 nou
878 1905 959 1938 caput
978 1898 1190 1937 uniuscujusque
1211 1898 1346 1927 continens
1361 1905 1386 1927 et
1409 1898 1574 1938 producens,
1587 1901 1632 1929 sed

70 1944 193 1973 omnium
205 1944 286 1972 simul
299 1944 384 1983 capita
397 1944 520 1972 interiora
533 1945 682 1981 confinem,
695 1952 720 1973 et
731 1955 782 1973 non
798 1946 836 1973 eis
847 1945 984 1973 constituit
993 1945 1060 1973 alios
1071 1951 1237 1973 accusatores
1246 1967 1254 1979 ,
1267 1944 1314 1973 sed
1329 1945 1400 1984 ipsos
1411 1945 1475 1973 sibi.
1488 1947 1547 1974 Non
1562 1947 1633 1976 enim

71 1991 138 2020 dicit
150 2014 157 2026 ,
170 1991 198 2020 Si
211 1991 271 2029 quis
292 1991 359 2019 sorte
373 1991 444 2019 hunc
463 1998 584 2027 accusat;
599 1990 645 2019 sed
660 1991 747 2030 quid?
763 1992 791 2020 Si
807 1991 867 2030 quis
880 1992 998 2031 seipsum
1013 1997 1130 2020 accusat.
1150 1990 1266 2026 Quando
1280 1991 1351 2020 enim
1373 1991 1449 2027 dicit,
1464 1992 1561 2022 Sancta
1571 2004 1631 2023 san-

71 2038 138 2072 ctis,
156 2038 206 2066 hoc
220 2037 287 2067 dicit
301 2049 307 2065 τ
323 2038 353 2067 Si
364 2037 424 2076 quis
434 2047 486 2066 non
498 2044 536 2065 est
551 2044 657 2066 sanctus
668 2060 676 2075 ,
693 2049 745 2067 non
762 2038 877 2067 accedat.
896 2039 954 2067 Non
964 2038 1122 2078 simpliciter
1137 2037 1202 2066 dicit
1216 2060 1223 2074 ‚
1243 2039 1263 2066 A
1280 2039 1396 2078 peccatis
1416 2039 1549 2077 mundus,
1566 2041 1613 2070 sed
1624 2065 1631 2075 ‚

71 2087 202 2116 Sanctus:
217 2093 338 2114 sanctum
349 2085 420 2114 enim
434 2095 485 2113 non
497 2084 636 2114 mundatio
651 2085 751 2125 peccati
771 2092 875 2114 tantum
891 2086 968 2121 sat-it,
989 2086 1035 2115 sed
1052 2086 1132 2114 ctiam
1148 2085 1288 2124 praeseutia
1313 2085 1424 2125 spiritus
1436 2109 1444 2122 ,
1459 2094 1485 2115 et
1498 2087 1630 2117 bonorum

71 2143 183 2172 operum
196 2133 342 2172 opulentia.
360 2133 417 2161 Non
438 2133 525 2168 enim,
541 2133 650 2171 inquit,
664 2133 726 2161 volo
741 2144 754 2161 a
770 2144 844 2162 coeno
857 2144 904 2163 vos
919 2133 1036 2162 mundos
1047 2144 1116 2170 esse,
1129 2133 1174 2161 scd
1195 2133 1275 2161 etiam
1289 2133 1364 2162 albos
1379 2144 1434 2162 esse
1453 2141 1479 2163 et
1493 2135 1630 2174 pulchros.

71 2180 99 2208 Si
112 2180 183 2209 enim
203 2191 250 2209 rex
262 2180 428 2220 Babylonius
447 2191 480 2209 ex
493 2181 649 2220 captivitate
663 2181 765 2220 eligens
775 2182 888 2221 juvenes
910 2181 1034 2210 honestos
1056 2182 1142 2210 forma
1152 2204 1159 2217 ‚
1175 2188 1200 2210 et
1214 2180 1324 2209 decoros
1340 2182 1406 2210 facie
1428 2182 1509 2221 elegit
1522 2195 1528 2210 z
1544 2183 1629 2213 multo

70 2227 186 2266 amplius
200 2234 225 2256 et
237 2237 284 2256 nos
297 2227 431 2256 adstantes
443 2230 543 2256 mensae*
551 2227 634 2266 regali
643 2250 652 2266 ,
668 2228 792 2257 honestos
807 2228 894 2268 speeie
906 2229 1000 2257 animae
1011 2239 1066 2257 esse
1081 2235 1185 2268 oportet
1197 2251 1203 2263 ‚
1218 2235 1342 2257 ornatum
1359 2228 1486 2258 habentes
1500 2240 1611 2260 aureum
1622 2254 1629 2267 ‚

68 2275 163 2304 stolam
176 2274 318 2310 mundam,
329 2275 504 2304 calceamenta
520 2276 619 2314 regalia
632 2298 639 2311 ‚
653 2276 760 2305 vultum
775 2277 870 2305 anima:
886 2277 1051 2316 t'ormosum3
1066 2283 1169 2316 oportet
1190 2287 1248 2305 eam
1273 2283 1367 2304 ornatu
1382 2287 1462 2305 aureo
1477 2277 1630 2307 circumda-

69 2329 123 2351 tam
136 2332 208 2357 esse,
220 2322 359 2361 cingulum
373 2322 492 2351 veritatis
504 2323 611 2352 habere.
623 2323 700 2352 Talis
712 2323 819 2353 accedat
831 2347 839 2359 ,
861 2331 886 2353 et
900 2324 1009 2353 calicem
1023 2331 1113 2363 tangat
1125 2324 1249 2363 regalem.
1263 2325 1291 2353 Si
1303 2331 1392 2353 autem
1409 2325 1469 2363 quis
1481 2326 1576 2365 pannis
1591 2334 1630 2355 est

67 2369 185 2400 sordidis
195 2371 297 2399 obsitus
311 2371 438 2399 etilluvie
448 2371 558 2410 plenus,
573 2379 598 2400 et
611 2371 715 2409 ingredi
733 2372 767 2401 ad
782 2383 899 2401 mensam
914 2374 1031 2412 regalem
1042 2373 1158 2402 voluerit
1173 2385 1179 2400 :
1197 2372 1302 2401 attende
1314 2380 1411 2411 quanta
1428 2373 1560 2412 patietur,
1576 2385 1627 2404 non

67 2417 262 2446 sufficientibus
272 2417 449 2456 quadraginta
464 2417 560 2446 diebus
574 2418 705 2447 mundare
716 2419 793 2448 illum
806 2419 840 2448 ab
854 2419 913 2457 his,
928 2431 988 2458 quoe
1003 2420 1030 2448 in
1049 2427 1104 2448 toto
1123 2427 1241 2459 tempore
1259 2419 1384 2458 deliquit.
1397 2420 1426 2449 Si
1444 2421 1516 2449 enim
1530 2421 1628 2460 gehen-

66 2475 128 2493 nam
142 2464 217 2493 dicas
228 2487 236 2503 ,
253 2475 305 2493 non
317 2465 340 2493 ei
355 2465 456 2493 sufficit
466 2487 474 2502 ‚
490 2466 614 2503 quamvis
627 2472 723 2494 aeterna
739 2473 777 2495 est
791 2478 796 2494 :
813 2474 951 2507 propterea
965 2467 1037 2496 enim
1058 2474 1156 2495 :eterna
1171 2474 1224 2500 est,
1240 2474 1338 2504 quanto
1360 2467 1446 2506 magis
1456 2467 1538 2497 breve
1553 2469 1626 2499 istud

66 2518 179 2552 tempus.
198 2513 290 2551 Neque
303 2513 375 2542 enim
391 2513 575 2552 poenitentiam
594 2513 715 2543 validam
729 2514 991 2552 demonstravimus,
1008 2514 1055 2544 sed
1073 2515 1200 2543 debilem.
1221 2515 1366 2544 Eunuchos
1379 2526 1496 2545 maxime
1522 2525 1626 2557 oportet

66 2557 170 2588 adstare
181 2559 236 2598 regi
247 2571 253 2587 ε
265 2559 401 2589 eunuchos
414 2560 476 2589 dico
485 2560 560 2589 albos
569 2567 665 2599 mente,
680 2561 784 2590 nullam
798 2561 925 2591 habentes
936 2561 1041 2591 sordem
1056 2572 1140 2600 neque
1150 2562 1295 2601 maculam,
1302 2562 1420 2592 excelsos
1434 2563 1620 2603 intelligentia,

1766 923 1776 952 ..s-x
