1886 2846
442 188 473 210 tx
501 187 608 209 livisr.

89 255 165 281 τοῦτο
179 252 226 279 οὐκ
242 251 312 280 ἔστιν
328 251 442 284 ἀθλητοῦ
450 271 457 283 ,
469 248 537 277 ἀλλὰ
553 248 649 286 βλακός
661 259 666 264 ’
680 249 694 275 ὁ
707 246 760 285 γὰρ
774 247 859 280 ἀθλη-

90 304 136 338 τὴς
164 302 279 341 μάχεται
309 300 380 330 κόνει
395 323 402 336 ‚
431 300 528 339 ἐλαίῳ,
565 301 668 332 ἀκτῖνος
703 296 860 336 θερμότητι,

89 355 180 392 ἱδρῶτι
194 353 299 391 πολλῷ,
315 351 400 390 θλίψει
411 374 417 386 ,
434 350 479 378 καὶ
499 349 663 389 στενοχωρίᾳ
679 350 787 387 ἀγῶνος.
801 343 860 376 Οἶ-

89 403 133 435 τός
147 404 203 432 ἐστι
223 402 269 430 καὶ
285 404 330 430 τοῦ
344 400 481 430 πυκτεύειν
494 403 506 430 ὁ
521 401 628 440 καιρός’
645 402 737 430 οὐκοῦν
757 399 801 428 καὶ
816 402 860 428 τοῦ

90 453 231 492 τραύματα
254 452 402 491 λαμὸοίνειν
426 452 471 480 καὶ
496 452 672 490 αἱμάττεσθαι
695 451 740 479 καὶ
763 451 860 488 ἀλγεῖν.

90 503 214 532 Ἄκουσον
238 502 263 530 τί
286 514 365 541 φησιν
388 505 401 531 ὁ
421 502 550 541 μακάριος
567 503 672 535 Παῦλος
685 514 691 520 ·
708 501 786 531 Οὕτω
807 513 861 529 πυ-

91 553 175 583 κτεύω
188 555 223 586 ὡς
235 554 281 582 οὔκ
295 553 359 592 ἀέρα
376 552 468 592 δέρων.
484 552 579 582 Πάντα
593 551 636 581 τὸν
654 553 709 591 βίον
723 551 861 590 ἐναγώνιον

93 599 158 632 εἶναι
170 604 320 642 νομίσωμεν
332 626 339 639 ,
352 603 396 632 καὶ
408 603 531 632 οὐδέποτε
543 602 691 632 ἀνάπαυσιν
704 601 862 637 ζητήσομεν,

93 654 216 683 οὐδέποτε
250 654 400 692 θλιὸόμενοι
427 654 639 691 ξενοπαθησομεν
658 665 664 670 ·
690 653 764 693 εἴπερ
797 651 863 690 μηδὲ

93 704 204 739 πύκτης,
213 704 256 733 ὅτε
270 706 296 733 ἐν
312 704 393 740 ἀγῶνί
408 705 475 739 ἐστι,
488 704 633 737 ξενοπαθεῖ.
644 703 756 743 Ἔτερός
768 705 838 732 ἐστιν
850 705 864 731 ὁ

93 757 140 789 τῆς
155 754 268 786 ἀνέσεως
286 754 376 794 καιρός
389 766 394 771 ·
409 754 452 782 διὰ
473 754 587 793 θλίψεως
601 757 673 792 ἡμᾶς
693 755 864 788 τελειωθῆναι

93 805 140 832 δεῖ.
155 805 189 833 Εἰ
208 804 254 833 καὶ
270 805 306 842 μὴ
322 805 436 843 διωγμός
453 806 509 834 ἐστι
525 805 591 843 μηδὲ
607 806 707 844 θλῖψις,
725 806 783 833 ἀλλ’
799 804 864 832 εἰσὶν

93 855 181 894 ἕτεραι
196 855 312 894 θλίψεις,
325 856 352 883 αἱ
367 857 425 884 καθ’
442 855 556 891 ἑκάστην
572 855 675 894 ἡμέραν
686 858 751 894 ἡμῖν
767 854 865 893 συμπί-

93 918 218 935 πτουσαι·
235 908 257 935 εἷ
279 906 306 935 δὲ
320 906 417 939 ταύτας
432 909 460 936 οὗ
476 907 603 946 φέρομεν,
621 908 705 946 07])λῇ
720 918 750 944 γε
766 906 865 938 ἐκείνας

94 957 244 996 ἐνέγκοιμεν
269 957 311 986 ἄν.
328 958 483 996 Πειρασμὸς
505 959 573 995 ὑμᾶς
587 959 634 986 οὐκ
655 957 754 996 εἴληφε,
770 955 864 995 φησὶν,

95 1007 170 1045 εἰμὴ
194 1007 363 1046 ἀνθρώπινος.
387 1007 537 1046 Εὖχώμεθα
560 1007 607 1045 μὲν
622 1003 666 1036 οἶν
688 1008 726 1045 τῷ
742 1008 804 1044 Θεῷ
828 1005 864 1043 μὴ

95 1059 218 1087 εἰσελθεῖν
244 1059 280 1090 εἰς
301 1058 449 1097 πειρασμόν
463 1069 469 1075 ·
494 1057 653 1090 εἰσελθόντες
678 1056 720 1093 δὲ,
746 1056 866 1096 φέρωμεν

94 1107 227 1147 γενναίως.
242 1107 346 1137 Ἐκεῖνο
364 1107 411 1146 μὲν
427 1108 478 1147 γὰρ
494 1107 635 1147 σωφρόνων
648 1108 750 1147 ἀνδρῶν
762 1130 770 1143 ,
783 1107 812 1135 τὸ
828 1106 865 1145 μὴ

94 1158 223 1191 κινδύνοις
236 1158 402 1198 ε’πιρῥίπτειν
412 1158 519 1191 ἑαυτούς
532 1170 538 1176 ·
554 1161 630 1188 τοῦτο
642 1158 669 1188 δὲ
684 1158 809 1198 γενναίων
821 1157 867 1186 καὶ

96 1208 261 1248 φιλοσόφων,
271 1209 302 1238 τὸ
313 1209 437 1239 ἵστασθαι
452 1209 624 1247 ἐμπεσόντας.
637 1210 715 1245 Μήτε
734 1204 778 1238 οὖν
793 1210 867 1248 ε’πιῤ-

98 1260 234 1299 ῥίπτωμεν
257 1259 364 1293 ἑαυτοὺς
388 1260 479 1292 ἁπλῶς
491 1271 497 1277 ·
523 1259 686 1298 θρασύτητος
713 1259 781 1298 γάρ·
800 1259 868 1296 μήτε

97 1310 237 1349 ἀγόμενοι,
259 1310 305 1339 καὶ
328 1313 379 1340 τῶν
395 1310 562 1350 πραγμάτων
583 1309 747 1346 καλούντων,
763 1310 870 1338 ἐνδιδῶ-

98 1375 144 1401 μεν
159 1375 165 1381 ·
181 1363 280 1396 δειλίας
294 1363 344 1402 γάρ
359 1374 365 1380 ·
381 1363 440 1391 ἀλλ’
465 1362 510 1392 ἐὰν
527 1361 574 1401 μὲν
595 1362 624 1391 τὸ
643 1362 769 1403 κήρυγμα
781 1363 866 1400 καλῇ,

98 1416 135 1454 μὴ
148 1415 342 1455 παραιτώμεθα
356 1427 362 1433 ·
378 1416 468 1448 ἁπλῶς
482 1415 523 1450 δὲ,
540 1415 626 1448 αἰτίας
642 1415 678 1453 μὴ
692 1415 786 1450 οὔσης,
800 1415 868 1453 μήτε

96 1469 189 1509 χρείας
199 1492 206 1505 ‚
229 1469 297 1507 μήτε
318 1468 435 1507 ἀνάγκης
450 1470 497 1503 τ’ἧς
511 1467 581 1496 κατὰ
603 1467 752 1497 θεοσέἕειαν
767 1468 867 1497 καλού-

98 1535 155 1558 σης,
167 1521 204 1561 μὴ
217 1522 400 1562 ἐπι-τρέχωμεν
410 1534 415 1539 ’
429 1520 551 1554 ἐπίδειξις
565 1520 616 1560 γάρ
629 1522 685 1550 ἐστι
699 1520 728 1549 τὸ
744 1525 866 1560 πρᾶγμα,

98 1575 143 1604 καὶ
154 1575 292 1615 φιλοτιμία
307 1574 428 1613 περιττή.
440 1573 505 1603 Ἐὰν
524 1573 551 1603 δέ
564 1586 590 1602 τι
603 1575 654 1602 τῶν
669 1573 717 1609 τὴν
734 1573 867 1602 &offlam

98 1627 345 1667 παραίλαπτόντων
373 1626 495 1664 γίνηται,
517 1626 566 1654 κᾶν
590 1625 698 1665 μυρίους
721 1627 868 1660 ὑποστῆναι

100 1681 144 1719 δέῃ
161 1681 303 1714 θανάτους,
327 1679 409 1718 μηδὲν
431 1679 633 1718 παραιτώμεθα.
651 1678 696 1714 Μὴ
718 1679 869 1718 προσιαλοῧ

639 186 683 207 At)
711 185 795 207 ttssut’.
804 184 879 206 Eos.

909 184 986 206 cst).

1611 168 1655 201 83

914 245 966 274 viri
979 244 1068 274 mollis
1081 251 1106 273 et
1121 243 1266 273 effeminati
1279 255 1283 270 :
1299 253 1360 271 nam
1372 241 1470 270 athleta
1484 248 1584 280 pugnat
1595 252 1658 269 cuin

914 292 1041 331 pulvere,
1056 291 1131 326 oleo,
1146 290 1234 319 calore
1248 289 1335 324 radii,
1351 299 1414 317 eum
1438 287 1523 316 multo
1544 287 1657 322 sudore,

914 337 1069 371 afflictione,
1084 343 1110 365 et
1123 335 1246 374 angustia
1259 334 1420 363 certaminis.
1434 334 1491 362 Hoc
1502 339 1540 361 est
1553 339 1659 372 tempus

915 382 1050 422 pugnandi
1064 392 1143 420 :ergo
1156 388 1180 410 et
1197 381 1307 410 vulnera
1322 379 1471 419 accipiendi
1482 402 1489 415 ‚
1506 386 1531 408 et
1545 379 1658 417 sangui-

915 440 974 458 nem
986 428 1141 458 effundendi
1150 451 1159 463 ,
1171 435 1197 457 et
1208 427 1328 456 dolendi.
1344 426 1416 455 Audi
1429 426 1496 464 quid
1511 426 1583 454 dicat
1596 425 1658 453 bea-

915 483 958 505 tus
973 475 1073 505 Paulus
1094 487 1100 503 :
1120 475 1167 504 Sic
1189 484 1296 514 pugno,
1319 484 1377 501 non
1392 479 1543 511 tamquam
1561 482 1657 500 aerem

915 524 1084 552 verberans.
1096 521 1293 551 Existimemus
1304 526 1386 548 totam
1398 519 1482 547 vitam
1491 529 1546 547 esse
1556 517 1591 546 ad
1602 529 1658 546 cer-

916 576 1003 598 tamen
1021 568 1207 604 constitutam,
1223 573 1249 596 et
1272 576 1417 604 numquam
1440 575 1590 604 quaeremus
1612 575 1658 593 re-

917 615 1016 653 quiem,
1034 624 1191 652 numquam,
1210 613 1233 641 si
1248 612 1411 650 affligamur,
1430 610 1533 649 aliquid
1555 609 1618 638 novi
1635 617 1660 638 et

917 661 997 690 alieni
1012 660 1090 690 nobis
1103 659 1232 688 accidisse
1242 658 1398 698 putabimus
1410 669 1416 685 ι
1427 656 1563 695 siquidem
1576 665 1661 694 neque

918 708 994 747 pugil
1008 706 1111 746 aliquid
1128 706 1192 735 novi
1216 712 1242 734 et
1261 705 1341 734 alieni
1357 704 1408 733 sibi
1428 710 1506 743 putat
1523 702 1661 737 accidisse,

917 753 1025 792 quando
1036 760 1074 782 est
1086 753 1112 782 in
1123 752 1276 782 certamine.
1291 750 1373 779 Aliud
1383 757 1420 779 est
1432 757 1535 790 tempus
1547 749 1660 788 quietis:

919 811 965 840 per
975 800 1146 829 afflictionem
1158 809 1205 827 nos
1214 804 1318 837 oportet
1329 797 1432 836 perfici.
1442 796 1554 825 Etiamsi
1565 806 1617 824 non
1628 795 1663 823 sit

919 847 1088 886 persequutio
1098 857 1144 875 uec
1155 845 1266 875 afflictio
1274 867 1282 881 ‚
1296 851 1357 873 sunt
1370 851 1457 872 tamen
1468 843 1527 871 aliae
1538 842 1663 871 afflictio-

918 903 980 927 nes,
997 904 1056 931 quoe
1072 892 1149 921 nobis
1163 891 1285 930 quotidie
1302 889 1427 919 accidunt
1439 901 1445 916 ε
1457 889 1480 917 si
1499 889 1556 917 liaec
1573 895 1663 916 autem

919 949 971 967 non
983 939 1103 973 ferimus,
1113 938 1160 966 vix
1174 938 1233 966 illas
1246 936 1394 965 tulerimus.
1407 937 1552 971 Tentaeio,
1563 934 1662 973 inquit,

920 994 974 1012 vos
991 994 1050 1012 non
1064 984 1274 1022 apprehendat,
1292 984 1348 1010 nisi
1359 983 1500 1010 humana.
1516 982 1605 1010 Deum
1620 991 1663 1009 er-

919 1040 953 1068 go
966 1040 1083 1065 oremus,
1095 1040 1128 1057 ne
1140 1029 1270 1057 intremus
1282 1028 1308 1056 in
1321 1028 1492 1056 tentationem
1503 1039 1510 1055 :
1522 1027 1563 1056 sin
1575 1033 1664 1055 autem

919 1075 1120 1111 intraverimus,
1131 1075 1193 1102 sorti
1205 1074 1295 1102 animo
1305 1074 1431 1102 seramus.
1445 1074 1514 1102 Nam
1525 1072 1594 1101 illud
1602 1073 1664 1111 qui-

920 1121 981 1150 dem
993 1128 1032 1150 est
1046 1121 1168 1150 virorum
1179 1119 1331 1160 sapientum
1344 1126 1368 1147 et
1384 1119 1583 1148 moderatorum
1597 1131 1624 1148 se
1636 1120 1664 1149 in

920 1167 1038 1207 pericula
1055 1177 1107 1195 non
1122 1173 1221 1195 temere
1235 1165 1362 1204 injicere3
1378 1165 1430 1193 hoc
1451 1172 1539 1194 autem
1553 1166 1665 1194 fortium

921 1221 946 1242 et
966 1213 1206 1253 philosophorum,
1226 1211 1339 1240 firmiter
1354 1218 1437 1247 stare,
1458 1211 1481 1238 si
1506 1211 1664 1241 incidamus.

921 1260 1014 1298 Neque
1028 1269 1091 1298 ergo
1106 1269 1154 1287 nos
1167 1265 1264 1286 temere
1277 1256 1467 1297 projiciamu53
1482 1263 1520 1285 est
1533 1257 1602 1285 enim
1616 1268 1665 1286 au-

921 1306 1005 1335 daeiae
1023 1312 1048 1334 et
1063 1304 1219 1334 temeritatis
1237 1316 1242 1332 :
1261 1314 1346 1342 neque
1361 1303 1383 1331 si
1399 1302 1542 1339 ducamur,
1558 1314 1605 1332 nos
1620 1315 1666 1332 re-

921 1354 973 1383 bus
993 1353 1154 1383 vocantibus
1175 1352 1316 1387 cedamus3
1333 1358 1371 1380 est
1395 1351 1466 1380 enim
1489 1351 1664 1380 timiditatis:

921 1400 969 1430 sed
983 1401 1006 1429 si
1021 1407 1097 1429 vocet
1117 1399 1226 1438 quidem
1241 1397 1395 1439 praedicatio
1405 1420 1412 1434 ‚
1429 1408 1482 1426 non
1496 1408 1649 1426 recusemus
1658 1409 1667 1434 ;

922 1447 945 1476 si
958 1457 1021 1476 vero
1035 1457 1086 1476 non
1100 1446 1134 1475 sit
1147 1456 1242 1482 causa,
1257 1455 1305 1474 nec
1325 1455 1390 1473 usus
1405 1444 1535 1484 postulet,
1555 1454 1604 1472 nee
1617 1455 1667 1473 ne—

921 1495 1029 1524 cessitas
1044 1494 1231 1524 convenienter
1245 1493 1337 1533 pietati
1349 1503 1398 1521 nos
1409 1499 1499 1527 vocet,
1517 1502 1569 1521 non
1584 1499 1668 1521 teme-

922 1552 950 1570 re
965 1551 1170 1581 procurramu83
1192 1551 1221 1568 ea
1243 1540 1316 1568 enim
1340 1549 1381 1568 res
1403 1546 1440 1568 est
1465 1538 1623 1575 ostentatio,
1643 1545 1669 1567 et

922 1587 1010 1616 inanis
1021 1598 1052 1616 ac
1065 1597 1262 1627 supervacanea
1275 1586 1385 1614 honoris
1401 1585 1538 1625 appetitio.
1554 1585 1602 1614 Sin
1617 1595 1669 1613 au-

924 1641 976 1662 tem
986 1633 1128 1673 quidpiam
1144 1633 1244 1662 sactum
1260 1632 1341 1661 fuerit
1357 1631 1429 1670 quod
1442 1632 1523 1660 laedat
1535 1632 1668 1670 pietatem,

923 1680 1027 1709 etiamsi
1047 1686 1168 1719 oporteat
1184 1679 1258 1708 mille
1272 1685 1370 1707 mortes
1383 1677 1488 1713 subire,
1505 1677 1574 1706 nihil
1588 1687 1667 1705 recu—

1016 183 1063 206 lll.
1095 182 1214 205 nonu„
1247 182 1281 203 V.

499 1798 675 1828 MUTIANO
697 1798 951 1828 SCHOLASTICO
973 1798 1230 1828 INTERPRETE.

99 1904 145 1933 sed
162 1903 269 1933 delicati
282 1915 287 1930 ι
300 1902 398 1931 athleta
413 1902 483 1931 enim
499 1908 601 1941 pugnat
615 1912 676 1931 cum
690 1902 817 1942 pulvere,
833 1913 895 1931 cum
912 1902 982 1939 oleo,
997 1913 1058 1931 cum
1074 1902 1149 1931 radio
1163 1902 1240 1937 solis,
1261 1913 1322 1931 cum
1340 1902 1499 1939 sudoribus,
1514 1902 1607 1932 multis
1622 1903 1670 1931 tri-

100 1951 283 1981 bulationibus
295 1957 320 1979 et
334 1950 467 1989 angustia.
486 1952 560 1988 Agou
575 1949 618 1978 hic
634 1957 689 1986 est,
705 1957 730 1978 et
745 1949 883 1990 pugnandi
899 1957 1005 1989 tempus
1018 1962 1024 1978 z
1037 1950 1152 1990 proinde
1166 1950 1246 1978 etiam
1262 1949 1372 1978 vulnera
1386 1949 1561 1989 suscipiend1‚
1574 1957 1598 1978 ct
1610 1960 1671 1978 san-

100 1999 209 2037 guinem
227 1997 399 2033 effundendi,
416 2005 440 2026 et
455 1997 576 2026 dolendi.
589 1997 659 2026 Audi
676 1997 743 2036 quid
755 1997 821 2026 dicit
832 1997 927 2026 beatus
943 1997 1044 2026 Paulus
1057 1998 1121 2026 :Sic
1135 2007 1247 2036 pugno,
1264 2007 1322 2025 non
1335 1997 1419 2025 'velut
1434 2007 1532 2025 aerem
1544 1997 1668 2025 credens.

100 2048 214 2075 Omnem
226 2046 311 2075 vitam
324 2046 350 2074 in
363 2055 446 2084 agone
460 2055 516 2073 esse
532 2045 703 2073 constitutam
720 2052 860 2084 putemus,
876 2052 900 2074 ct
914 2056 1060 2084 numquam
1072 2044 1189 2083 requiem
1203 2054 1356 2082 quaeramus
1366 2066 1374 2081 ‚
1387 2054 1535 2081 numquam
1550 2043 1670 2072 tribulati

101 2103 260 2122 moereamus
272 2105 278 2122 z
291 2093 313 2121 si
327 2091 435 2131 quidem
450 2103 535 2131 neque
549 2092 595 2131 qui
610 2091 729 2121 caedibus
745 2099 846 2132 pugnat
867 2099 960 2121 moeret
971 2115 978 2127 ‚
995 2103 1055 2121 cum
1071 2103 1098 2121 se
1117 2092 1143 2120 in
1159 2101 1243 2130 agone
1259 2090 1358 2119 viderit
1371 2102 1377 2117 :
1391 2089 1465 2118 aliud
1480 2098 1517 2118 cst
1534 2090 1604 2118 enim
1624 2101 1670 2118 rc-

100 2141 234 2170 missionis
251 2148 367 2179 tempus⁴
391 2141 503 2179 Oportet
522 2147 609 2169 autem
627 2150 675 2168 nos
696 2150 743 2179 per
756 2140 942 2169 tribulationes
962 2140 1072 2179 perfici,
1097 2149 1261 2178 quamquam
1276 2149 1323 2167 nec
1338 2137 1510 2178 persequutio
1531 2137 1619 2176 aliqua
1637 2137 1672 2166 sit

102 2197 187 2225 neque
200 2187 354 2223 tribulatio;
376 2186 421 2215 sed
435 2193 523 2215 tamen
541 2193 603 2215 sunt
622 2186 681 2214 atiae
701 2186 905 2223 tribulationes,
921 2198 969 2226 per
983 2186 1041 2215 dies
1055 2186 1174 2225 singulos
1189 2186 1265 2214 nobis
1287 2184 1433 2213 incidentes
1446 2196 1452 2212 :
1467 2184 1488 2212 si
1505 2191 1593 2212 autem
1607 2183 1671 2213 istas

103 2244 155 2262 non
176 2241 327 2272 portamus,
342 2234 402 2262 illas
415 2234 604 2273 portabimus?
623 2235 767 2270 Τειιτιιῑίο,
789 2234 888 2273 inquit,
913 2245 967 2263 vos
983 2245 1042 2263 non
1063 2234 1300 2272 comprehendat,
1325 2233 1382 2261 nisi
1396 2233 1536 2260 humana.
1552 2233 1671 2260 Oramus

102 2279 210 2319 quidem
220 2281 322 2316 Deum,
337 2291 388 2309 non
402 2281 500 2310 intrare
514 2281 540 2310 in
554 2282 743 2318 tentationem3
757 2282 779 2310 si
794 2289 883 2311 autem
897 2282 1100 2318 intraverimus,
1117 2288 1252 2320 portemus
1264 2280 1367 2309 sortiter
1381 2292 1387 2307 z
1401 2278 1469 2308 illud
1483 2278 1592 2317 quidem
1604 2285 1671 2307 tem-

101 2328 253 2368 perantium
269 2327 409 2356 hominum
420 2335 471 2365 est,
487 2336 516 2358 ut
531 2340 559 2358 se
571 2329 669 2368 aliquis
685 2330 710 2358 in
726 2330 846 2369 pericula
862 2340 913 2359 non
930 2330 1078 2370 praecipitet
1090 2342 1099 2369 ς
1113 2329 1165 2360 ltoc
1176 2336 1264 2358 autem
1281 2328 1391 2356 sortium
1405 2334 1430 2356 et
1438 2326 1670 2367 pbilosophorum.

101 2375 162 2403 Non
180 2374 268 2413 itaque
289 2385 337 2403 nos
358 2375 554 2414 praecipitemus
569 2375 788 2415 quomodolibet;
804 2377 960 2406 temeritatis
975 2377 1076 2417 quippe
1090 2384 1128 2405 est
1143 2389 1148 2403 z
1165 2387 1248 2415 neque
1261 2376 1357 2404 iterum
1372 2385 1433 2404 cum
1452 2373 1629 2411 adducemur,
1646 2380 1671 2402 et

101 2422 182 2451 rebus
196 2421 234 2451 sic
247 2422 405 2451 vocantibus
421 2421 562 2460 cedamus;
585 2424 688 2453 timoris
703 2435 818 2463 namque
832 2425 883 2454 hoc
896 2432 934 2454 est
950 2437 955 2452 :
968 2424 1013 2454 sed
1028 2425 1050 2454 si
1067 2424 1175 2463 quidem
1191 2423 1345 2464 prtedicatio
1358 2422 1433 2451 verbi
1447 2433 1495 2451 nos
1518 2421 1670 2457 vocaverit,

101 2480 154 2499 non
174 2480 327 2499 renuamus.
346 2469 382 2498 Et
397 2470 556 2510 simpliciter
573 2471 634 2500 dico
647 2484 652 2500 :
666 2473 725 2501 Non
736 2480 857 2502 exstante
872 2484 958 2512 neque
972 2473 1086 2502 utilitate
1098 2472 1200 2511 aliqua,
1217 2482 1301 2510 neque
1315 2470 1469 2500 necessitate
1485 2480 1544 2508 quat
1558 2468 1593 2498 ad
1607 2468 1668 2508 pie-

101 2525 183 2546 tatem
195 2517 309 2558 pertinet
324 2525 447 2555 vocante,
464 2529 516 2547 non
531 2519 682 2557 irruamus;
697 2521 837 2550 ostentatio
852 2521 952 2562 quippe
966 2528 1004 2550 est
1018 2528 1043 2550 et
1057 2521 1169 2550 ambitio
1183 2519 1292 2549 lionoris
1311 2518 1458 2559 superflui:
1471 2518 1492 2547 si
1507 2524 1597 2546 autem
1614 2516 1669 2545 ali-

103 2564 168 2603 quid
189 2576 295 2603 eorum,
309 2577 370 2605 qua:
385 2566 485 2596 laedunt
505 2567 629 2606 pictatem
647 2568 800 2609 contingat,
816 2581 847 2600 ac
861 2570 883 2600 si
900 2570 974 2600 mille
995 2576 1092 2599 mortes
1107 2569 1236 2599 su'stiucrc
1258 2579 1304 2598 nos
1326 2573 1460 2608 oporteat,
1478 2565 1545 2595 nihil
1561 2575 1672 2594 renuere

1672 481 1680 497 Ι
1686 492 1691 496 .
1707 475 1748 496 Cor
1774 484 1796 505 [J.

1671 507 1708 528 26.

1677 942 1710 962 lh.
1728 947 1763 962 to.
1780 941 1815 962 13.
