1886 2846
55 1236 106 1255 J011⁴
116 1231 165 1262 ml..

61 1632 200 1658 ssi-120³}-

210 179 256 223 64
537 189 565 212 s.
593 188 731 212 „torturus
758 188 938 211 cunxsosT.
967 186 1121 209 auctum.
1151 185 1416 209 CONS'MNTINOP.

211 252 298 289 modi,
311 262 390 290 quam
406 252 504 291 quibus
516 258 589 282 erant
601 262 642 279 res
657 250 778 280 secundae
792 261 798 280 :
812 249 945 287 siquidem
961 270 984 289 [ὦ
1001 249 1093 275 ἐκεῖνοι
1109 246 1155 283 μὲν
1171 245 1213 274 διὰ
1226 246 1321 278 παντὸς
1332 250 1376 276 τοῦ
1398 248 1442 285 ζῇν
1460 246 1510 275 ὑπὸ
1534 248 1571 286 τῷ
1588 247 1660 286 ῳόὲῳ
1679 247 1764 285 τούτῳ

210 298 251 326 illi
265 298 374 336 quidem
388 308 433 337 per
449 304 531 326 totam
549 298 633 325 vitam
647 303 719 325 erant
729 296 793 324 huie
806 295 887 323 metui
899 294 945 321 ob-
964 300 982 319 Λ
1001 289 1067 327 ἦσαν
1079 293 1123 321 καὶ
1134 293 1234 327 δοῦλοι,
1245 293 1317 321 αὐτοὶ
1330 293 1356 321 δὲ
1371 293 1460 321 τούτου
1474 293 1537 322 εἰσὶν
1552 295 1764 331 ἀπηλλαγμένοι,

210 344 284 373 noxii
297 351 322 372 et
336 344 422 376 servi;
439 343 489 382 ipsi
503 349 592 371 autem
609 349 669 371 sunt
685 343 719 370 ab
733 352 763 369 eo
781 340 905 373 liberati,
922 345 947 366 ct

210 389 323 417 irrident
341 388 412 426 quod
430 388 470 416 illi
489 388 656 416 horruerant.
676 385 908 420 Quemadmodum
923 383 945 411 si

209 435 344 474 quispiam
358 445 418 462 eum
433 434 479 471 qui
498 434 603 461 vinctus
618 432 757 460 ducendus
772 438 808 458 est
823 430 855 457 ad
872 439 945 456 mor-

209 488 261 508 tem
273 503 280 516 ,
295 488 320 508 et
335 480 386 508 hoc
402 490 504 518 semper
520 485 669 517 exspectat,
687 477 778 505 multis
797 475 946 514 impinguet

210 526 314 554 deliciis
328 537 334 552 :
348 525 400 554 tale
410 525 549 563 quidpiam
562 534 632 552 mors
646 529 701 550 erat
715 522 788 549 olim.
803 522 880 548 Nunc
894 530 946 547 au—

211 580 263 600 tem
277 571 387 611 perinde
396 572 495 599 factum
507 577 542 597 est
554 570 611 597 acsi
624 569 694 606 quis,
708 574 779 595 metu
791 566 839 595 illo
851 567 945 605 ejecto,

211 630 272 648 cum
282 619 386 647 deliciis
400 618 536 646 denuntiet
550 627 605 644 esse
619 614 773 643 certandum
784 636 792 648 ‚
806 620 831 642 et
845 624 946 653 propo-

211 672 256 693 nat
277 672 423 699 eci-tamen,
446 674 496 691 nou
516 661 630 700 amplius
650 660 684 688 ad
700 667 828 695 mortem,
852 659 896 688 sed
912 658 946 687 ad

211 722 323 749 reguum
338 711 510 739 adducturus.
524 709 567 736 Ex
581 708 741 745 quibusnam
758 717 820 745 ergo
832 717 887 735 esse
901 717 947 735 vo-

210 757 292 785 lueris
302 757 315 785 ?
327 768 359 785 ex
374 757 438 783 iisne
449 755 494 792 qui
508 754 533 781 in
549 763 651 781 carcerc
666 752 886 791 impinguantur,
901 751 946 780 in-

210 810 278 830 terea
298 800 415 839 quotidie
434 798 618 838 proferendam
638 804 819 837 exspectantes
840 804 945 826 senten·
975 797 980 804 '

209 849 272 875 tiam
288 859 293 875 ε
310 858 341 875 an
355 858 387 875 cx
400 847 432 874 iis
444 845 488 883 qui
500 845 616 872 multum
630 843 776 881 decertant,
790 851 815 872 et
827 843 947 872 lubentes

209 893 330 920 laborant
340 898 369 919 ut
385 891 437 918 sint
452 889 568 917 redimiti
585 889 658 927 regni
672 888 844 917 diademate?
860 888 947 917 Vides

207 938 340 977 quomodo
349 948 441 966 eorum
454 937 538 965 erexit
552 936 683 970 animum,
699 946 795 973 eosque
806 945 946 974 suspensos

207 983 291 1011 tenuit
301 989 326 1011 et
337 981 464 1010 excitavit
474 981 486 1009 ἶ)
495 980 619 1009 Ostendit
632 987 721 1008 autem
733 990 785 1008 non
794 980 877 1007 solam
891 990 946 1008 ces-

208 1039 276 1057 sasse
290 1035 412 1061 mortem,
430 1027 476 1055 sed
490 1038 536 1066 per
550 1038 608 1055 eam
622 1026 699 1054 illum
714 1037 819 1064 quoque
834 1025 879 1064 qui
896 1025 945 1053 ad-

208 1085 312 1102 versum
326 1085 372 1102 nos
388 1084 491 1112 semper
505 1073 606 1101 bellum
616 1073 682 1110 gerit
696 1072 876 1111 implacabile,
887 1071 946 1099 dia-

207 1120 310 1155 bolum,
323 1120 444 1157 inquam,
459 1128 514 1146 esse
525 1119 639 1146 fractum
654 1124 678 1145 et
688 1124 860 1156 prostratum.
877 1117 946 1145 Nam

208 1165 254 1203 qui
269 1171 381 1193 mortem
393 1174 445 1192 non
457 1163 547 1198 timet,
563 1170 601 1191 est
613 1169 688 1191 extra
703 1162 803 1191 diaboli
820 1162 947 1201 tyranni·-

208 1211 281 1240 dem.
300 1211 330 1240 Si
344 1210 414 1240 enim
434 1210 530 1249 pellem
545 1220 593 1249 pro
608 1209 676 1248 pelle
688 1231 695 1243 ,
717 1216 742 1237 et
763 1209 851 1237 omnia
871 1208 946 1236 dabit

210 1258 271 1296 quis
284 1268 333 1297 pro
350 1257 437 1285 anima
459 1267 505 1284 sua
524 1268 529 1283 ε
546 1255 656 1293 quando
674 1255 752 1283 etiam
767 1255 852 1294 ipsam
867 1265 947 1283 ausus

209 1304 288 1332 suerit
300 1303 448 1342 despicere,
466 1302 606 1340 cujusnam
621 1302 675 1340 jam
689 1301 738 1329 erit
752 1301 866 1329 servus?
878 1301 945 1328 Nul-

210 1348 266 1375 lum
280 1347 373 1381 timet,
386 1346 493 1374 nullum
508 1345 634 1373 formidat
649 1356 655 1371 :
670 1351 708 1372 est
722 1344 845 1372 omnibus
864 1354 946 1382 supe-

210 1392 279 1425 rior,
296 1397 321 1419 et
337 1390 461 1418 omnibus
478 1388 563 1427 magis
579 1388 655 1416 liber.
673 1387 727 1423 Qui
743 1388 812 1416 enim
828 1387 945 1416 animam

210 1445 286 1462 suam
299 1433 423 1472 despicit,
445 1433 530 1461 multo
548 1432 633 1469 magis
646 1432 708 1460 alia.
726 1431 841 1467 Quando
857 1438 946 1459 autem

210 1481 288 1508 talem
301 1480 418 1507 animam
431 1478 561 1507 invenerit
572 1477 705 1512 diabolus,
720 1477 785 1505 nihil
798 1477 875 1506 exiis
887 1488 946 1515 quae

210 1536 255 1553 sua
270 1532 331 1553 suut
345 1525 371 1553 in
387 1535 416 1552 ea
434 1524 531 1563 poterit
542 1524 657 1552 efficere.
673 1523 746 1558 Quid
762 1523 830 1551 enim
841 1546 848 1559 ,
862 1534 946 1563 pecu-

211 1571 294 1599 uimne
305 1571 452 1599 minabitur
466 1570 667 1604 detrimentum,
680 1576 704 1597 et
715 1569 852 1597 infantiam
866 1577 891 1598 et
901 1580 948 1597 ex-

211 1617 302 1645 silium
316 1627 330 1644 a
347 1615 433 1655 putria
446 1616 459 1643 Ρ
473 1615 526 1645 Sed
540 1616 597 1643 haee
611 1626 693 1654 parva
707 1622 767 1643 sunt
781 1615 853 1654 apud
868 1625 928 1643 eum
940 1639 948 1650 ‚

213 1663 258 1700 qui
275 1673 306 1690 ne
324 1662 441 1690 animam
461 1660 568 1699 quidem
587 1671 662 1689 suam
686 1660 765 1689 habet
786 1661 945 1700 pretiosam,

1000 338 1043 365 καὶ
1056 338 1181 375 γελῶντες
1194 341 1284 373 τοῦτο,
1298 338 1361 376 ὅπερ
1374 340 1466 367 ἐκεῖνοι
1479 338 1644 377 πεφρίκασιν.
1657 338 1765 377 Ἵὶσπερ

999 384 1048 421 γὰρ
1059 383 1129 415 εἴτις
1138 383 1274 421 δεσμώτην
1284 383 1412 421 μέλλοντα
1419 384 1465 419 τὴν
1476 385 1519 413 ἐπὶ
1529 385 1637 413 Οοίνατον
1646 385 1765 422 ἄγεσθαι,

999 430 1044 457 καὶ
1057 429 1096 458 ἀεὶ
1117 433 1192 458 τοῦτο
1205 431 1393 468 προσδοκῶντα
1402 451 1408 463 ,
1421 430 1536 459 λιπαίνοι
1553 432 1637 469 πολλῇ
1651 433 1682 469 τῇ
1702 443 1766 470 τρυ-

999 477 1034 513 φῆ
1046 487 1051 492 '
1065 476 1178 504 τοιοῦτόν
1193 488 1218 504 τι
1230 472 1261 510 ἦν
1277 476 1306 504 τὸ
1316 475 1428 504 παλαιὸν
1440 478 1453 504 ὅ
1464 475 1581 509 θάνατος,
1596 478 1650 505 Νῦν
1662 476 1688 505 δὲ
1703 477 1765 505 ταῦ-

998 522 1041 549 τὸν
1057 521 1171 559 γέγονεν,
1182 518 1233 550 οἷον
1249 522 1279 550 ἂν
1292 521 1315 550 εἴ
1327 534 1365 554 τις
1378 522 1421 550 τὸν
1434 521 1512 560 φόὸον
1527 524 1622 551 ἐκεῖνον
1635 522 1764 557 ἐκςαλὼν,

1000 567 1066 604 μετὰ
1080 569 1127 601 τῆς
1141 570 1239 607 τρυφῆς
1261 569 1348 597 ἀθλεῖν
1371 567 1516 607 προτρέποι
1530 590 1536 602 ,
1552 568 1597 596 καὶ
1617 568 1659 596 τὸν
1675 570 1765 606 ἀγῶνα

1000 613 1142 652 προτιθεὶς,
1160 613 1331 652 ἐπαγγέλοιτο
1354 612 1448 651 μηκέτι
1473 614 1508 645 εἷς
1523 613 1642 649 θάνατον,
1657 615 1714 642 ἀλλ’
1730 615 1766 646 εἷς

1001 658 1135 696 βασιλείαν
1150 661 1266 698 ἀγαγεῖν.
1280 658 1367 687 Τίνων
1382 654 1425 688 οῧν
1440 659 1570 694 ἠθέλησας
1585 658 1615 687 σὺ
1630 659 1763 697 γενέσθαι,

1000 705 1051 731 τῶν
1066 706 1091 733 ἐν
1112 707 1150 743 τῷ
1171 705 1343 745 δεσμωτηρίῳ
1358 705 1550 743 λιπαινομένων
1568 705 1633 742 μετὰ
1647 709 1692 734 τοῦ
1705 707 1762 734 καθ’

1001 751 1112 785 ἑκάστην
1139 751 1240 789 ἡμέραν
1265 751 1310 786 τὴν
1338 751 1468 790 ἀπόφασιν
1493 751 1651 790 προσδοκᾷν,
1669 750 1686 785 ἢ
1712 752 1763 779 τῶν

1001 796 1146 825 ἀθλούντων
1166 796 1268 830 πολλὰ,
1288 797 1333 825 καὶ
1358 795 1505 825 πονούντων
1531 796 1628 831 ἑκοντὶ,
1643 796 1712 825 ὥστε
1735 796 1765 825 τὸ

1001 842 1117 879 διάδημα
1133 844 1178 876 τῆς
1194 842 1327 880 βασιλείας
1340 842 1534 876 ἀναδήσασθαι;
1552 841 1634 880 εΟρόιίς
1648 844 1704 875 πῶς
1719 843 1766 870 αὒ-

1000 890 1051 916 τῶν
1066 883 1113 927 ’ἦρε
1126 887 1174 923 τὴν
1188 887 1285 926 ψυχὴν,
1300 888 1344 915 καὶ
1363 887 1507 926 μετεώρους
1529 888 1685 926 εἷργάσατο;
1702 887 1766 916 Δεί-

1000 946 1074 962 κνυσι
1089 933 1114 962 δὲ
1128 935 1156 962 οὐ
1172 934 1215 962 τὸν
1232 933 1341 961 Θάνατον
1358 933 1435 970 μόνον
1450 932 1628 970 πεπαυμένον,
1645 932 1713 961 ἀλλὰ
1724 933 1766 962 διὰ

999 980 1088 1008 τούτου
1102 982 1221 1008 κάκεῖνον
1236 979 1279 1008 τὸν
1296 978 1423 1007 ἄσπονδον
1438 979 1502 1018 πρὸς
1518 981 1588 1016 ἡμᾶς
1609 978 1650 1006 ἀεὶ
1664 978 1707 1007 τὸν
1720 978 1768 1007 πό-

997 1027 1076 1063 λεμον
1094 1025 1291 1064 ἐπανῃρημένον
1306 1025 1351 1052 καὶ
1374 1024 1596 1062 ἐπιδεικνύμενον,
1611 1025 1655 1053 τὸν
1680 1023 1768 1052 διάδο-

998 1073 1042 1100 λον
1054 1072 1122 1110 λέγω
1137 1071 1349 1111 καταργηθέντα·
1365 1073 1378 1098 ὁ
1390 1070 1439 1109 γὰρ
1453 1070 1562 1099 Θάνατον
1578 1070 1614 1108 μὴ
1630 1069 1768 1104 δεδοικὼς,

999 1117 1047 1150 ἔξω
1063 1120 1109 1152 τῆς
1121 1117 1269 1155 τυραννίδος
1282 1116 1335 1144 ἐστὶ
1356 1119 1400 1144 τοῦ
1419 1116 1551 1145 διαὸόλου.
1572 1117 1605 1145 Εἰ
1617 1116 1666 1154 γὰρ
1682 1115 1768 1154 δέρμα

1000 1163 1064 1203 ὑπὲρ
1079 1163 1206 1202 δέρματος
1216 1186 1222 1198 ,
1238 1163 1282 1191 καὶ
1298 1163 1384 1191 πάντα
1398 1163 1454 1197 δοίη
1470 1162 1499 1191 ἄν
1515 1174 1553 1194 τις
1568 1162 1632 1202 ὑπὲρ
1655 1164 1701 1196 τῆς
1713 1163 1768 1202 ψυ-

999 1211 1050 1247 χῆς
1063 1211 1154 1237 αὐτοῦ·
1170 1209 1232 1238 ὅταν
1255 1208 1299 1236 καὶ
1316 1208 1411 1243 ταύτης
1432 1206 1507 1246 κρίνῃ
1521 1220 1560 1241 τις
1583 1213 1766 1248 καταφρονεῖν,

999 1254 1068 1287 τίνος
1090 1255 1164 1284 ἔσται
1180 1256 1269 1287 δοῦλος
1286 1254 1389 1288 λοιπόν;
1404 1255 1505 1283 Οὐδένα
1529 1255 1654 1290 δέδοικεν,
1674 1255 1765 1283 οὐδένα

1000 1301 1127 1339 φοὸεῖται,
1137 1301 1242 1330 πάντων
1257 1301 1327 1329 ἐστὶν
1342 1299 1480 1339 ἀνώτερος,
1489 1301 1533 1328 καὶ
1548 1301 1652 1329 πάντων
1663 1301 1766 1329 ἐλευθε-

1001 1346 1173 1385 ριι()τερος.“Ο
1188 1347 1240 1385 γὰρ
1253 1349 1300 1381 τῆς
1314 1348 1401 1384 ψυχῆς
1411 1349 1458 1380 τῆς
1474 1348 1566 1375 ἑαυτοῦ
1581 1349 1766 1386 καταφρονῶν,

999 1394 1088 1431 πολλῷ
1114 1393 1213 1430 μᾶλλον
1242 1395 1293 1421 τῶν
1318 1393 1413 1420 ἄλλων.
1428 1391 1514 1420 τὈϊαν
1540 1392 1567 1421 δὲ
1593 1392 1653 1431 εὕρῃ
1680 1392 1767 1432 ψυχὴν

999 1438 1123 1473 τοιαύτην
1137 1441 1150 1467 ὁ
1165 1438 1284 1470 διάέολος
1295 1460 1302 1473 ,
1318 1437 1389 1466 οὐδὲν
1405 1437 1566 1476 ἐργάσασθαι
1587 1438 1724 1473 δυνήσεται
1739 1440 1767 1467 ἐν

1001 1481 1065 1522 αὖτῇ
1082 1486 1132 1512 τῶν
1148 1486 1248 1512 ἑαυτοῦ.
1265 1483 1300 1512 Τι’
1320 1483 1383 1522 γὰρ,
1398 1483 1455 1511 εἶπέ
1476 1495 1535 1520 μοι;
1557 1483 1703 1522 χρημάτων
1720 1486 1770 1519 ζη-

1002 1529 1064 1566 μίαν
1080 1529 1218 1564 ἀπειλήσει
1233 1529 1278 1557 καὶ
1294 1528 1399 1566 ἀτιμίαν
1420 1529 1464 1557 καὶ
1481 1529 1604 1568 πατρίδος
1619 1530 1768 1566 ἔκπτωσιν3

1002 1574 1069 1603 ἀλλὰ
1084 1578 1165 1603 ταῦτα
1181 1574 1263 1614 μικρὰ
1278 1577 1314 1613 τῷ
1330 1573 1395 1611 μηδὲ
1417 1573 1464 1609 ’τὴν
1488 1575 1575 1613 ψυχὴν
1591 1575 1681 1613 τιμίαν
1697 1578 1770 1604 τιθε-

1003 1618 1087 1658 μένῳ,
1108 1619 1178 1647 κατὰ
1198 1619 1242 1646 τὸν
1272 1618 1400 1656 μακάριον
1427 1619 1544 1647 Παῦλον.
1565 1619 1647 1658 (Ορᾷς
1661 1619 1700 1648 ὅτι
1727 1622 1770 1647 τοῧ

1003 1663 1111 1691 θανά-,ου
1137 1663 1185 1697 τὴν
1208 1662 1347 1700 τυραννίδα
1373 1661 1502 1697 infixam,
1528 1662 1704 1700 συγ-κατέλυσε
1726 1663 1771 1691 καὶ

632 1778 804 1808 MUTIANO
826 1779 1078 1809 SCHOLASTICO
1101 1781 1350 1810 INTERPRETE.

217 1870 318 1898 nestius
331 1869 365 1898 ab
377 1869 438 1897 aliis
459 1869 504 1907 qui
519 1869 545 1896 in
561 1868 666 1897 deliciis
681 1869 817 1898 constituti
835 1877 907 1906 sunt,
921 1871 966 1908 qui
982 1870 1049 1899 nihil
1064 1872 1134 1911 passi
1155 1879 1227 1908 sunt,
1243 1872 1289 1910 qui
1303 1871 1330 1900 in
1345 1871 1437 1899 laetitia
1459 1870 1718 1910 degunt:siquide1n
1734 1872 1774 1900 illi

217 1917 262 1954 qui
284 1928 332 1956 per
347 1927 451 1944 omnem
466 1916 549 1944 vitam
564 1916 614 1943 sub
636 1916 730 1944 timore
752 1917 844 1945 mortis
861 1918 990 1956 agebant,
1004 1925 1029 1946 et
1044 1919 1114 1948 servi
1128 1926 1202 1947 erant
1212 1941 1219 1955 ‚
1235 1919 1305 1947 idem
1321 1918 1354 1946 ab
1368 1918 1461 1947 eadem
1476 1926 1537 1947 sunt
1552 1918 1669 1954 liberati,
1687 1926 1712 1947 et
1724 1919 1775 1947 de-

217 1963 303 1992 rident
314 1974 383 1999 eam,
396 1973 476 2000 quam
488 1962 528 1990 illi
541 1962 705 1990 horrescunt.
715 1962 782 1991 Tale
792 1963 862 1991 enim
874 1970 911 1992 est
927 1974 1014 2001 nunc,
1028 1965 1106 2002 quale
1121 1966 1142 1993 si
1157 1965 1292 2004 quispiam
1304 1965 1424 1993 vinctum
1439 1964 1556 2002 aliquem
1571 1964 1776 2004 producendum

217 2010 252 2038 ad
269 2016 379 2038 mortem
389 2031 396 2045 ,
411 2015 436 2036 et
452 2018 555 2046 semper
570 2007 621 2035 hoc
632 2015 844 2047 exspectantem,
858 2009 985 2048 pinguem
1006 2010 1102 2039 reddat
1116 2022 1149 2039 ex
1165 2011 1259 2039 multis
1277 2010 1392 2039 deliciis.
1408 2010 1476 2038 Tale
1497 2010 1601 2048 aliquid
1621 2017 1676 2039 erat
1696 2010 1777 2039 etiam

219 2067 289 2085 mors
305 2055 414 2093 antiquo
430 2061 546 2093 tempore
559 2065 565 2081 :
578 2064 647 2082 nunc
668 2062 757 2083 autem
770 2055 853 2084 veluti
868 2056 890 2084 si
904 2057 1047 2095 quisquam
1062 2057 1140 2085 illum
1155 2057 1279 2085 timorem
1300 2056 1462 2092 excludens,
1477 2066 1538 2084 cum
1559 2056 1663 2084 deliciis
1683 2066 1775 2094 agens,

221 2102 407 2142 pronuntietur
422 2107 598 2140 pugnaturuS,
611 2107 636 2128 et
649 2108 782 2140 proponat
803 2113 930 2140 agonem,
943 2110 973 2131 ut
983 2104 1041 2143 jam
1057 2114 1107 2132 non
1123 2104 1156 2132 ad
1179 2110 1290 2132 mortem
1301 2125 1309 2138 ‚
1326 2101 1373 2131 sed
1389 2113 1404 2130 a
1419 2111 1530 2140 regnum
1554 2101 1716 2130 adducatur.
1733 2102 1777 2130 Ex

222 2150 321 2188 quibus
331 2159 386 2177 esse
397 2148 489 2185 velles,
506 2147 581 2176 exiis
593 2147 638 2184 qui
654 2148 681 2175 in
696 2148 815 2176 custodia
842 2149 1046 2189 pinguescerent
1059 2174 1065 2187 ,
1081 2150 1245 2189 quotidianis
1259 2149 1354 2178 diebus
1369 2148 1523 2177 sententiam
1537 2148 1578 2176 sui
1592 2148 1715 2177 interitus
1730 2159 1778 2177 ex-

224 2203 370 2235 spectantes
381 2206 427 2224 :an
438 2206 471 2224 ex
485 2194 540 2223 illis
552 2194 711 2233 pugnaturis
726 2194 834 2232 quidem
848 2197 972 2234 multum,
984 2204 1008 2226 et
1023 2197 1183 2226 laboraturis
1199 2197 1319 2226 ultronea
1334 2196 1483 2233 voluntate,
1495 2202 1524 2223 ut
1536 2194 1658 2224 diadema
1670 2195 1778 2224 tandem

226 2242 299 2281 regni
320 2241 486 2280 suscipiant?
500 2240 616 2269 Intueris
629 2240 764 2278 quomodo
790 2243 880 2280 rapuit
902 2254 995 2272 eorum
1018 2244 1150 2279 animum,
1165 2251 1189 2272 et
1203 2242 1347 2283 pendentes
1369 2249 1449 2280 atque
1464 2248 1646 2281 exspectantes
1667 2241 1778 2270 effecit?

226 2289 351 2317 Ostendit
365 2295 452 2316 autem
463 2299 514 2317 non
530 2294 640 2316 mortem
653 2294 756 2316 tantum
770 2289 914 2328 quievisse,
926 2290 971 2319 sed
983 2302 1030 2330 per
1043 2291 1113 2320 hanc
1127 2291 1207 2320 etiam
1222 2290 1310 2327 illum,
1323 2290 1368 2328 qui
1389 2289 1531 2319 adversum
1543 2299 1591 2317 nos
1604 2288 1707 2317 bellum
1722 2288 1779 2317 sine

226 2333 322 2362 foedere
339 2343 442 2372 semper
455 2332 582 2368 instituit,
596 2331 734 2360 diabolum
746 2331 806 2361 dico
819 2341 985 2363 evacuatum.
1001 2336 1056 2370 Qui
1070 2336 1141 2365 enim
1154 2342 1266 2364 mortem
1276 2345 1327 2363 non
1344 2335 1430 2371 timet,
1444 2341 1519 2363 extra
1534 2333 1705 2374 tyrannidem
1720 2333 1780 2362 dja-

227 2381 282 2409 boli
296 2380 453 2409 constitutus
467 2387 515 2408 est.
531 2379 560 2408 Si
575 2379 645 2408 enim
660 2379 757 2419 pellem
771 2391 820 2419 pro
833 2381 911 2420 pelle,
928 2389 953 2410 et
968 2384 1057 2412 omnia
1074 2383 1120 2412 dat
1134 2382 1316 2421 unusquisque
1339 2392 1389 2421 pro
1403 2382 1492 2410 anima
1507 2392 1554 2410 sua
1564 2394 1569 2409 ι
1579 2380 1686 2419 quando
1700 2380 1780 2409 etiam

227 2433 305 2461 istam
317 2427 451 2466 quispiam
463 2427 554 2455 statuit
569 2434 745 2463 contemnere,
758 2428 834 2466 cujus
845 2428 894 2456 erit
904 2428 937 2457 de
948 2437 1041 2458 caetero
1053 2431 1164 2461 servus?
1174 2430 1287 2459 Nullum
1298 2437 1406 2466 metuet,
1419 2429 1522 2457 nullum
1534 2427 1648 2461 timebit,
1659 2427 1779 2455 omnium

226 2475 276 2502 erit
284 2473 415 2513 superior,
425 2473 545 2502 omnium
557 2473 676 2502 liberior.
692 2474 745 2509 Qui
755 2474 824 2503 enim
839 2475 955 2504 animam
966 2487 1040 2505 suam
1052 2478 1205 2516 contemnit,
1216 2477 1300 2506 multo
1311 2477 1426 2516 amplius
1432 2477 1511 2505 etiam
1519 2474 1570 2503 alia
1579 2487 1585 2503 :
1593 2473 1699 2513 quando
1709 2475 1780 2503 enim

227 2519 357 2549 invenerit
369 2520 447 2547 talem
458 2520 574 2549 animam
585 2521 723 2557 diabolus,
732 2521 799 2550 nibil
812 2521 837 2549 in
850 2522 896 2550 illa
905 2533 1013 2551 suorum
1025 2534 1134 2562 operum
1146 2524 1241 2564 poterit
1251 2523 1364 2563 operari.
1377 2522 1448 2557 Quid
1460 2522 1540 2559 enim,
1552 2521 1595 2549 dic
1605 2521 1681 2558 mihi,
1697 2521 1779 2549 mine-

228 2567 289 2596 tur?
299 2567 424 2596 damnum
436 2568 621 2607 pecuniarum,
631 2569 872 2608 inhonorationem,
882 2570 972 2609 patriar
982 2570 1103 2599 ruinam?
1114 2572 1167 2601 Sed
1175 2572 1230 2600 lime
1238 2582 1319 2610 parva
1328 2577 1385 2599 suut
1395 2569 1427 2607 ei,
1436 2569 1480 2607 qui
1490 2578 1573 2606 neque
1581 2568 1696 2596 animam
1704 2578 1779 2596 suam
