1886 2846
479 185 510 208 ΙΝ
541 185 646 209 Et‘ts‘r.

87 247 131 278 καὶ
145 247 315 288 πολυτρόπως
328 246 412 275 πάλαι
425 246 514 279 §Osee
525 248 644 282 λαλήσας
658 251 711 280 τοῖς
725 247 856 287 πατράσιν

87 296 113 322 ἓν
127 299 180 327 τοῖς
195 293 357 333 προφήταις,
370 293 411 321 ἐπ’
427 292 548 331 ἐσχάτων
569 296 621 322 τῶν
638 295 744 332 ἡμερῶν
758 293 855 322 τούτων

86 340 214 375 ἐλάλησεν
227 342 291 377 ἡμῖν
311 339 339 367 ἓν
353 339 418 378 Υἱῷ.
432 338 483 367 Διὰ
504 338 530 366 τί
545 339 582 376 μὴ
602 339 744 373 ἀντέθηχεν
765 338 855 367 ἑαυτὸν

85 391 139 420 τοῖς
151 385 317 425 προφήταις;
330 384 416 414 καίτοι
430 396 460 423 γε
472 385 563 423 πολλῷ
576 384 671 421 μείζων
686 381 718 419 ἦν
732 384 838 414 ἐκείνων
847 407 854 420 ,

84 433 138 472 ὅσῳ
154 432 200 460 καὶ
225 431 331 470 μείζονα
352 430 535 459 ἐπεπίστευτο.
551 430 621 459 Ἀλλ’
637 432 666 459 οὐ
686 435 755 459 ποιεῖ
769 434 854 460 τοῦτο.

84 479 110 508 T
113 478 122 506 ί
136 478 251 514 δήποτε;
267 478 379 517 Πρῶτον
396 475 442 514 μὲν
463 476 493 505 τὸ
512 475 574 515 περὶ
588 478 680 505 ἑαυτοῦ
695 477 798 515 μεγάλα
812 475 856 505 λε’-

85 536 139 563 γειν
153 522 361 563 παραιτούμενος
371 534 377 540 ·
393 521 512 560 δεύτερον
527 521 566 559 δὲ,
583 522 626 550 διὰ
642 522 672 551 τὸ
685 522 744 555 τοὺς
760 523 858 561 ἀκροα-

85 570 133 603 τὰς
155 569 269 608 μηδέπω
295 563 363 597 εἶναι
389 567 503 600 τελείους
521 579 528 585 ·
555 568 601 596 καὶ
625 568 729 608 τρίτον,
759 569 859 607 ἐπᾶραι

108 617 159 645 ,λλ
224 616 252 632 a,
268 614 276 626 x
389 613 395 622 t
540 613 546 623 ι
567 614 579 623 κ
593 613 617 632 -ς
660 626 680 632 —
734 614 740 624 ι
797 616 804 624 s

87 629 125 655 μα
160 627 188 644 ον
204 627 296 647 αυιους
317 615 490 652 βουλομενος,
505 626 550 642 και
565 625 647 647 οειςαι
664 615 760 649 nou-qv
777 625 857 643 ουσαν
876 627 894 650 C

87 661 135 697 τὴν
149 660 292 700 ὑπεροχήν.
309 659 355 693 Ὡς
372 659 402 688 ἂν
417 660 440 688 εἰ
456 659 543 698 ἔλεγε,
557 659 583 688 τί
599 659 667 698 μέγα
682 659 722 688 ὅτι
737 660 858 700 ῧπροφή-

88 720 136 740 τας
157 707 260 745 ἔπεμψε
282 705 347 744 πρὸς
366 705 425 737 τοὺς
441 706 558 744 πατέρας
577 707 673 743 ἡμῶν;
690 706 792 745 ἔπεμψε
807 706 860 745 γὰρ

88 752 154 791 πρὸς
167 755 237 788 ἡμᾶς
253 751 329 780 αὐτὸν
349 750 393 779 τὸν
407 751 470 780 Υἱὸν
492 753 571 780 αὑτοῦ
586 751 630 780 τὸν
653 754 790 791 μονογενῆ.
807 752 860 781 Καὶ

88 799 175 831 καλῶς
192 796 290 837 ἤρξατο
303 796 384 830 οὕτως
407 797 504 833 εἰπὼν,
526 798 690 836 Πολυμερῶς
713 798 757 826 καὶ
779 799 860 827 πολυ-

89 843 210 883 τρόπως·
229 842 344 872 δείκνυσι
366 842 417 881 γὰρ
435 842 475 871 ὅτι
500 842 557 872 οὐδὲ
578 843 652 871 αὐτοὶ
676 845 700 872 οἱ
726 845 860 882 προφῆται

89 889 133 918 τὸν
148 888 216 918 Θεὸν
232 884 298 917 εἶδον
312 900 317 906 ·
333 891 347 917 ὁ
362 888 450 926 μέντοι
465 888 527 920 Υἱὸς
552 883 612 917 εἶδε.
627 889 667 918 Τὸ
687 888 752 928 γὰρ,
767 890 860 917 Πολυ-

91 936 178 974 μερῶς
193 934 239 963 καὶ
262 933 452 974 πολυτρόπως,
469 934 602 970 τουτέστι,
626 934 765 973 διαφόρως.
788 934 860 973 Ἐγὼ

90 982 155 1019 γὰρ,
169 980 263 1019 φησιν,
280 980 383 1020 ὁράσεις
400 980 548 1014 ἐπλήθυνα,
564 980 610 1008 καὶ
625 981 652 1008 ἐν
665 979 742 1019 χερσὶ
757 991 860 1018 προφη-

90 1029 142 1056 τῶν
161 1027 311 1065 ὡμοιώθην.
329 1026 412 1055 ’Ὥστε
433 1027 461 1054 οὐ
477 1025 546 1054 κατὰ
559 1027 637 1054 τοῦτο
652 1026 733 1059 μόνον
744 1029 760 1061 ἠ
777 1027 860 1064 ὑπερ-

91 1073 156 1113 οχὴ,
170 1073 211 1101 ὅτι
231 1072 340 1104 ἐκείνοις
364 1070 410 1109 μὲν
428 1072 562 1110 προφῆται
578 1071 765 1106 ἀπεστάλησαν
775 1092 782 1105 ,
796 1074 860 1109 ἡμῖν

92 1119 119 1148 δὲ
134 1121 148 1148 ὁ
161 1118 238 1154 Υἱὸς,
250 1119 308 1146 ἀλλ’
324 1116 365 1146 ὅτι
377 1116 483 1146 ἐκείνων
496 1116 543 1156 μὲν
558 1117 640 1150 οὖδεὶς
655 1111 708 1146 εἶδε
721 1117 765 1145 τὸν
780 1117 859 1151 Θεὸν,

91 1167 105 1193 ὃ
120 1164 147 1194 δὲ
162 1164 225 1197 Υἱὸς
237 1166 251 1192 ὃ
265 1161 407 1202 μονογενὴς
426 1157 487 1191 εἶδε.
503 1162 557 1191 Καὶ
578 1163 672 1195 εὐθέως
693 1162 741 1201 μὲν
757 1162 820 1192 αὐτὸ
833 1164 862 1192 οὗ

91 1210 193 1247 τίθησι,
212 1209 255 1239 διὰ
279 1208 306 1238 δὲ
326 1210 378 1237 τῶν
397 1208 456 1244 ἑξῆς
477 1207 540 1237 αὐτὸ
561 1208 766 1243 κατασκευάζει,
781 1207 794 1224 b

90 1257 152 1297 περὶ
171 1259 218 1291 τῆς
238 1254 438 1295 ἀνθρωπότητος
458 1253 523 1293 λέγῃ
537 1266 543 1272 ·
557 1254 630 1294 Πρὸς
651 1254 711 1283 τίνα
735 1253 786 1293 γὰρ
809 1256 862 1283 τῶν

91 1302 210 1342 ἀγγέλων
226 1301 346 1341 εἴρηκεν,
359 1300 423 1333 Υἱός
446 1312 496 1339 μου
515 1295 541 1329 εἷ
561 1300 609 1336 σὺ,
623 1295 695 1336 ζκαὶ,
719 1301 809 1330 Κάθου
832 1302 861 1330 ἐκ

92 1348 183 1382 δεξιῶν
194 1359 260 1386 μου;
276 1347 330 1376 Καὶ
343 1346 393 1385 ὅρα
406 1345 454 1382 τὴν
469 1346 571 1376 σύνεσιν
587 1347 666 1376 αὐτοῦ
680 1345 727 1382 τὴν
742 1346 843 1381 πολλήν
854 1358 860 1364 ’

678 185 722 208 ΑΙ)
749 184 905 208 HEBRAEOS
932 182 996 206 CAP
1003 197 1010 204 -

799 1208 862 1238 ὅταν
879 1219 899 1242 D

1042 184 1063 205 ι.
1093 183 1211 206 nomn.
1242 183 1265 205 1.
1638 185 1655 217 7

912 245 1174 283 loquenspatribus
1185 246 1216 271 in
1224 243 1372 282 prophetis
1383 254 1390 269 :
1400 244 1431 270 ιἰι
1442 244 1604 271 novissimis
1613 243 1657 271 his

911 290 1012 318 diebus
1037 289 1174 328 loquutus
1197 296 1240 317 est
1255 289 1338 317 nobis
1360 290 1392 316 in
1408 288 1498 316 Filio.
1524 288 1580 316 Cur
1602 298 1656 317 non

911 335 1028 375 seipsum
1043 335 1170 374 opposuit
1184 335 1346 375 prophetis?
1363 334 1437 373 atqui
1451 341 1509 363 erat
1530 334 1585 363 illis
1599 335 1656 363 lon-

910 393 943 422 ge
965 383 1062 422 major,
1084 393 1139 421 quo
1153 382 1234 411 ctiam
1250 382 1352 421 majora
1376 381 1483 410 fuerant
1504 381 1528 410 ei
1542 381 1654 411 eredita.

911 428 965 459 Sed
977 428 1029 457 hoc
1048 438 1101 457 nou
1116 427 1190 457 facit.
1207 428 1322 463 Quare?
1338 428 1462 456 Primum
1476 427 1587 466 quidem
1601 438 1658 456 ma-

912 485 964 514 gna
975 474 1010 504 de
1023 485 1051 504 se
1064 474 1154 503 dicere
1168 484 1293 503 recusans
1307 486 1313 501 :
1328 474 1446 503 secundo
1460 480 1562 511 autem,
1585 473 1659 512 quod

912 519 1032 549 nondum
1045 520 1156 560 perfecti
1168 526 1254 549 essent
1267 519 1406 548 auditores
1422 531 1428 547 :
1442 519 1532 556 tertio,
1545 529 1589 548 eos
1602 530 1660 548 ma-

912 566 953 605 gis
974 565 1066 595 volens
1081 565 1220 602 extollere,
1243 572 1268 594 ct
1293 565 1431 594 ostendere
1452 575 1578 604 magnam
1603 575 1660 594 esse

913 611 1130 652 praecellentiam.
1146 611 1231 647 Quasi
1246 611 1347 641 diceret
1362 624 1368 641 :
1385 611 1459 647 Quid
1473 622 1602 650 magnum
1621 618 1660 640 est

915 657 987 696 quod
1001 657 1145 697 prophetas
1161 657 1236 686 misit
1257 657 1292 686 ad
1303 664 1394 697 patres
1409 664 1513 686 nostros
1523 658 1536 685 ἐ’
1553 657 1587 685 ad
1612 667 1661 685 nos

915 705 986 733 enim
1011 704 1084 732 misit
1113 704 1214 732 Filium
1236 714 1315 733 suum
1339 703 1518 744 unigenitum.
1541 703 1662 732 Pulchre

913 758 1002 780 nutem
1023 750 1062 780 sic
1080 750 1196 790 incepit,
1212 751 1415 790 IlIultisariam
1431 750 1587 790 multisque
1602 760 1662 778 mo-

914 798 959 826 dis
974 809 981 824 .-
998 797 1114 826 ostendit
1127 797 1198 825 enim
1208 796 1281 835 quod
1294 806 1325 825 ne
1337 796 1388 836 ipsi
1403 796 1513 835 quidem
1523 796 1661 836 prophetae

915 844 1004 872 Deum
1020 842 1165 880 viderunt5
1181 842 1268 871 Filius
1291 852 1356 871 vero
1375 842 1454 871 vidit.
1478 841 1554 871 Illud
1577 842 1661 879 enim,

914 889 1118 928 stlztlttsariam
1133 888 1290 927 multisque
1304 888 1408 922 modis,
1423 887 1476 916 hoc
1493 895 1541 924 est,
1557 887 1663 916 diverse

915 941 939 962 et
954 934 1037 962 varie.
1054 935 1119 972 Ego
1134 934 1216 970 enim,
1234 934 1331 972 inquit,
1347 934 1544 973 multiplicavi
1568 935 1662 962 visio-

916 991 977 1015 nes,
995 987 1023 1009 et
1035 982 1067 1008 in
1078 982 1214 1009 manibus
1224 981 1432 1019 prophetarum
1441 991 1505 1010 sum
1516 980 1662 1010 assimila-

917 1033 971 1055 tus.
986 1026 1169 1063 Quamobrem
1179 1037 1232 1055 non
1249 1027 1276 1055 in
1286 1027 1337 1057 hoc
1349 1027 1436 1056 solum
1451 1034 1491 1057 est
1502 1028 1662 1068 praecellen-

917 1072 965 1108 tia,
984 1070 1057 1109 quod
1070 1071 1104 1099 ad
1117 1071 1177 1100 illos
1187 1071 1298 1109 quidem
1308 1072 1447 1102 missisunt
1467 1072 1615 1113 prophetae,
1627 1073 1663 1102 ad

917 1128 964 1147 nos
989 1125 1078 1146 autem
1092 1117 1198 1154 Filius;
1221 1117 1268 1146 sed
1282 1118 1362 1146 etiam
1377 1120 1451 1157 quod
1466 1120 1574 1149 illorum
1601 1121 1663 1159 qui-

917 1163 979 1192 dem
998 1163 1089 1192 nullus
1105 1162 1174 1192 vidit
1189 1164 1288 1199 Deum,
1304 1163 1375 1193 vidit
1389 1171 1479 1193 autem
1502 1166 1587 1194 Filius
1602 1167 1663 1195 uni-

917 1209 1031 1249 genitus.
1046 1209 1083 1238 Et
1096 1209 1148 1238 hoc
1160 1208 1268 1248 quidem
1281 1219 1333 1238 non
1347 1209 1438 1238 statim
1457 1211 1543 1250 ponit,
1568 1212 1664 1250 probat

918 1262 1008 1285 autem
1031 1266 1121 1295 perca
1146 1265 1205 1294 quae
1222 1254 1348 1294 deinceps
1373 1262 1522 1293 sequuntur
1544 1268 1550 1284 2
1568 1266 1663 1296 nempe

917 1302 1026 1342 quando
1041 1302 1108 1331 dicit
1130 1301 1164 1331 de
1178 1301 1344 1330 humanitate
1362 1313 1369 1330 z
1388 1302 1444 1331 Cui
1457 1304 1534 1330 enim
1547 1304 1662 1342 angelo-

885 1375 896 1393 ⁶
919 1361 983 1380 rum
998 1351 1074 1379 dixit
1087 1362 1096 1378 .-
1112 1351 1209 1379 Filius
1226 1359 1306 1378 meus
1321 1360 1351 1379 es
1364 1356 1394 1379 tu
1404 1352 1417 1378 ?
1429 1357 1464 1388 et,
1478 1351 1552 1380 Sede
1563 1361 1582 1379 a
1594 1351 1663 1380 dex-

92 1396 216 1434 *ffpffiwv
227 1394 280 1423 ἀπὸ
293 1394 434 1433 προφητῶν
448 1392 563 1421 δείκνυσι
573 1392 622 1428 τὴν
637 1392 771 1432 ὑπεροχήν
785 1405 790 1410 ·
805 1388 860 1422 εἶτα
879 1404 899 1426 Α
919 1399 971 1426 tris
994 1399 1065 1426 meis
1077 1399 1090 1425 Ξ*
1114 1395 1186 1426 Vide
1207 1403 1298 1425 autem
1321 1406 1447 1435 magnam
1467 1396 1525 1436 ejus
1542 1396 1663 1436 pruden-

90 1443 126 1474 ὣς
139 1439 347 1479 ὁμολογούμενον
363 1441 446 1468 ἐκεῖνο
460 1439 672 1477 κατασκευάσας,
686 1439 861 1479 ἀποφαίνεται

90 1486 196 1522 λοιπὸν,
206 1485 248 1515 ὅτι
263 1485 370 1518 ἐκείνοις
382 1485 430 1522 μὲν
444 1484 487 1513 διὰ
500 1487 552 1514 τῶν
563 1487 707 1525 προφητῶν
722 1485 860 1522 ἐλάλησεν,

89 1536 154 1571 ἡμῖν
168 1533 195 1562 δὲ
209 1532 252 1560 διὰ
273 1533 318 1560 τοῦ
334 1532 507 1569 Μονογενοῧς.
522 1532 576 1560 ‘'Ei
591 1531 618 1560 δὲ
632 1531 677 1560 καὶ
695 1531 729 1560 δι’
742 1531 864 1570 ἀγγέλων

125 1630 136 1642 ·
151 1623 194 1648 sic
203 1621 379 1652 Colbertinus,
390 1628 467 1656 atque
479 1622 514 1648 ita
524 1623 583 1656 legii
593 1623 724 1656 Interpres
735 1623 849 1655 Latinus,

92 1662 161 1688 Ediu
173 1661 314 1694 [?Ver0n.‚
327 1662 438 1693 Corum„
451 1661 528 1687 Savit.
543 1670 602 1687 eum
619 1663 648 1687 B.
666 1662 750 1698 προρ]
762 1665 850 1698 ὑποφή-

92 1714 142 1731 τας.
154 1700 294 1733 Prophetas
303 1709 401 1733 quoque
413 1700 476 1725 dicit
487 1701 615 1726 Mutianus
625 1707 695 1727 vetus
708 1702 846 1733 Interpres,

91 1741 122 1766 de
130 1742 213 1774 quoin
225 1740 373 1765 Przesatione
383 1746 468 1764 actum
479 1740 536 1766 fuit.

125 1782 138 1800 b
157 1781 200 1812 [B.
214 1786 240 1804 et
252 1787 331 1812 marg.
345 1778 422 1804 Savil.
434 1783 488 1805 ὅταν
501 1781 568 1814 γάρ]

916 1443 982 1471 tiam
994 1455 1001 1472 ε
1013 1454 1027 1472 a
1037 1442 1176 1483 prophetis
1184 1442 1304 1482 primum
1314 1442 1430 1471 ostendit
1439 1442 1662 1482 praecellentiam:

917 1486 1015 1516 deinde
1037 1497 1099 1515 cum
1120 1485 1191 1515 illud
1207 1485 1390 1515 confirmasset
1403 1493 1540 1525 tamquam
1555 1485 1590 1515 de
1609 1497 1663 1525 quo

918 1537 1058 1568 constaret,
1075 1530 1232 1571 pronuntiat
1247 1529 1320 1569 quod
1338 1530 1393 1559 illis
1407 1530 1516 1569 quidem
1534 1530 1663 1570 loquutus

936 1624 946 1636 ²
967 1623 1030 1658 [Hic
1042 1623 1131 1656 incipit
1141 1623 1202 1656 Reg.
1217 1623 1258 1655 Α.]

933 1672 943 1684 ι
962 1663 1060 1697 mdiu,
1078 1669 1184 1695 excepto
1201 1661 1295 1688 Savilio
1313 1669 1387 1694 quem
1406 1660 1485 1686 secuti
1498 1669 1597 1692 sumus,
1612 1663 1661 1688 :trae

899 1707 935 1729 καὶ
947 1703 974 1730 δι’
988 1706 1088 1735 ἀγγέλων
1108 1706 1205 1731 ἐκείνοις.
1219 1705 1257 1728 καὶ
1270 1705 1337 1728 τοῦτο
1348 1704 1416 1727 πάλιν
1428 1705 1590 1732 ›taraone-seiger
1601 1706 1661 1727 εὶιό-

899 1755 951 1772 τως,
965 1746 1003 1768 χαὶ
1017 1747 1061 1776 γὰρ
1077 1746 1115 1768 χαὶ
1136 1747 1188 1774 2377.
1202 1741 1234 1766 Et
1246 1742 1281 1766 sie
1295 1742 1322 1765 A.
1336 1741 1363 1765 Β.
1379 1747 1404 1765 et
1414 1747 1485 1766 vetus
1497 1746 1523 1766 et.
1535 1742 1661 1766 recentior

900 1781 1026 1815 lutei-prr]

513 1865 688 1895 MUTIANO
710 1866 969 1898 SCHOLASTICO
991 1868 1246 1898 INTERPRETE.

90 1951 127 1978 tis
139 1960 148 1976 .·
162 1950 194 1977 in
206 1949 371 1977 novissimis
384 1953 483 1976 autem
497 1947 598 1976 diebus
611 1947 749 1986 loquutus
762 1955 804 1977 est
821 1950 904 1978 nobis
917 1951 949 1978 in
963 1949 1044 1978 Filio
1055 1959 1119 1978 suo.
1137 1949 1228 1984 Quare
1239 1948 1383 1988 prophetas
1397 1948 1550 1987 nominans,
1566 1956 1661 1979 semet-

88 1996 177 2036 ipsum
186 2002 279 2025 contra
290 2005 343 2024 non
357 1994 472 2034 posuit?
483 1994 618 2033 siquidem
630 1995 667 2024 eis
683 2001 756 2024 tanto
769 1997 856 2035 major
868 1996 1001 2033 exstabat,
1013 2003 1114 2035 quanto
1126 1996 1151 2025 ei
1164 1996 1250 2025 fuerat
1262 1995 1428 2035 dispensatio
1441 1996 1581 2026 commissa
1592 2008 1660 2036 prae-

89 2045 195 2074 clarior.
211 2043 265 2074 Sed
279 2053 332 2073 non
346 2043 403 2072 haec
426 2043 496 2072 fecit.
512 2042 589 2079 Quid
603 2043 639 2072 ita
651 2043 665 2072 Ρ
680 2043 803 2073 Primum
819 2043 939 2083 quidem,
954 2043 1018 2083 quia
1033 2043 1068 2073 de
1092 2044 1180 2083 seipso
1196 2044 1297 2082 majora
1313 2043 1402 2071 dicere
1423 2044 1557 2072 recusavit
1570 2055 1576 2071 :
1591 2045 1659 2073 alte-

89 2102 151 2121 rum
165 2101 238 2128 vero,
251 2090 315 2130 quia
328 2089 443 2119 necdum
457 2097 532 2119 erant
548 2090 684 2120 auditores
701 2091 812 2131 perfecti
825 2103 831 2119 ι
848 2091 957 2120 tertium
971 2097 1072 2126 autem,
1088 2091 1152 2130 quia
1167 2089 1276 2119 volebat
1289 2100 1382 2118 eorum
1397 2096 1498 2119 mentes
1513 2090 1623 2129 erigere,
1635 2098 1661 2120 et

87 2139 235 2174 ostendere,
254 2148 383 2177 magnam
396 2148 453 2167 esse
465 2138 605 2178 praesentis
620 2138 794 2168 eminentiam
809 2139 937 2179 temporis
953 2151 958 2166 :
976 2139 1060 2168 veluti
1081 2138 1104 2168 si
1118 2139 1221 2168 diceret
1235 2150 1241 2166 :
1257 2137 1332 2174 Quid
1347 2147 1485 2175 magnum,
1506 2137 1528 2166 si
1544 2139 1660 2178 prophe-

90 2194 131 2216 tas
152 2187 227 2215 misit
241 2185 364 2226 patribus
379 2186 476 2215 nostris
486 2186 500 2214 Ρ
516 2186 593 2215 nobis
607 2187 679 2216 enim
693 2187 834 2227 proprium
849 2187 950 2216 Filium
965 2186 1134 2226 unigenitum
1149 2186 1231 2215 misit.
1248 2185 1283 2214 Et
1298 2185 1366 2214 hene
1380 2185 1444 2214 satis
1458 2195 1569 2214 exorsus
1589 2193 1628 2215 est
1651 2199 1657 2214 :

91 2234 270 2274 Multifarie,
285 2233 382 2272 inquit,
399 2240 427 2262 et
440 2234 542 2263 multis
557 2235 661 2263 modis.
679 2234 805 2264 Ostendit
821 2235 892 2264 enim
906 2235 1034 2274 quoniam
1048 2244 1135 2273 neque
1157 2234 1210 2274 ipsi
1226 2233 1363 2273 prophetie
1380 2232 1495 2272 gratiam
1512 2234 1600 2262 Deum
1614 2234 1660 2263 vi·-

90 2279 172 2310 dendi
186 2287 391 2319 promeruerunt
413 2294 419 2309 :
436 2281 523 2311 Filius
537 2289 625 2311 autem
639 2281 718 2311 vidit.
736 2282 858 2312 Dicendo
873 2283 954 2320 enim,
972 2282 1145 2322 MultifarIe
1158 2288 1185 2311 et
1203 2282 1304 2310 multis
1320 2281 1423 2317 modis,
1439 2280 1574 2320 significat
1587 2282 1659 2320 quod

89 2327 155 2357 alibi
170 2327 275 2356 dictum
286 2333 326 2356 est
344 2339 351 2355 τ
368 2328 432 2367 Ego
444 2331 523 2358 enim
536 2331 665 2359 visiones
681 2330 879 2368 multiplicavi
899 2343 907 2357 :
923 2337 950 2360 et
971 2332 1004 2359 in
1020 2332 1155 2359 manibus
1167 2330 1377 2369 prophetarum
1391 2329 1574 2357 assimilatus
1584 2339 1658 2358 sum.

91 2373 207 2403 Proinde
220 2383 273 2402 non
290 2372 437 2403 secundum
451 2374 503 2404 hoc
517 2376 605 2404 solum
620 2376 764 2405 eminentia
778 2376 941 2413 declaratur,
957 2377 1021 2415 quia
1038 2376 1102 2406 ¹illis
1117 2375 1228 2415 quidem
1242 2375 1380 2415 propheta:
1395 2374 1471 2403 missi
1495 2381 1567 2411 sunt,
1582 2375 1660 2404 nobis

91 2427 181 2450 autem
190 2420 286 2456 Filius,
297 2419 344 2449 sed
354 2420 434 2450 etiam
445 2421 518 2460 quod
528 2422 636 2452 illorum
647 2434 723 2453 nemo
732 2423 803 2453 vidit
813 2425 910 2461 Deum,
920 2424 1020 2454 Filium
1031 2432 1120 2454 autem
1132 2424 1300 2463 unigenitum
1312 2422 1412 2452 vidisse
1423 2429 1526 2452 constat
1538 2433 1593 2452 esse
1603 2434 1658 2452 ma-

97 2469 232 2498 nisoetum.
244 2467 280 2497 Et
290 2467 342 2497 hoc
351 2467 461 2507 quidem
472 2469 623 2507 statimwnon
635 2472 722 2511 ponit,
733 2471 780 2502 sed
792 2472 819 2502 in
831 2473 1053 2512 consequentibus
1067 2472 1194 2509 adstruit,
1207 2471 1314 2510 quando
1324 2470 1359 2500 de
1370 2470 1537 2500 humanitate
1559 2471 1659 2500 Christi

92 2517 221 2556 loquutus
234 2522 284 2546 est.
302 2517 360 2546 Cui
375 2518 453 2546 enim
469 2518 640 2558 angelorum
656 2520 731 2549 dixit
753 2531 761 2548 .-
778 2521 875 2550 Filius
890 2532 970 2550 meus
987 2531 1017 2550 es
1031 2528 1062 2550 tu
1083 2533 1091 2549 :
1111 2521 1182 2550 Sede
1202 2530 1221 2548 a
1235 2520 1347 2548 dextris
1363 2520 1432 2548 meis
1443 2521 1456 2546 Ρ
1472 2518 1660 2558 Contemplam-

91 2564 262 2604 prudentiam
277 2565 365 2594 Pauli.
385 2565 474 2595 Primo
486 2577 521 2595 cx
536 2567 674 2606 prophetis
687 2568 858 2599 eminentiam
873 2569 947 2599 nisus
962 2576 1000 2599 est
1014 2568 1166 2608 approbare
1181 2580 1186 2596 :
1200 2567 1298 2597 deinde
1312 2567 1394 2596 veluti
1410 2566 1460 2595 hoc
1477 2576 1600 2595 concesso
1611 2564 1658 2592 ad-

1703 292 1784 313 Paulu-

1671 323 1742 352 majnr
1764 332 1815 352 pro-

1671 355 1752 384 plutis.

1676 947 1734 969 Osce
1749 954 1784 971 12.

1678 984 1714 1001 ιο.

1675 1323 1700 1339 v.
1719 1314 1741 1337 5.
1751 1315 1817 1337 11¹3.
