1906 2846
117 1013 173 1033 Gen.
187 1013 208 1035 6.
223 1019 246 1042 9.

279 207 346 253 390
618 214 646 235 S.
677 212 815 236 JOANMS
842 212 1022 235 cttnx'SOST.
1053 211 1204 234 ARCtttEP.
1233 210 1502 233 CONsTtN'rtxot‘.

273 284 319 306 aut
335 283 494 316 potestatum
511 274 737 313 incorporearum.
752 273 781 302 Si
798 273 836 301 sic
850 273 1013 307 moriamur,
1071 273 1170 304 αὐτοῖς·
1183 272 1212 300 οὐ
1236 271 1287 310 γὰρ
1301 274 1438 310 πανταχοῦ
1452 271 1482 300 τὸ
1501 272 1589 301 ’δοκοῦν
1605 273 1749 312 συμφέρον·
1763 268 1836 305 οἶτος

274 332 335 353 tunc
351 325 482 352 vivemus.
494 321 529 349 Et
541 320 661 360 apposite
674 319 745 348 dixit
763 331 768 347 z
782 321 821 348 Et
837 320 883 348 illi
897 321 1014 358 quidem
1070 319 1098 347 δὲ
1110 317 1174 357 πρὸς
1186 318 1215 346 τὸ
1228 317 1368 356 συμφέρον.

271 374 282 398 1'
285 382 302 398 n
314 377 440 406 tempore
446 377 604 406 paucorum
613 367 723 394 dierum
732 366 903 394 erudiebant
913 376 1014 394 secun-

271 417 339 443 dam
353 415 537 443 volantatem
549 422 633 440 suam
647 423 655 438 .-
671 421 723 439 non
738 411 807 439 enim
825 422 928 450 semper
941 412 1014 449 quod

269 461 388 492 videtur,
403 466 441 488 cst
453 459 518 487 utile
533 470 540 486 :
556 458 599 486 hic
615 464 704 486 autem
721 457 755 486 ad
770 456 797 485 id
809 457 881 496 quod
897 457 964 486 utile
975 464 1013 486 est

270 506 370 535 erudit.

309 553 337 579 5.
358 551 405 579 Est
419 560 481 588 ergo
498 548 643 588 disciplina
658 548 747 584 utilis,
762 556 800 578 est
820 560 882 588 ergo
903 549 1012 589 partici-
1030 554 1048 576 D
1106 549 1201 589 ''Aparw‘q
1219 550 1326 579 παιδεία
1340 550 1482 589 συμφέρον,
1497 549 1548 589 ἄρα
1564 552 1579 584 ἦ
1595 549 1703 578 παιδεία
1718 549 1835 587 μετείλη-

271 598 343 637 patio
358 596 516 626 sanctitatis.
532 596 565 624 Et
586 595 704 623 maxime
726 607 731 622 :
749 606 811 624 nam
823 606 884 624 cum
901 595 1013 635 expellit
1066 598 1110 635 ψις
1126 596 1263 635 ἁγιότητος
1277 597 1342 624 ἐστι.
1364 596 1416 624 Καὶ
1435 595 1536 634 σφόδρα
1551 607 1593 633 γε·
1607 595 1669 625 ὅταν
1682 596 1733 636 γὰρ
1752 598 1834 635 ῥᾳθυ-

269 644 427 677 socordiam,
443 653 504 671 cum
515 641 613 670 malam
621 641 809 681 cupiditatem,
820 652 881 670 cum
892 652 1011 670 amorem
1067 642 1129 680 μίαν
1145 642 1261 681 ἐκδαλλῃ
1271 664 1278 677 ,
1298 641 1359 670 ὅταν
1373 642 1513 679 ἐπιθυμίαν
1526 641 1653 680 πονηρὰν,
1670 642 1733 670 ὅταν
1747 640 1834 680 ἔρωτα

269 701 358 718 rerum
373 688 557 722 saecularium,
574 698 635 716 cum
657 688 789 716 convertit
805 688 933 722 animam,
949 698 1011 716 cum
1065 690 1116 716 τῶν
1130 690 1260 726 βιωτικῶν
1271 687 1446 727 πραγμάτιον,
1457 687 1519 716 ὅταν
1531 687 1663 726 συστρέφῃ
1675 686 1724 722 τὴν
1735 687 1833 726 ψυχὴν,

268 736 349 764 efficit
375 742 403 763 ut
427 740 522 762 cuncta
543 743 601 771 quae
624 733 669 762 hic
694 741 756 762 sunt
778 733 946 768 damnemus,
961 733 1012 762 hoc
1064 733 1125 762 ὅταν
1140 736 1202 772 ποιῇ
1215 736 1382 772 καταγνῶναι
1396 736 1448 762 τῶν
1463 735 1574 762 ἐνταῦθα
1594 733 1711 767 πάντων,
1732 736 1833 761 τοιοῦτο

269 781 339 809 enim
355 787 393 809 cst
412 779 523 808 afflictio
536 790 640 808 :annon
658 779 690 808 fit
704 780 814 808 sancta.⁹
826 790 913 808 annon
926 786 1009 808 attra-
1065 780 1116 819 γὰρ
1129 783 1145 815 ἦ
1163 781 1261 819 Θλῐψις,
1277 780 1336 818 ουχὶ
1354 779 1415 818 ἁγία
1431 778 1545 818 ybas-:223
1567 778 1626 817 οὐχὶ
1639 782 1685 807 τοῦ
1706 777 1833 816 Πνεύμα-

268 826 309 854 hit
328 826 441 864 gratiam
459 825 599 864 Spiritus?
620 825 775 864 Cogitemus
797 826 885 864 itaque
906 836 1011 865 semper
1064 838 1107 859 τος
1129 827 1275 855 ἐπισπᾶται
1295 826 1343 861 τὴν
1366 825 1458 865 χοίριν;
1484 824 1669 863 Ἐννοήο-ωμεν
1694 827 1832 863 τοιγαροῦν

264 872 359 911 justos,
372 879 398 900 et
408 872 548 901 videamus
558 871 694 900 undenam
706 882 796 900 omnes
812 872 977 909 claruerunt,
985 879 1009 901 et
1019 899 1054 919 273

267 925 328 946 ante
339 928 430 946 omnes
446 917 526 953 Abel,
536 918 592 946 Noe
608 930 613 945 :
629 928 716 946 nonne
727 918 761 946 ab
775 918 937 946 afflictione?
950 918 1009 947 fieri
1028 928 1045 949 A
1065 919 1109 948 καὶ
1124 919 1175 959 πρὸ
1189 919 1303 955 πάντων,
1318 922 1331 947 ὁ
1342 918 1436 953 ’Azan
1455 921 1468 947 ὃ
1487 919 1560 946 Νῶε·
1576 913 1627 956 ἆρα
1641 917 1693 956 γὰρ
1705 916 1766 955 οὐχὶ
1780 917 1833 946 ἀπὸ

267 964 338 992 enim
353 974 404 992 non
417 970 503 1002 potest
518 970 546 991 ut
560 973 612 992 non
628 964 791 1002 affligeretur
804 964 850 1002 qui
866 964 938 993 solus
954 972 1010 994 erat
1065 966 1189 1005 Θλίψεως;
1204 968 1232 994 οὐ
1247 965 1297 1004 γὰρ
1313 965 1367 993 ἔστι
1381 964 1425 993 τὸν
1443 964 1520 1001 μόνον
1534 964 1597 992 ὄντα
1616 965 1642 991 ἐν
1663 964 1702 1001 τῷ
1716 961 1832 1001 τοσούτῳ

268 1009 295 1038 in
311 1016 367 1038 tam
382 1010 467 1038 multa
486 1010 621 1038 malorum
640 1009 814 1038 multitudine
828 1023 833 1038 τ
847 1012 911 1039 Noe
924 1011 1006 1048 enim,
1064 1013 1159 1047 πλήθει
1178 1014 1229 1040 τῶν
1251 1014 1339 1040 κακῶν
1360 1010 1395 1049 μὴ
1419 1011 1563 1039 messem.
1585 1010 1646 1038 Χῶε
1666 1007 1735 1047 γὰρ,
1749 1008 1832 1048 φησὶ,

268 1055 366 1093 inquit,
377 1065 443 1083 cum
453 1062 525 1084 esset
535 1055 614 1084 solus
621 1056 768 1094 perfectus
780 1058 812 1083 in
821 1058 1009 1094 generatione
1064 1059 1141 1096 μόνος
1151 1058 1248 1090 τέλειος
1264 1058 1299 1086 ὢν
1313 1059 1338 1085 ἐν
1356 1058 1389 1095 τῇ
1401 1061 1479 1095 γενεᾷ
1493 1058 1572 1084 αὑτοῦ
1583 1076 1590 1089 ,
1606 1057 1644 1094 τῷ
1656 1056 1719 1093 Θεῷ
1735 1053 1832 1100 εὐηρέ-

266 1112 332 1138 sua,
345 1102 409 1130 Deo
419 1101 541 1140 placuit.
556 1102 625 1129 Nam
636 1101 704 1129 mibi
715 1101 814 1140 cogita,
825 1102 848 1130 si
863 1112 934 1131 nunc
946 1113 1008 1131 cum
1062 1116 1166 1138 στησεν.
1179 1103 1321 1137 Ἐννόησον
1331 1103 1383 1141 γάρ
1396 1113 1453 1140 μοι,
1465 1104 1487 1130 εἷ
1498 1104 1542 1130 νῦν
1558 1101 1665 1140 μυρίους
1680 1100 1784 1139 ἔχοντες
1794 1102 1830 1128 ὡν

264 1147 410 1176 habeamus
425 1147 635 1175 innumerabiles
650 1157 766 1185 quorum
780 1147 907 1175 virtutem
924 1158 1007 1180 aemu-
1062 1150 1214 1187 ζηλώσομεν
1233 1149 1281 1183 τὴν
1298 1148 1404 1188 ἀρετὴν,
1419 1147 1481 1176 ἃκοιὶ
1497 1147 1627 1186 πατέρας,
1642 1146 1688 1175 καὶ
1706 1146 1830 1174 &em-mi-

264 1194 363 1231 lemur,
379 1201 467 1233 patres
491 1200 516 1222 et
534 1193 693 1231 magistros,
708 1192 746 1221 sie
765 1194 922 1231 affligimur,
940 1205 1008 1232 quo·
1061 1197 1136 1232 λους,
1151 1195 1219 1224 οὕτω
1242 1194 1398 1232 Ολιῖόμεθα,
1424 1194 1450 1222 τί
1473 1195 1565 1222 παθεῖν
1589 1194 1686 1221 ἐκεῖνον
1711 1191 1779 1224 εἰκὸς
1795 1187 1829 1226 ἦν

264 1239 345 1268 modo
359 1239 506 1268 verisimile
525 1245 562 1267 est
582 1239 660 1266 illum
680 1238 761 1267 fuisse
778 1239 904 1268 affectum
919 1240 1006 1268 solum
1062 1242 1139 1280 μόνον
1162 1241 1257 1278 μεταξὺ
1280 1240 1426 1276 τοσούτων,
1446 1239 1526 1267 Ἀλλὰ
1541 1238 1574 1266 τὰ
1596 1237 1664 1266 κατὰ
1684 1237 1728 1265 τὸν
1754 1236 1829 1265 ὑετὸν

265 1286 334 1314 inter
346 1293 399 1314 tam
415 1285 533 1313 multos?
545 1285 598 1313 Sed
613 1284 700 1313 dicam
713 1284 746 1313 de
759 1285 851 1324 pluvia
867 1286 912 1314 illa
928 1286 1008 1325 plane
1063 1289 1128 1317 εἴπω
1151 1288 1194 1316 τὸν
1222 1287 1290 1320 ξένον
1315 1287 1413 1314 ἐκεῖνον
1438 1285 1483 1313 καὶ
1508 1283 1670 1323 παράδοξον;
1693 1282 1762 1311 ἀλλὰ
1783 1282 1827 1311 τὸν

1066 872 1105 902 ἀεὶ
1117 872 1175 905 τοὺς
1189 873 1316 908 δικαίους,
1329 873 1374 901 καὶ
1391 872 1486 909 ἴδωμεν
1501 871 1580 900 πόθεν
1593 871 1689 903 πάντες
1700 870 1832 910 ἔλαμψαν,

265 1331 443 1360 admirabili?
456 1328 579 1359 dicamne
592 1331 626 1359 de
641 1331 794 1360 Abrahamo
815 1339 839 1360 et
853 1333 910 1371 ejus
926 1333 1007 1361 labo-
1061 1333 1182 1372 Ἀδραὰμ
1195 1332 1261 1361 εἴπω
1271 1354 1278 1367 ‚
1293 1331 1338 1358 καὶ
1350 1331 1365 1358 ἃ
1379 1333 1469 1359 τοῦτον
1482 1329 1576 1364 συνέὸη
1590 1332 1693 1364 παθεῖν,
1705 1324 1769 1364 οἷον,
1783 1327 1830 1361 τὰς

264 1378 348 1412 ribus,
362 1377 395 1406 de
409 1377 510 1406 crebris
522 1378 792 1416 peregrinationibus,
804 1378 837 1406 de
850 1386 928 1417 raptu
939 1390 1008 1407 uxo·
1026 1384 1043 1406 B
1063 1379 1212 1416 ἀποδημίας
1228 1378 1274 1410 τὰς
1293 1376 1470 1410 ἐπαλλήλους,
1487 1375 1535 1410 τὴν
1547 1377 1594 1409 τῆς
1608 1375 1729 1414 γυναικὸς
1741 1375 1831 1414 ἅρπα-

265 1424 317 1459 ris,
330 1423 364 1452 de
381 1423 518 1462 periculi5‚
532 1423 565 1452 dc
576 1423 665 1458 bellis,
679 1421 940 1452 demutationibus?
954 1424 1008 1453 Sed
1061 1426 1119 1464 γὴν,
1143 1424 1202 1457 τοὺς
1225 1423 1372 1458 κινδύνους,
1388 1421 1448 1454 τοὺς
1463 1421 1607 1459 πολέμους,
1632 1419 1712 1453 ι’τοὺς
1732 1432 1831 1460 πειρα·

265 1469 300 1498 de
312 1470 396 1499 Jacob
415 1481 495 1508 quam
514 1470 598 1498 multa
618 1481 711 1509 passus
725 1471 759 1499 sit
772 1471 874 1509 gravia,
889 1470 1008 1509 undique
1063 1471 1155 1510 σμού;;
1171 1470 1251 1499 Ἀλλὰ
1265 1470 1308 1498 τὸν
1322 1468 1422 1498 ’Iambe
1432 1491 1440 1503 ‚
1459 1467 1508 1496 ὅσα
1528 1468 1642 1497 πέπονθε
1656 1467 1741 1503 δεινὰ,
1754 1467 1832 1496 ἐλαυ-

266 1516 368 1555 pulsus,
380 1523 404 1544 et
414 1517 512 1545 frustra
523 1516 656 1552 laborans,
669 1523 693 1544 et
705 1516 764 1544 aliis
779 1527 886 1556 operam
902 1516 1008 1556 impen-
1061 1517 1168 1554 νόμενος
1181 1516 1319 1551 πάντοθεν,
1336 1515 1380 1543 καὶ
1400 1516 1487 1543 πονῶν
1508 1515 1582 1552 εἰκῇ,
1598 1512 1644 1541 καὶ
1660 1513 1758 1552 ἑτέροις
1778 1523 1831 1550 μο-

266 1561 354 1591 dens?
370 1573 460 1591 omnes
475 1563 544 1591 enim
559 1563 615 1601 ejus
630 1562 787 1591 tentationes
806 1573 941 1592 recensere
956 1573 1008 1592 non
1061 1565 1148 1602 χθῶν,
1163 1562 1264 1594 πάντας
1277 1562 1323 1599 μὲν
1338 1560 1389 1600 γὰρ
1404 1562 1482 1589 αὐτοῦ
1494 1559 1554 1592 τοὺς
1567 1557 1731 1598 πειρασμοῗις
1745 1571 1832 1588 κατα-

265 1615 304 1637 est
318 1619 435 1645 necesse;
447 1609 629 1638 testimonium
640 1616 728 1638 autent
737 1609 833 1638 afferre
844 1616 882 1638 est
898 1620 1010 1638 consen·
1062 1609 1147 1648 λέγειν
1163 1610 1210 1638 οὐκ
1226 1610 1377 1647 ἀναγκαῖον,
1392 1607 1440 1642 τὴν
1453 1606 1480 1636 δὲ
1496 1606 1643 1645 μαρτυρίαν
1659 1609 1830 1645 παρενεγκεῖν

299 1720 309 1731 ³
328 1711 439 1736 Colbert.
455 1712 487 1745 [et
496 1714 523 1736 A.
538 1713 563 1736 B.
574 1712 672 1736 Comm.
683 1718 708 1736 et
717 1721 794 1745 marg.
805 1712 878 1744 San]
891 1715 1023 1744 καὶπκὶὸκς,
1108 1713 1119 1730 b
1139 1711 1230 1745 [tidem
1243 1714 1293 1740 τεὺς
1303 1713 1388 1744 λιμοὺς.
1401 1711 1434 1735 Et
1441 1711 1476 1735 sic
1488 1709 1606 1743 Mutian.]

266 1755 304 1777 καὶ
327 1754 477 1780 ὃιίκτκάὶσος.

686 1837 860 1866 MUTIANO
881 1837 1133 1867 SCHOLASTICO
1156 1836 1409 1865 INTERPRETE.

265 1936 398 1965 vivemus.
412 1936 464 1964 Illi
479 1937 594 1975 quidem
605 1958 612 1971 ‚
625 1936 712 1974 inquit
724 1959 733 1971 ,
748 1937 789 1965 ad
798 1944 908 1975 tempus
918 1947 1077 1976 pancorum
1093 1937 1205 1965 dierum
1221 1937 1392 1965 erudiebant
1407 1945 1459 1964 nos
1473 1935 1630 1964 secundum
1645 1935 1830 1964 voluntatem

267 1992 360 2011 suam.
373 1983 432 2010 Non
445 1982 516 2010 enim
531 1983 557 2010 in
568 1982 693 2010 omnibus
702 1983 828 2011 voluntas
842 1983 951 2011 illorum
964 1983 1039 2011 utilis
1052 1990 1118 2017 erat,
1132 1983 1182 2012 iste
1193 1990 1283 2011 autem
1298 1982 1332 2011 ad
1348 1982 1426 2010 utilia
1442 1992 1489 2010 nos
1508 1981 1630 2010 instituit.

308 2027 457 2067 Disciplina
481 2039 544 2067 ergo
568 2028 738 2068 participatio
753 2029 898 2057 sanctitatis
912 2035 962 2063 est,
977 2035 1001 2057 et
1018 2030 1151 2065 maxime,
1161 2030 1183 2057 si
1198 2028 1234 2057 ita
1248 2028 1439 2066 negligentiam
1450 2028 1544 2066 pellit,
1559 2027 1720 2067 cupiditates
1739 2029 1832 2058 exclu-

268 2075 322 2111 dit,
333 2075 503 2103 saecularium
522 2086 611 2103 rerum
632 2085 736 2103 amores
751 2075 877 2104 amolitur
887 2098 895 2112 ,
908 2075 1026 2104 animam
1040 2075 1186 2111 convertit,
1206 2075 1270 2103 facit
1283 2085 1341 2102 eam
1358 2074 1447 2103 omnia
1464 2074 1544 2112 liujus
1562 2074 1624 2102 vitae
1639 2074 1748 2113 culpare
1762 2076 1833 2105 :hoc

269 2122 371 2162 quippe
385 2129 423 2151 est
437 2122 509 2160 quod
527 2123 596 2160 [del.
616 2122 706 2161 quod]
723 2123 861 2152 tribulatio
879 2135 885 2151 ε
900 2134 961 2152 cum
982 2123 1040 2151 haec
1064 2123 1149 2158 fiunt,
1167 2133 1254 2151 nonne
1270 2129 1390 2151 sanctum
1413 2121 1573 2161 perficitur?
1589 2132 1677 2151 nonne
1690 2123 1834 2162 specialem

270 2171 310 2208 [l.
326 2169 509 2208 spiritualem]
523 2169 557 2196 ad
573 2180 599 2197 se
614 2169 728 2207 gratiam
742 2169 897 2208 pertrahit?
914 2169 1119 2198 Consideremus
1130 2169 1228 2208 justos,
1245 2168 1316 2197 unde
1336 2168 1424 2197 cuncti
1439 2168 1584 2197 claruerint
1599 2180 1604 2195 :
1617 2179 1704 2197 nonne
1719 2180 1767 2208 per
1785 2170 1834 2198 tri—

269 2215 440 2244 bulationes?
456 2215 660 2251 Enumereinus,
675 2215 697 2243 si
712 2216 808 2255 placet,
822 2216 857 2244 ab
876 2216 933 2255 ipso
952 2216 1030 2244 initio
1048 2215 1125 2250 Abel,
1138 2216 1228 2255 ipsum
1245 2215 1319 2243 Noe:
1333 2225 1384 2243 non
1403 2215 1473 2243 enim
1488 2222 1583 2254 potest,
1595 2226 1658 2244 cum
1672 2215 1744 2244 solus
1758 2216 1792 2245 sit
1806 2217 1835 2246 in

271 2261 444 2291 multitudine
456 2261 637 2300 malignorum
648 2262 746 2300 justus,
759 2262 981 2291 tribulationibus
995 2272 1047 2291 non
1064 2262 1159 2301 affligi.
1170 2263 1233 2290 Noe
1243 2264 1355 2301 quippe,
1368 2261 1466 2299 inquit,
1478 2262 1556 2290 solus
1569 2263 1716 2301 perfectus
1727 2269 1791 2291 erat
1805 2264 1836 2292 in.

270 2310 458 2348 generatione
471 2318 526 2336 sua
537 2330 544 2343 ‚
559 2314 587 2336 et
601 2308 665 2336 Deo
677 2308 800 2345 placuit.
815 2309 937 2348 Intellige
949 2319 1063 2347 namque
1083 2309 1150 2337 mihi
1166 2308 1239 2347 quod
1257 2308 1327 2337 dico.
1341 2308 1369 2336 Si
1385 2318 1456 2337 nunc
1476 2314 1528 2336 tam
1548 2308 1679 2347 plurimos
1694 2308 1833 2346 habentes,

273 2366 386 2394 quorum
409 2354 537 2383 debemus
558 2354 679 2382 aemulari
695 2355 822 2383 virtutem
836 2378 845 2390 ,
861 2356 899 2384 sic
913 2356 1062 2394 affligimur
1075 2367 1081 2383 2
1096 2355 1161 2394 quid
1175 2362 1254 2395 putas
1268 2355 1421 2394 patiebatur
1436 2355 1482 2384 ille
1498 2355 1570 2384 solus
1586 2355 1614 2383 in
1632 2361 1706 2384 tanto
1724 2365 1835 2385 numero

273 2402 471 2442 pessimorum?
486 2403 560 2430 Num
574 2401 658 2430 vultis
668 2423 677 2437 ‚
696 2408 725 2429 ut
738 2401 826 2430 dicam
841 2414 900 2441 quae
919 2403 989 2432 circa
1005 2403 1141 2432 diluvium
1155 2402 1342 2442 contigerunt?
1357 2413 1391 2431 an
1412 2402 1494 2432 vultis
1511 2409 1541 2430 ut
1564 2401 1679 2430 Abrahae
1699 2402 1835 2442 demigra-

275 2450 358 2478 tiones
371 2450 521 2488 frequentes
534 2459 666 2486 enarrem,
679 2455 725 2476 aut
737 2448 914 2488 direptionem
929 2451 986 2490 ejus
1001 2451 1104 2485 uxoris,
1113 2457 1158 2479 aut
1173 2450 1278 2479 diversa
1291 2450 1420 2489 pericula,
1437 2450 1509 2478 bella
1523 2459 1671 2484 numerosa,
1683 2448 1765 2478 fames
1777 2456 1835 2478 tan-

274 2505 314 2526 tas
327 2505 353 2526 et
367 2497 431 2526 tales
441 2497 454 2525 i’
465 2498 537 2526 Num
551 2496 634 2526 vultis
651 2503 679 2525 ut
694 2496 832 2525 rcvolvam
847 2505 945 2535 quanta
959 2499 1035 2527 Isaac
1052 2499 1212 2538 pertulerit?
1227 2498 1424 2537 Exagitabatur
1436 2497 1566 2536 undique,
1578 2504 1604 2526 et
1617 2498 1834 2536 persequutiones

276 2543 436 2581 patiebatur,
451 2543 590 2572 laborabat
607 2542 770 2572 mercenaria
781 2543 922 2581 servitute,
938 2544 999 2573 aliis
1012 2545 1129 2574 fructum
1143 2545 1244 2574 laboris
1255 2545 1312 2584 ejus
1327 2545 1502 2573 sumentibus.
1520 2545 1593 2572 Num
1607 2544 1692 2573 vultis
1706 2551 1737 2573 ut
1749 2545 1833 2574 Jacob

277 2589 353 2618 vobis
374 2589 522 2628 producam
541 2590 567 2618 in
588 2589 727 2619 medium⁰
743 2590 780 2619 Et
793 2590 882 2620 omnia
896 2591 1006 2629 quidem
1021 2593 1077 2631 ejus
1090 2602 1213 2622 enarrare
1225 2592 1401 2621 necessarium
1415 2602 1470 2621 esse
1483 2601 1535 2621 non
1552 2598 1618 2631 puto
1628 2614 1637 2630 ,
1651 2591 1698 2621 sed
1712 2591 1833 2621 testimo-
