1906 2846
424 185 456 207 IN
485 185 592 208 EviST.
622 185 667 207 AD
695 185 861 208 HEBRAEOS.
891 185 969 206 CAt‘.
999 184 1046 206 Xl.
1079 184 1194 207 nouit..
1222 183 1319 206 xxiii.
1582 174 1645 219 307

86 247 171 282 θέλει,
190 247 222 274 δι’
240 242 269 274 οῧ
285 245 416 281 ἐποίησεν,
429 247 533 280 ἔδειξεν.
546 247 641 284 Ἡμεῖς
656 247 702 284 μὲν
718 247 768 286 γὰρ
787 245 852 284 ὑπὲρ
908 251 948 273 rat
958 251 983 273 et
995 244 1083 273 studet
1093 251 1210 273 nostram
1219 245 1321 283 assequi
1331 244 1477 273 amicitiam
1488 256 1494 272 t
1505 254 1551 273 nos
1560 252 1647 274 autem

84 293 159 329 ἡμῶν
181 292 266 320 αὐτῶν
290 292 364 328 μόλις
385 292 473 331 ὀλίγου
493 296 707 333 καταφρονοῦμεν
730 293 850 332 χρυσίου·
908 300 940 318 ne
952 290 994 319 vel
1006 290 1141 319 tantillum
1157 290 1310 327 studemus,
1323 301 1338 319 o
1352 290 1443 319 dilecti
1460 302 1465 318 ι
1481 289 1546 328 quid
1566 289 1645 325 dico,

85 337 160 370 αὐτὸς
181 337 207 365 δὲ
225 336 290 375 ὑπὲρ
312 339 388 375 ἡμῶν
410 337 454 366 καὶ
471 339 514 367 τὸν
530 339 592 367 Υἱὸν
608 339 688 368 ἔδωκε
703 339 745 367 τὸν
764 341 851 367 αὑτοῦ.
908 347 960 364 non
978 336 1138 365 studemus?
1151 336 1276 365 nolumus
1291 336 1368 375 plane
1382 337 1438 375 ejus
1450 336 1519 364 bona
1533 337 1648 374 assequi,

85 382 256 421 Χρησώμεθα
276 384 312 415 εἷς
327 382 382 411 δέον
399 385 432 422 τῇ
447 384 538 422 ἀγάπῃ
553 387 598 413 τοῦ
614 386 693 419 Θεοῦ,
711 384 853 423 ἀγαπητοὶ,
909 388 937 410 ut
952 382 1010 411 vult
1025 382 1090 421 ipse.
1105 381 1184 417 Quod
1198 388 1287 410 autem
1299 381 1344 409 ille
1359 381 1444 420 magis
1456 380 1522 410 velit
1532 381 1649 410 ostendit

84 427 277 466 ἀπολαύσωμεν
301 430 378 457 αὐτοῦ
403 430 451 463 τῆς
476 430 580 468 φιλίας·
599 430 692 468 Ὑμεῖς
711 430 761 468 γὰρ
783 431 853 469 φῦσι,
907 428 991 466 perid
1002 429 1074 466 quod
1087 428 1156 457 fecit.
1168 429 1237 457 Nam
1250 438 1298 456 nos
1312 427 1420 465 quidem
1434 439 1483 466 pro
1495 427 1572 456 nobis
1584 427 1650 467 ipsis

84 473 134 512 μού
155 475 223 509 ἐστε,
235 473 324 512 φησὶν,
336 473 380 503 ἐὰν
392 477 485 509 ποιῆτε
496 476 512 503 ἃ
523 475 592 514 λέγω
602 478 672 514 ὑμῖν.
686 477 782 512 Bagai,
794 476 853 509 τοὺς
907 474 954 503 vix
969 486 1064 514 parum
1082 475 1142 503 auri
1158 474 1338 514 despicimus;
1359 473 1415 512 ipse
1429 481 1517 502 autem
1533 485 1580 513 pro
1602 484 1650 503 no-

82 518 191 559 ἐχθροὺς
202 519 260 551 τοὺς
271 520 385 559 ἀπείρως
398 521 476 549 αὐτοῦ
489 522 668 557 διεστηκότας,
679 517 714 551 ὧν
727 523 849 561 ἀσυγκρί-
870 526 888 547 (ἱ
907 520 947 549 bis
961 521 1041 549 etiam
1055 532 1132 549 suum
1147 520 1222 549 dedit
1244 520 1354 548 Filium.
1372 520 1487 548 Utamur
1504 526 1533 547 ut
1547 527 1650 558 oportet

82 567 120 603 τῷ
135 566 167 603 τῇ
184 566 316 604 ὑπερῧολῇ
333 566 401 595 κατὰ
416 567 503 596 πάντα
519 568 652 606 διενήνοχε
662 591 669 603 ,
686 567 790 601 τούτους
806 569 850 607 φί-
906 567 956 595 Dei
969 567 1120 603 dilectione,
1132 567 1255 595 fruamur
1267 566 1324 605 ejus
1336 564 1454 592 amicitia
1471 575 1479 591 :
1495 565 1551 592 l'os
1566 565 1649 601 enim,
1663 568 1733 605 ''⁴5¹⁰'‘

633 602 639 606 .
1669 605 1702 624 Ι...

82 612 142 643 λους
156 611 262 646 ἐποίησε
277 613 321 640 καὶ
337 614 412 641 καλεῖ
428 613 525 651 φίλους.
554 614 589 642 Τί
611 609 654 642 οὖν
678 616 727 654 οὐχ
749 615 850 653 αἱρετὸν
906 612 1010 650 iuquit,
1035 615 1124 641 amici
1142 614 1197 640 mci
1212 614 1280 640 estis
1292 633 1299 647 ‚
1315 613 1341 639 .ςί
1356 611 1480 650 facialis
1496 620 1560 648 quae
1583 610 1649 638 dico

81 659 172 685 παθεῖν
198 657 264 696 ὑπὲρ
283 657 381 693 ταύτης
402 661 448 694 τῆς
472 659 573 697 φιλίας;
600 659 668 688 Ἀλλ’
693 663 770 697 ἡμεῖς
786 660 850 699 ὑπὲρ
904 660 996 687 vobis.
1013 659 1108 697 Papae,
1121 658 1243 687 inimicos
1265 657 1311 695 qui
1330 656 1435 685 infinito
1447 655 1533 694 spatio
1557 655 1591 683 ab
1617 666 1648 684 co

83 701 227 742 ἀνθρώπων
259 703 306 740 μὲν
330 704 416 742 φιλίας
438 706 566 737 πολλάκις
591 705 636 734 καὶ
661 706 850 743 κινδυνεύομεν,
905 709 978 730 erant
990 702 1127 741 disjuncti,
1143 699 1466 740 quosincomparabiliter
1480 699 1507 727 iu
1522 699 1651 728 omnibus

83 748 148 787 ὑπὲρ
160 748 187 777 δὲ
200 750 248 783 τῆς
259 752 303 778 τοῦ
316 752 385 779 Θεοῦ
400 751 456 779 οὐδὲ
491 752 596 789 ρήματα
610 752 763 790 προϊέμεθα.
787 752 852 781 Hiv-
905 748 1089 783 antecellebat,
1107 755 1132 777 ct
1147 747 1208 776 fecit
1224 754 1248 776 et
1262 746 1370 777 vocavit
1383 745 1504 774 amicos?
1520 745 1595 781 Quid
1610 756 1651 774 er-

83 796 141 826 Οους
151 794 231 827 ὄντως
244 794 302 828 ἄξια
314 795 347 824 τὰ
358 796 484 835 ἡμέτερα,
500 797 606 830 πένθους
620 797 663 826 καὶ
677 798 796 836 δακρύων
807 798 851 826 καὶ
906 805 939 833 go
954 805 1006 822 non
1023 802 1061 823 est
1077 806 1090 822 a
1111 794 1188 823 nobis
1204 794 1327 822 lubenter
1347 791 1505 832 patiendum
1528 802 1579 830 pro
1602 791 1652 820 hac

82 839 202 878 ὀδυρμῶν
225 841 269 869 καὶ
287 842 435 881 ὀλοφυρμοῦ
455 843 570 881 μεγάλου
588 843 632 871 καὶ
652 847 772 872 κοπετοῦ.
796 844 852 876 Τῆς
906 840 1047 868 amicitia?
1062 842 1095 868 At
1112 851 1162 868 nos
1174 850 1222 878 pro
1237 839 1379 867 hominum
1393 837 1511 866 amicitia
1527 847 1597 876 saepe
1607 847 1652 876 pe-

82 885 186 918 ἐλπίδος
210 888 286 923 ἡμῶν
305 887 492 925 ῧέξεπέσομεν,
511 889 725 926 ἐταπεινώθημεν
740 889 793 917 ἀπὸ
807 891 851 916 τοῦ
907 885 990 914 ricula
1008 885 1130 921 adimus3
1144 897 1193 924 pro
1207 885 1256 913 Dei
1271 892 1360 913 autem
1375 883 1494 912 amicitia
1509 893 1557 911 nee
1571 893 1652 922 pecu-

83 931 161 969 ῧψους
182 934 268 969 ἡμῶν,
290 933 390 966 ἀνάξιοι
410 935 456 968 τῆς
476 936 555 971 τιμῆς
568 935 700 972 ἐφάνημεν
716 937 760 962 τοῦ
773 936 851 967 Θεοῦ,
906 932 963 960 nias
989 932 1186 970 profundimus.
1202 933 1304 960 Revera
1327 931 1401 959 luctu
1420 930 1508 968 dignm
1529 936 1591 958 sunt
1611 940 1652 959 res

83 976 232 1015 ἀγνώμονες
242 1001 249 1013 ,
263 978 307 1006 καὶ
320 979 387 1015 μετὰ
398 978 445 1011 τὰς
456 980 605 1018 εὖεργεσίας
620 980 752 1017 ἐφάνημεν
764 979 849 1018 οἷχρη-
871 993 888 1014 D
906 985 1012 1014 nostrae,
1034 979 1107 1006 luctu
1123 985 1147 1006 et
1169 978 1296 1017 lacrymis
1311 985 1335 1006 ct
1357 976 1548 1016 ejulationibus
1569 983 1594 1005 et
1608 976 1651 1005 la-

83 1035 148 1059 στοι,
162 1023 310 1062 ἐγύμνωσεν
322 1026 392 1061 ἡμᾶς
405 1024 509 1053 πάντων
521 1027 533 1052 ὁ
545 1025 665 1057 &idemq
673 1027 724 1053 τῶν
737 1027 850 1062 ἀγαθῶν·
906 1023 1115 1052 mentationibus
1127 1030 1152 1051 et
1165 1023 1282 1061 planetu.
1298 1025 1318 1050 Λ
1332 1034 1378 1061 spe
1389 1029 1477 1050 nostra
1491 1021 1651 1059 excidimus,

81 1071 105 1098 οἱ
118 1069 322 1102 καταξιωθέντες
338 1065 403 1098 εἶναι
417 1070 476 1105 υἱοὶ,
489 1073 512 1098 οἱ
525 1071 632 1109 ἀδελφοὶ
647 1071 691 1098 καὶ
706 1072 850 1108 συγκληρυ-
905 1080 919 1096 a
932 1075 1021 1097 nostra
1036 1068 1178 1096 altitudine
1191 1068 1289 1107 dejecti
1306 1079 1410 1103 sumus,
1432 1069 1482 1096 Dei
1499 1069 1600 1097 honore
1612 1069 1651 1097 in-

81 1114 172 1151 νέμοι,
192 1116 245 1142 τῶν
265 1116 366 1153 ἐχθρῶν
386 1117 464 1143 αὐτοῦ
486 1115 559 1144 οὐδὲν
582 1116 782 1154 διενηνόχαμεν,
798 1118 850 1144 τῶν
905 1115 980 1154 digni
994 1115 1178 1154 apparuimus,
1193 1115 1290 1153 ingrati
1306 1115 1440 1143 evasimus
1453 1121 1477 1142 et
1493 1115 1555 1142 mali
1570 1115 1651 1143 etiam

81 1159 238 1198 ὓὸριζόντων
255 1161 342 1189 αὐτόν.
361 1161 410 1193 Τίς
421 1163 484 1198 ἡμῖν
497 1161 570 1190 ἔσται
581 1162 736 1200 παραμυθίαι
746 1162 850 1197 ).οιπο’ν;
904 1169 963 1200 post
977 1161 1114 1197 beneficia,
1127 1161 1206 1189 bonis
1218 1160 1342 1188 omnibus
1355 1170 1402 1188 nos
1415 1160 1542 1198 spoliavit
1557 1160 1650 1189 diabo-

82 1206 165 1238 Αὐτὸς
176 1207 247 1243 ἡμᾶς
259 1206 368 1235 ἐκάλεσε
379 1207 444 1246 πρὸς
455 1207 498 1235 τὸν
516 1208 634 1246 οὐρανὸν,
651 1210 728 1245 ἡμεῖς
743 1207 769 1236 δὲ
785 1209 850 1236 ἑαυ-
905 1207 946 1236 lus
962 1219 967 1234 :
983 1207 1032 1245 qui
1053 1206 1128 1245 digni
1144 1207 1280 1234 fueramus
1303 1205 1389 1233 habiti
1406 1212 1436 1233 ut
1450 1216 1566 1233 essemus
1582 1206 1648 1241 lilii,

80 1250 140 1283 τοὺς
160 1250 224 1290 πρὸς
240 1251 287 1286 τὴν
307 1251 412 1290 γέενναν
432 1253 581 1291 ὠθῆσαμεν.
604 1253 666 1292 Ἀρὰ
688 1253 733 1282 καὶ
748 1254 850 1292 ψεῦδος,
905 1253 999 1282 fratres
1011 1260 1036 1281 et
1049 1252 1202 1289 coheredes,
1219 1252 1253 1280 ab
1265 1252 1322 1291 ejus
1337 1251 1453 1280 inimicis
1467 1250 1537 1278 nihil
1549 1251 1651 1280 disseri—

81 1297 126 1325 καὶ
143 1297 228 1332 κλοπὴ
247 1297 293 1325 καὶ
313 1297 418 1336 μοιχεία
434 1298 545 1338 κέχυται
562 1299 606 1327 ἐπὶ
622 1302 669 1334 τῆς
683 1301 744 1338 γῆς·
761 1300 783 1327 οἳ
803 1300 849 1337 μὲν
904 1309 974 1334 mus,
1000 1299 1046 1337 qui
1069 1299 1158 1338 ipsum
1183 1297 1305 1326 afficiunt
1327 1296 1498 1326 contumelia.
1519 1297 1651 1331 Quaenam

82 1342 184 1379 αἵματα
197 1343 236 1381 ἐφ’
250 1342 345 1380 αἵμασι
356 1343 506 1382 μιγνύουσιν
519 1367 526 1380 ,
539 1345 562 1372 οἱ
575 1345 601 1372 ’δὲ
612 1344 758 1383 πράγματα
768 1345 848 1383 πράτ-
904 1344 954 1373 erit
969 1345 1046 1373 nobis
1065 1344 1098 1373 de
1116 1351 1209 1372 eaetero
1222 1343 1388 1372 consolatio?
1403 1343 1464 1382 Ipse
1477 1352 1523 1371 nos
1543 1344 1651 1372 vocavit

80 1399 167 1416 τουσιν
187 1388 306 1425 αἱμάτων
325 1388 441 1427 χείρονα.
465 1389 564 1418 Πολλοὶ
584 1392 635 1418 τῶν
658 1390 848 1428 ἀδικούμενων,
904 1390 940 1419 ad
951 1391 1063 1426 caelum3
1076 1401 1122 1419 nos
1137 1390 1257 1430 nosipsos
1268 1389 1440 1418 detrudimus
1453 1388 1480 1417 in
1492 1388 1649 1427 geliennam.

81 1433 174 1461 πολλοὶ
188 1435 240 1461 τῶν
253 1434 507 1472 πλεονεκτουμένων,
520 1435 625 1475 μυρίους
637 1436 758 1474 εὔχονται
773 1437 850 1465 θοινά-
860 1432 895 1482 ἳέῦ
906 1437 1061 1466 Exsecratio
1075 1444 1100 1466 et
1115 1436 1285 1466 mendacium
1293 1459 1301 1474 7
1317 1437 1421 1464 furtum
1440 1442 1464 1464 et
1486 1435 1650 1464 adulterium

82 1489 141 1511 τους
154 1478 171 1513 ἢ
192 1481 276 1507 ταῦτα
292 1482 400 1508 παθεῖν·
424 1481 467 1508 καὶ
481 1482 503 1508 εἷ
518 1481 555 1518 μὴ
569 1481 612 1509 τὸν
627 1484 671 1509 τοῦ
687 1483 755 1511 Θεοῦ
772 1482 849 1521 φόὸον
904 1483 1034 1512 diffusum
1054 1490 1093 1512 est
1113 1494 1193 1522 super
1217 1490 1314 1511 terram
1327 1482 1393 1511 :alii
1416 1481 1526 1520 quidem
1540 1482 1649 1520 sangui-

82 1524 253 1560 ἐδεδοίκεσαν,
269 1525 314 1553 καὶ
326 1525 516 1565 διεχειρίσαντο
533 1526 654 1562 ἑαυτοὺς,
670 1527 737 1556 οὕτω
749 1530 851 1567 φονῶν-
905 1539 966 1558 nem
979 1529 1090 1557 miscent
1101 1529 1241 1568 sanguine,
1262 1528 1310 1557 alii
1326 1539 1368 1557 res
1390 1535 1484 1566 gerunt
1505 1527 1649 1556 deteriores

82 1582 124 1602 τες
140 1572 198 1599 καθ’
214 1572 324 1600 ἑαυτῶν.
337 1573 421 1600 Ταῦτ’
436 1568 479 1600 οὖν
495 1573 544 1612 οὐχ
553 1573 672 1610 αἱμάτων
688 1573 786 1613 χείρυ);
803 1574 852 1602 Οἴ-
905 1575 1045 1614 sanguine.
1071 1575 1154 1604 Multi
1177 1586 1211 1604 ex
1236 1575 1268 1604 iis
1290 1574 1337 1613 qui
1359 1574 1458 1613 injuria
1481 1573 1648 1609 afficiuntur,

83 1628 127 1653 μοι
139 1617 229 1655 ψυχὴ,
244 1617 332 1656 ἔλεγεν
346 1619 533 1651 ἀποδυσπετῶν
549 1621 562 1647 ὁ
575 1619 722 1658 προφήτης,
734 1619 774 1649 ὅτι
787 1620 852 1649 ἀπό·
907 1621 985 1649 multi
1019 1621 1066 1659 qui
1098 1620 1294 1649 defraudantur
1320 1620 1395 1649 mille
1427 1626 1524 1648 mortes
1555 1626 1648 1658 optant

115 1714 125 1724 ³
144 1707 291 1740 [ἐξεπέτομεν
309 1710 399 1733 Comm
423 1714 579 1741 32²5ffls'wuzv
604 1712 622 1735 A
652 1712 678 1735 B.
700 1711 839 1744 Legebatur
853 1714 1012 1745 §geniumne-2}

504 1819 682 1848 MUTIANO
704 1819 956 1849 SCHOLASTICO
978 1821 1013 1849 IN
1019 1820 1228 1850 TERPRETE.

81 1906 228 1936 amicitiam
243 1907 354 1943 habere,
370 1919 418 1937 nos
433 1916 522 1938 autem
541 1920 593 1939 non
610 1911 783 1940 festinamus:
796 1918 821 1940 et
835 1911 900 1950 quid
916 1912 976 1940 dico
988 1935 995 1949 ‚
1012 1922 1063 1940 non
1085 1912 1266 1940 festinamus?
1280 1921 1364 1950 neque
1387 1912 1514 1941 volumus
1534 1912 1648 1951 adipisci

80 1954 138 1992 ejus
151 1954 240 1993 bona,
262 1955 331 1984 sicut
351 1955 398 1984 ille
414 1957 488 1993 vult,
504 1964 528 1986 et
552 1958 669 1997 amplius
692 1958 768 1987 vult:
783 1969 845 1987 nam
861 1969 894 1987 ex
918 1959 950 1987 iis
965 1970 1024 1997 quae
1041 1959 1103 1988 fecit
1123 1958 1249 1988 ostendit.
1270 1959 1324 1987 Nos
1347 1959 1418 1988 euim
1441 1971 1490 1999 pro
1506 1959 1649 1999 nobisipsis

81 2001 129 2030 vix
144 2012 244 2041 paucos
258 2003 452 2032 contemnimus
470 2015 564 2033 aureos
580 2017 585 2033 ε
602 2005 658 2044 ipse
672 2013 760 2035 autem
776 2017 824 2045 pro
840 2006 918 2035 nobis
932 2006 1013 2035 etiam
1028 2006 1128 2035 Filium
1145 2017 1223 2035 suum
1240 2006 1362 2036 tradidit.
1380 2007 1495 2035 Utamur
1510 2006 1594 2045 igitur
1615 2007 1649 2036 ad

80 2049 251 2078 commodum
274 2058 395 2080 nostrum
412 2052 521 2081 caritate
536 2054 603 2088 Dei,
624 2054 746 2082 fruamur
766 2055 822 2093 ejus
841 2054 967 2083 amicitia.
985 2056 1040 2083 Vos
1057 2055 1147 2089 enim,
1166 2053 1262 2092 inquit,
1277 2056 1366 2082 amici
1381 2057 1436 2082 mei
1452 2056 1539 2091 estis,
1563 2056 1589 2082 si
1601 2055 1649 2093 fe-

80 2098 176 2125 ceritis
187 2108 251 2136 quae
267 2098 332 2126 dico
347 2101 441 2128 vobis.
463 2100 487 2128 O
507 2100 694 2129 inenarrabilis
713 2100 914 2130 misericordia!
930 2101 1052 2130 inimicos
1068 2108 1094 2130 ct
1110 2101 1215 2130 infinito
1236 2101 1378 2130 intervallo
1396 2101 1430 2129 al)
1445 2112 1477 2130 eo
1499 2101 1647 2137 distantes,

79 2153 94 2171 a
108 2144 206 2182 quibus
229 2145 435 2185 incomparabili
456 2147 599 2176 eminentia
622 2148 649 2176 in
673 2149 798 2177 omnibus
819 2148 977 2186 disserebat,
1000 2149 1049 2178 hos
1071 2148 1169 2177 amicos
1184 2155 1210 2177 et
1225 2148 1288 2176 facit
1309 2155 1333 2177 et
1350 2155 1427 2178 vorat
1443 2148 1554 2177 amicos.
1573 2148 1647 2184 Quid

79 2189 163 2228 igitur
176 2192 232 2231 pati
245 2203 298 2221 non
313 2193 466 2223 debemus?
484 2195 551 2233 quid
574 2206 625 2224 non
647 2196 761 2225 libenter
775 2197 887 2226 tolerare
901 2208 948 2236 pro
963 2197 1013 2225 hac
1027 2196 1168 2225 amicitia?
1185 2197 1237 2225 Pro
1251 2196 1369 2225 amicitia
1384 2196 1484 2225 etenim
1506 2196 1647 2225 huminum

78 2248 150 2277 sirpe
163 2239 357 2277 periclitamur,
374 2252 423 2280 pro
438 2241 489 2270 Dei
504 2242 622 2271 amicitia
643 2253 690 2271 nec
712 2243 838 2282 pecunias
852 2244 981 2283 patienter
1005 2243 1165 2272 amittimus.
1188 2244 1273 2271 Luctu
1290 2253 1351 2271 vcro
1372 2242 1460 2281 digna:
1484 2253 1525 2272 res
1551 2249 1647 2272 nostra-

79 2291 159 2323 sunt,
174 2285 247 2314 luctu
270 2293 297 2315 et
310 2287 436 2327 lacrymis
458 2295 483 2317 et
505 2289 740 2319 lamentationibus
754 2297 779 2319 ct
798 2290 992 2319 ululationibus
1018 2291 1131 2329 magnis.
1148 2289 1290 2319 llumiliati
1313 2300 1406 2318 sumus
1427 2290 1461 2319 de
1482 2290 1648 2319 sublimitate

80 2338 188 2370 nostra,
212 2333 317 2372 indigni
339 2334 440 2364 honore
462 2337 512 2365 Dei
535 2337 696 2373 claruimus,
712 2338 809 2377 ingrati
833 2345 905 2366 tanto
929 2338 1059 2367 beneficio
1084 2337 1147 2366 facti
1167 2348 1259 2366 sumus
1283 2344 1308 2366 et
1331 2337 1387 2365 sine
1413 2337 1516 2376 gratia,
1532 2336 1647 2368 nudavit

80 2388 127 2407 nos
140 2379 265 2409 omnibus
280 2381 357 2410 bonis
378 2381 504 2412 diabolus
517 2395 522 2411 :
537 2385 583 2422 qui
598 2384 758 2423 dignitatem
776 2385 896 2413 filiorum
918 2395 1119 2424 acceperamus,
1141 2384 1188 2423 qui
1213 2385 1306 2412 fratres
1317 2406 1324 2419 ,
1338 2384 1385 2422 qui
1406 2384 1516 2413 heredes
1529 2395 1645 2420 eramus,

78 2425 113 2454 ab
127 2426 242 2456 inimicis
256 2428 311 2467 ejus
326 2429 395 2458 nihil
418 2429 569 2460 disserimus
584 2431 776 2470 injuriantibus
790 2443 859 2461 eum.
878 2432 956 2468 Quod
971 2432 1047 2461 nobis
1061 2432 1111 2461 erit
1132 2431 1257 2461 solatium
1272 2431 1305 2460 (le
1326 2438 1420 2461 castere
1433 2432 1446 2460 P
1461 2433 1521 2471 Ipse
1535 2443 1584 2461 nos
1597 2443 1644 2461 vo-

80 2472 151 2502 tavit
163 2473 199 2502 ad
222 2475 333 2512 caelum,
357 2487 404 2505 nos
421 2484 509 2506 autem
533 2478 654 2517 nosipsos
668 2479 694 2507 in
718 2479 865 2517 geliennam
887 2479 1055 2519 impulimus.
1076 2479 1247 2508 Mendacium
1271 2485 1297 2507 et
1317 2478 1481 2508 adulterium
1496 2487 1521 2508 et
1543 2480 1644 2509 furtum

80 2518 176 2549 diffusa
191 2528 251 2550 sunt
263 2532 344 2561 super
359 2529 455 2552 terrani
469 2536 474 2550 :
487 2524 532 2552 alii
548 2524 656 2562 quidem
671 2526 827 2563 sanguinem
843 2537 922 2565 super
935 2526 1091 2564 sanguinein
1108 2526 1242 2563 fundunt,
1256 2525 1301 2554 alii
1318 2537 1410 2555 causas
1421 2533 1503 2565 agunt
1515 2527 1645 2565 sauguine

81 2567 190 2605 pejores.
214 2569 326 2599 Plurimi
349 2582 409 2600 vero
431 2582 522 2601 eorum
545 2573 590 2610 qui
612 2573 783 2611 injuriantur,
811 2574 921 2612 plurimi
941 2586 1031 2603 eorum
1057 2584 1172 2612 *piorum
1195 2585 1234 2603 res
1253 2574 1420 2607 auferuntur,
1442 2573 1533 2603 decem
1558 2574 1642 2604 millia

1767 567 1801 589 15.
