1886 2846
76 767 116 787 Pru
135 769 214 795 pietate

74 806 146 817 Ε’ΠΙΕΙΙᾶ
167 806 212 818 lus·

74 829 183 855 emunda.

228 175 272 217 84
561 185 589 207 s.
619 185 757 208 ioannis
783 185 963 207 cinusosr.
992 184 1145 207 Auenti-:r-
1175 184 1442 210 consummor.

227 256 323 274 semus.
349 247 386 275 Ne
403 256 529 285 provoces
552 246 724 281 tentationes,
740 246 761 274 si
782 256 816 274 ex
836 252 896 273 roto
915 245 963 273 tibi
1015 245 1072 277 τοὺς
1088 245 1262 284 πειρασμοὺς,
1282 247 1344 275 ὅταν
1364 259 1405 276 σοι
1427 247 1461 276 τὰ
1483 247 1551 276 κατὰ
1575 247 1622 283 τὴν
1645 247 1777 277 εὖσέὸειαν

229 290 353 330 procedat
368 292 451 331 pietas
464 304 469 319 :
482 302 529 319 cnr
549 302 741 330 supervacanea
761 291 872 319 attrahis
888 290 961 329 peri—
1015 293 1140 329 προχωρῇ
1161 293 1196 323 ὡς
1216 294 1304 324 ποθεῖς
1315 303 1321 309 ·
1335 291 1360 320 τί
1376 292 1512 331 περιττοὺς
1531 294 1676 322 ἐπισπᾶσαι
1690 294 1779 322 κινδύ-

228 337 298 369 cula.
314 349 373 376 qua*
388 338 454 366 lueri
469 337 535 366 nihil
549 338 685 366 afferunt?
1015 348 1071 368 νους
1086 336 1157 365 οὐδὲν
1169 337 1259 375 κέρδος
1271 337 1393 376 ἔχονταςς

269 390 295 418 5.
311 389 372 417 lla-c
385 389 460 422 dico,
476 389 567 417 volens
580 399 626 416 vos
641 398 746 416 serxare
763 388 831 424 leges
846 385 962 419 Christi,
1055 382 1149 410 Ταῦτα
1168 382 1238 421 λέγω
1253 382 1407 420 βουλόμενος
1427 385 1495 421 ὑμᾶς
1508 384 1647 423 φυλάττειν
1664 383 1722 417 τοὺς
1737 385 1779 413 νό-

227 435 273 473 qui
286 435 362 473 jubet
376 446 451 463 orare
468 445 499 463 ne
512 434 615 462 intretis
630 433 655 461 in
673 433 841 461 tentationem
854 453 861 466 ‚
878 437 903 457 et
913 430 962 468 ju—
1016 439 1078 466 μους
1091 431 1136 457 τοῦ
1151 429 1266 468 Χριστοῦ
1289 429 1437 461 κελεύοντος
1457 429 1578 468 εὔχεσθαι
1600 430 1636 468 μὴ
1658 431 1781 459 εἰσελθεῖν

227 480 272 509 bet
293 487 399 519 accepta
423 491 500 509 eruce
519 490 579 507 euni
603 479 687 516 sequi.
716 478 776 505 thre
791 475 890 514 qnippe
910 485 961 503 non
1014 476 1051 507 εἰς
1062 475 1224 514 πειρασμὸν,
1240 475 1284 504 καὶ
1299 475 1447 507 κελεύοντος
1461 475 1540 504 πάλιν
1553 476 1596 504 τὸν
1609 476 1718 514 σταυρὸν
1730 477 1782 505 λα-

228 533 289 554 sunt
313 526 456 556 contraria.
479 525 523 553 sed
547 524 624 552 valde
645 528 791 560 congruunt
813 531 844 548 ae
868 530 962 548 conve·
978 523 995 546 B
1014 519 1106 553 δόντας
1121 521 1267 549 ἀκολουθεῖν
1294 520 1375 559 αὐτῷ.
1400 521 1493 549 Ταῦτα
1512 520 1557 558 μὲν
1578 520 1629 560 γὰρ
1647 521 1694 549 οὐκ
1710 520 1780 549 ἔστιν

227 571 314 600 niunt.
331 572 397 600 Nam
415 578 441 599 tu
455 571 581 609 quidem,
595 579 655 597 euin
671 575 806 604 tamqnam
819 566 895 594 miles
908 566 961 594 fur·
1013 565 1131 601 ἐναντία,
1150 566 1218 595 ἀλλὰ
1239 566 1283 594 καὶ
1298 565 1397 605 σφόδρα
1415 565 1568 605 συνᾴδοντα.
1598 565 1636 595 Σὺ
1665 565 1711 604 μὲν
1733 561 1777 595 οὖν

227 618 260 646 tis
271 625 296 645 te
308 617 410 656 pararis
422 625 446 645 et
460 614 633 649 instruxeris,
645 621 698 642 esto
715 612 820 641 assidue
833 612 859 640 in
869 612 960 647 armis,
1011 610 1079 639 οὕτω
1104 611 1285 651 παρεσκεύασα
1299 613 1334 645 ὡς
1352 611 1516 652 στρατιώτης
1539 616 1670 650 γενναῖος,
1685 613 1712 641 ἐν
1725 615 1780 645 τοῖς

228 663 344 696 sobrius,
371 663 485 700 vigilans
498 684 505 697 ‚
529 662 629 689 hostem
655 669 758 697 semper
782 664 958 697 exspectans;
1011 656 1100 689 ὅπλοις
1121 656 1164 686 ἔσο
1181 658 1324 693 διηνεκῶς,
1350 657 1454 695 νήφων,
1479 657 1646 696 ἐγρηγορὼς,
1671 657 1713 687 ἀεὶ
1734 657 1779 687 τὸν

228 708 297 736 bella
313 716 401 736 antem
417 718 447 735 ne
460 717 580 745 procrees
597 717 602 732 :
619 705 668 732 hoc
684 704 753 732 enim
768 713 819 731 non
832 710 870 732 est
884 703 960 731 nnli-
1012 702 1136 740 πολέμιον
1152 703 1317 740 προσδοκῶν·
1333 703 1461 741 πολέμους
1475 703 1563 740 μέντοι
1575 702 1612 741 μὴ
1621 702 1709 732 τίκτε·
1721 705 1779 731 τοῦ·

227 754 272 786 tis,
285 754 328 782 sed
346 753 472 782 seditiosi,
490 752 536 780 Sin
547 758 635 779 autern
649 757 673 777 te
685 749 786 777 vorarit
797 749 860 777 tuba
875 749 962 788 picta·
1013 760 1042 776 το
1056 748 1106 787 γὰρ
1120 751 1166 778 οὐκ
1180 749 1236 778 ἔστι
1255 749 1416 788 στρατιιῖπου
1427 772 1434 785 ,
1447 748 1514 778 ἀλλὰ
1531 752 1700 778 στασιαστοῦ.
1715 749 1780 778 Ἐὰν

228 800 276 833 tis,
291 800 363 827 illico
384 797 505 836 egredere
518 819 525 829 ‚
548 803 572 825 et
586 796 702 824 animam
719 795 841 834 despice,
859 802 884 823 et
899 805 960 824 eum
1014 795 1040 822 δὲ
1055 797 1071 830 ἡ
1087 797 1133 829 τ’ἧς
1155 794 1287 828 encaenia<
1308 794 1422 833 σάλπιγξ
1436 796 1522 833 κοιλῇ,
1536 795 1629 828 εὐθέως
1645 794 1724 830 ἔξιθι,
1736 795 1781 823 καὶ

227 855 322 882 magna
349 844 430 872 animi
461 843 596 870 alacritate
622 841 766 869 certamina
789 841 959 879 aggredere,
1014 841 1210 880 καταφρόνησον
1225 842 1383 880 τῆςψυχῆς,
1406 841 1450 869 καὶ
1476 841 1572 879 ἔμίῗηθι
1593 840 1660 879 μετὰ
1682 842 1782 876 πολλῆς

226 891 358 929 perfringe
379 890 461 917 aciem
477 888 692 916 adversariorum
710 910 717 923 ,
738 887 840 916 diaboli
854 888 961 916 rultum
1014 889 1060 921 τῆς
1083 888 1229 924 πόθυμίας
1244 888 1279 918 εἰς
1293 886 1352 919 τοὺς
1376 887 1491 924 ἀγῶνας,
1508 887 1583 925 ῥ’ῆξον
1598 886 1646 922 τὴν
1659 887 1782 926 φάλαγγα

226 936 380 971 conscinde,
398 942 528 974 trop-eum
545 934 625 972 erige.
649 934 696 963 Sin
720 941 808 962 antem
829 934 897 962 nihil
916 934 962 962 lae-
1013 934 1065 960 τῶν
1080 933 1212 967 ἐναντίων,
1228 932 1356 971 cti-(aviam
1372 932 1402 960 τὸ
1417 932 1557 971 πρόσωπον
1579 935 1624 960 τοῦ
1641 932 1782 967 διαῧόλου,

225 983 304 1011 datur
327 983 427 1022 pietas,
442 992 527 1019 neque
548 981 690 1019 quisquam
708 988 795 1009 nostra
820 981 962 1010 labefactet
1014 981 1108 1012 στῆσον
1124 978 1153 1006 ’τὸ
1169 978 1309 1017 τρόπαιον·
1332 977 1375 1006 ἐὰν
1391 978 1418 1006 δὲ
1436 977 1517 1015 μηδὲν
1528 981 1545 1013 ἡ
1561 976 1680 1006 εὗσέὸεια
1694 989 1783 1017 παρα-

224 1028 358 1067 dogmata,
372 1028 443 1066 qnod
463 1028 573 1065 inquam
587 1027 679 1055 attinet
692 1026 725 1055 nd
737 1027 865 1062 animam,
877 1037 962 1064 neque
978 1031 996 1053 C
1014 1024 1167 1058 Ελοίπτηται
1178 1045 1185 1059 ,
1201 1023 1267 1061 μηδὲ
1288 1025 1373 1062 πορῠῇ
1398 1035 1437 1056 τις
1459 1022 1492 1051 τὰ
1510 1023 1626 1062 ἡμέτερα
1649 1023 1782 1062 δόγματα,

224 1074 371 1113 quidquam
385 1074 488 1113 cogaris
503 1074 588 1101 facere
601 1083 634 1101 ex
647 1072 679 1100 iis
694 1083 753 1111 qna}
767 1074 824 1101 Deo
840 1083 891 1100 non
905 1072 962 1111 pla·
1014 1068 1046 1098 τὰ
1063 1070 1130 1098 κατὰ
1149 1069 1196 1104 τὴν
1211 1069 1297 1108 ψυχὴν
1319 1068 1402 1107 λέγω,
1428 1068 1494 1107 μηδὲ
1509 1069 1644 1106 ἀναγκάζῃ
1659 1081 1684 1096 τι
1698 1073 1782 1097 ποιεῖν

223 1128 283 1149 cent
295 1143 302 1157 ,
320 1131 352 1149 ne
375 1129 586 1159 supervacaneus
607 1118 641 1147 sit
663 1118 739 1146 labor
753 1125 824 1146 tuns.
849 1118 962 1157 Oportet
1013 1117 1064 1144 τῶν
1081 1115 1117 1153 μὴ
1143 1115 1285 1144 δοκούντων
1303 1117 1338 1153 τῷ
1354 1117 1416 1154 (θεῷ
1428 1137 1435 1148 ,
1454 1114 1490 1153 μὴ
1515 1115 1634 1154 περιττὸς
1656 1115 1709 1144 ἔσο.
1735 1116 1781 1144 At-

225 1164 371 1193 Christiani
385 1164 470 1192 vitani
487 1173 542 1191 esse
554 1163 659 1202 plenam
674 1162 812 1200 sanguine,
824 1162 961 1200 sanguine,
1014 1161 1103 1199 μάτων
1127 1162 1164 1190 δεῖ
1179 1161 1269 1199 γέμειν
1283 1160 1326 1189 τὸν
1350 1164 1395 1189 τοῦ
1421 1162 1580 1199 Χριστιανοῧ
1605 1160 1676 1199 βίον,
1700 1161 1782 1200 αἱμά-

224 1212 344 1250 inquam,
363 1221 415 1239 non
435 1211 462 1238 in
477 1209 614 1238 fundendo
629 1209 731 1244 alieno,
747 1209 793 1237 sed
806 1209 832 1237 in
845 1219 875 1237 eo
889 1209 960 1247 qnod
1013 1219 1080 1244 των,
1109 1209 1154 1236 οὐκ
1179 1209 1204 1235 ἐν
1227 1209 1265 1245 τῷ
1281 1207 1314 1236 τὰ
1331 1206 1459 1246 ἀλλότρια
1483 1208 1584 1245 ἐκχεῖν,
1609 1207 1666 1235 ἀλλ’
1691 1208 1717 1235 ἐν
1742 1208 1781 1246 τῷ

224 1258 260 1285 sis
270 1263 378 1296 paratus
387 1263 461 1284 tuum
477 1255 621 1284 effundere.
633 1256 701 1283 Cum
719 1261 789 1283 tanta
803 1265 866 1292 ergo
877 1255 960 1283 animi
1012 1254 1115 1290 ἕτοιμον
1127 1248 1192 1281 εἶναι
1207 1252 1236 1280 τὸ
1247 1254 1340 1281 ἑαυτοῦ
1351 1254 1447 1291 ἐκχεῖν.
1463 1252 1540 1280 Μετὰ
1553 1251 1682 1287 τοσαύτης
1695 1252 1781 1281 τοίνυν

223 1301 360 1329 alacritate
398 1300 539 1339 proprium
576 1300 732 1338 sanguinem
768 1298 938 1327 effundamus
951 1321 958 1334 ‚
1011 1299 1157 1339 προθυμίας
1170 1299 1200 1327 τὸ
1217 1298 1280 1327 ἴδιον
1311 1294 1377 1335 αἷμα
1393 1297 1539 1336 ἐκχέωμεν,
1566 1296 1628 1326 ὅταν
1653 1297 1721 1337 ὑπὲρ
1735 1300 1782 1327 τοῦ

223 1346 330 1385 quando
344 1346 394 1374 hoc
405 1346 483 1374 fucrit
498 1356 545 1384 pro
556 1345 672 1380 Christo,
687 1356 747 1373 cum
769 1351 867 1382 quanta
882 1344 956 1382 qnis—
1012 1346 1126 1383 Χριστοῦ
1140 1346 1217 1372 τοῦτο
1231 1340 1265 1381 ἦ,
1280 1344 1336 1380 μεθ’
1350 1343 1413 1377 ὅσης
1426 1343 1457 1370 ἂν
1473 1342 1541 1381 ὕδωρ
1559 1355 1600 1375 τις
1621 1342 1708 1382 ἐκχέοι
1721 1342 1781 1379 (καὶ

223 1403 304 1431 quam
323 1403 419 1431 aquam
435 1392 559 1419 effuderit
576 1391 683 1427 {etenim
707 1401 774 1429 aqua
793 1397 831 1418 est
849 1391 958 1428 sanguis
1010 1390 1059 1429 γὰρ
1072 1390 1141 1428 ὕδωρ
1154 1390 1210 1419 ἐστὶ
1220 1390 1249 1418 τὸ
1261 1385 1328 1427 αἷμα
1339 1388 1476 1428 περιρρέον
1487 1389 1517 1418 τὸ
1531 1390 1638 1427 σῶμα)·
1652 1389 1698 1418 καὶ
1713 1389 1781 1427 μετὰ

223 1439 269 1477 qui
293 1449 388 1477 corpus
407 1437 589 1473 circumfluit,
611 1443 636 1465 et
659 1446 719 1464 cum
740 1443 812 1464 tanta
833 1435 959 1464 facilitate
1009 1436 1136 1470 τοσαύτ,ς
1151 1435 1269 1467 εὐκολίας
1282 1435 1329 1470 τὴν
1342 1435 1428 1474 σάρκα
1441 1435 1630 1473 ἀποδυώμεθα,
1649 1436 1707 1472 μεθ’
1717 1436 1781 1471 ὅσης

223 1495 327 1512 carnem
339 1493 478 1518 exuamus,
492 1493 551 1511 cum
563 1489 660 1520 quanta
674 1489 784 1510 vestem.
803 1481 858 1510 Hoc
870 1488 957 1510 antem
1010 1483 1040 1510 διν
1057 1482 1102 1510 καὶ
1116 1481 1145 1510 τὸ
1157 1481 1273 1519 ἱμάτιον.
1290 1482 1376 1510 Τοῦ-το
1392 1480 1418 1509 δὲ
1432 1481 1520 1516 ἔσται,
1535 1480 1580 1510 ἐὰν
1592 1480 1628 1518 μὴ
1643 1481 1778 1520 χρήμασιν

223 1531 282 1565 erit,
294 1530 317 1558 si
328 1540 379 1558 non
395 1531 478 1557 simus
489 1528 591 1567 alligati
603 1528 734 1567 pecuniis,
743 1528 766 1556 si
777 1538 829 1556 non
839 1527 956 1557 detinea-
1010 1523 1080 1566 ὦμεν
1096 1527 1313 1568 προσδεδεμένοι,
1334 1526 1364 1555 ἂν
1381 1526 1418 1564 μὴ
1439 1526 1548 1562 οἰκίαις,
1571 1526 1620 1554 3ιῖιν
1638 1526 1675 1564 μὴ
1697 1538 1779 1566 προσ-

223 1587 283 1604 mur
297 1576 331 1603 ab
341 1575 453 1611 aedihns,
467 1585 481 1602 a
494 1574 640 1613 voluptate,
655 1585 670 1602 a
682 1574 858 1613 proesentibus
870 1574 957 1603 omni·
973 1584 991 1605 Ι)
1009 1574 1104 1614 παθεία
1118 1576 1170 1602 τῶν
1185 1573 1321 1612 παρόντων
1335 1567 1407 1610 ὦμεν
1419 1572 1610 1611 ἀπηρτημένοι.
1625 1573 1659 1601 Εἴ
1680 1572 1732 1613 γὰρ
1754 1574 1779 1602 οἱ

223 1622 282 1650 hus.
301 1621 330 1651 Si
345 1621 415 1649 enim
427 1620 473 1658 qui
492 1620 561 1648 hane
577 1619 662 1648 vitam
679 1619 781 1659 degunt
795 1620 938 1648 militarem
949 1643 956 1656 ‚
1010 1620 1052 1649 τὸν
1067 1620 1252 1659 στρατιωτικὸν
1266 1621 1354 1648 τοῦτον
1374 1618 1430 1657 βίον
1450 1620 1544 1651 ζῶντες
1555 1623 1636 1648 πᾶσιν
1656 1618 1778 1648 ἀποτάσ-

255 1721 265 1731 ·
284 1712 320 1746 [ἔτι
332 1717 364 1744 μὶ,
378 1716 516 1746 προπαθείᾳ
526 1732 532 1743 ,
546 1716 572 1737 ἀν
583 1716 616 1744 μὴ
630 1716 718 1737 πάντων
731 1713 798 1744 ὦμεν,
811 1710 846 1735 sic
858 1712 886 1735 Α.
899 1711 928 1736 B.
942 1710 1065 1735 Commcl.
1077 1717 1102 1734 ct
1112 1718 1190 1742 marg.
1202 1708 1289 1743 Savil.]

620 1818 647 1845 M
654 1816 795 1846 [TIANO
817 1815 1070 1845 SCHOLASTICO
1093 1813 1335 1844 [NTERPRETE

223 1910 358 1938 dehemus.
380 1910 439 1938 Non
453 1918 580 1947 provoces
601 1907 771 1942 tentationes,
786 1906 893 1945 quando
911 1906 960 1935 tibi
975 1916 1013 1940 ea,
1034 1916 1093 1944 quae
1113 1905 1147 1934 ad
1164 1905 1290 1945 pietatem
1303 1904 1450 1944 pertinent,
1465 1916 1514 1944 pro
1535 1911 1598 1934 voto
1611 1905 1776 1945 prooedunt:

224 1957 246 1984 si
267 1966 330 1984 vero
350 1954 562 1991 desideraveris,
578 1953 712 1992 superflua
733 1953 780 1981 tibi
795 1953 909 1981 assnmis
922 1952 1058 1992 pericula,
1075 1952 1180 1981 nullum
1194 1952 1299 1980 lucrum
1313 1951 1447 1980 habentia.

263 2002 325 2029 Hasc
339 2001 414 2036 dieo,
430 2000 522 2028 volens
533 2010 580 2028 vos
593 1999 726 2027 custodire
742 1999 812 2037 leges
827 1999 928 2027 Christi
939 1998 1059 2038 jubentis
1073 2008 1165 2033 orare,
1177 2008 1210 2026 ne
1222 1997 1351 2025 intremus
1368 1997 1395 2025 in
1411 1996 1582 2025 tentationem
1595 2019 1604 2035 ,
1621 2004 1645 2026 et
1656 1998 1778 2036 jubentis

223 2055 251 2077 ut
268 2059 372 2077 cruceni
389 2059 462 2076 suam
475 2047 551 2075 tollat
564 2047 633 2085 quis,
647 2053 672 2075 et
685 2053 811 2084 sequatur
826 2046 922 2085 ipsum.
938 2046 1002 2074 Haec
1016 2046 1116 2085 quippe
1126 2056 1178 2073 non
1193 2051 1255 2073 sunt
1270 2044 1414 2079 contraria,
1428 2043 1475 2072 sed
1490 2043 1567 2072 valde
1582 2045 1776 2074 convenientia,

224 2096 267 2124 Tu
281 2096 388 2134 quidem
404 2096 438 2124 ita
454 2102 508 2124 esto
524 2101 698 2134 praeparatus,
710 2094 779 2122 sicut
794 2094 870 2122 miles
883 2093 960 2122 sortis
973 2093 998 2122 in
1014 2093 1096 2122 armis
1113 2104 1119 2119 :
1133 2099 1187 2121 esto
1203 2098 1327 2131 perpetue
1341 2091 1456 2125 sobrius,
1471 2090 1595 2129 vigilans,
1609 2102 1713 2130 semper
1725 2091 1778 2120 lio—

224 2150 288 2171 stem
303 2151 472 2182 exspectans;
484 2142 554 2171 bella
568 2149 656 2170 antem
669 2152 720 2170 non
734 2141 850 2177 excites;
864 2141 916 2170 hoc
930 2141 1031 2180 quippe
1042 2140 1137 2169 militis
1151 2150 1203 2168 non
1219 2145 1266 2175 est,
1278 2138 1324 2167 sed
1334 2138 1462 2167 seditiosi.
1475 2138 1503 2166 Si
1517 2148 1580 2166 vero
1593 2138 1656 2166 tuba
1671 2138 1778 2178 pietatis

224 2190 374 2223 vocaxerit,
396 2189 532 2217 confestim
556 2188 683 2228 procede,
698 2195 724 2216 et
738 2194 876 2216 contemne
893 2188 1011 2216 animam
1024 2210 1032 2225 ,
1050 2194 1075 2216 et
1093 2185 1230 2225 ingredere
1253 2195 1314 2213 cnm
1334 2184 1418 2213 multa
1440 2184 1577 2212 alacritate
1599 2184 1626 2212 in
1647 2194 1775 2222 agonem,

225 2247 318 2276 rumpe
339 2237 421 2264 aciem
437 2236 652 2265 adversariorum
663 2258 670 2271 ,
687 2234 796 2264 concide
821 2235 914 2263 faeiem
929 2235 1048 2271 diaboli,
1063 2241 1149 2263 statue
1166 2240 1305 2273 tropaeum.
1320 2232 1348 2261 Si
1367 2239 1455 2260 autem
1472 2231 1556 2271 pietas
1572 2231 1640 2260 nihil
1655 2231 1776 2267 laeditur,

224 2294 307 2322 neque
319 2284 461 2323 depopulet
475 2283 572 2322 aliquis
583 2294 642 2322 quae
658 2283 694 2311 ad
708 2293 755 2311 nos
772 2282 905 2322 pertinent
922 2283 1048 2321 dogmata
1066 2294 1072 2310 ε
1088 2282 1150 2310 dico
1164 2288 1254 2310 autem
1265 2291 1296 2309 ea
1311 2291 1369 2318 qnae
1382 2279 1417 2308 ad
1432 2280 1548 2308 animam
1562 2279 1693 2318 pertinent
1705 2291 1712 2307 :
1727 2290 1778 2308 ne-

224 2341 274 2368 que
287 2338 363 2369 cogat
378 2338 402 2359 te
417 2331 512 2369 aliquis
528 2331 612 2359 facere
626 2329 698 2368 quod
721 2331 776 2358 Deo
798 2341 850 2358 non
867 2330 972 2370 placet,
990 2330 1044 2358 noli
1060 2340 1115 2358 csse
1133 2328 1295 2368 superfluus.
1311 2327 1458 2367 Sanguinis
1474 2334 1578 2367 oportet
1596 2337 1652 2356 esse
1671 2326 1778 2366 plenam

225 2378 368 2406 Christiani
385 2378 467 2406 vitam
479 2401 486 2412 ,
504 2377 642 2416 sanguinis
655 2383 744 2405 autem
759 2377 837 2415 dico,
853 2387 905 2406 non
918 2384 948 2406 ut
962 2377 1076 2405 aliorum
1088 2376 1257 2405 effundamus
1269 2398 1276 2408 ,
1292 2374 1339 2404 sed
1351 2382 1380 2403 ut
1394 2375 1480 2414 parati
1500 2374 1584 2403 simus
1603 2379 1722 2403 nostrum
1736 2374 1776 2402 ef-

223 2424 340 2453 fundere.
353 2426 420 2453 Cum
434 2432 504 2453 tanta
518 2425 601 2462 igitur
614 2424 749 2453 alacritate
760 2424 899 2464 proprium
915 2425 1071 2463 sanguinem
1083 2423 1262 2456 effundamus,
1281 2421 1387 2461 qnando
1402 2433 1449 2462 pro
1461 2421 1567 2451 Christo
1575 2421 1626 2450 hoc
1637 2420 1701 2458 erit,
1713 2431 1776 2450 cum

224 2477 319 2507 quanta
332 2481 428 2508 aquam
442 2471 501 2509 quis
516 2471 630 2500 effundit
647 2483 653 2498 :
669 2470 765 2499 etenim
776 2481 844 2509 aqua
859 2477 897 2499 est
909 2471 1017 2509 sanguis
1033 2470 1210 2499 circumfusus
1221 2469 1325 2509 corpori
1342 2481 1347 2496 ι
1363 2475 1461 2497 etcum
1477 2473 1547 2496 tanta
1560 2466 1686 2495 facilitate
1697 2477 1775 2495 carne

225 2517 333 2555 spoliari
349 2517 490 2554 debemus,
506 2528 565 2546 cum
581 2525 678 2556 quanta
695 2525 720 2547 et
740 2518 898 2547 vestimento
919 2529 925 2545 2
944 2517 995 2546 hoc
1009 2525 1097 2546 autem
1111 2517 1182 2556 erit,
1199 2518 1221 2547 si
1239 2527 1291 2546 non
1306 2516 1405 2546 erimus
1420 2514 1540 2555 pecuniis
1557 2512 1659 2548 dediti,
1677 2512 1699 2542 si
1720 2523 1774 2543 non

225 2564 368 2600 domibus,
387 2564 406 2593 si
424 2575 473 2594 non
489 2565 640 2604 affectioni,
667 2565 689 2594 si
713 2565 748 2594 ab
769 2565 893 2595 omnibus
913 2565 1013 2594 erimus
1034 2565 1155 2605 separati.
1179 2565 1207 2594 Si
1229 2565 1298 2594 enim
1319 2564 1364 2603 qui
1385 2563 1526 2592 militarem
1548 2560 1632 2591 vitam
1651 2559 1770 2598 vivunt,
