1886 2846
86 247 152 268 Jnun.
174 248 209 270 13.

87 433 121 452 ΙΙι.
139 439 174 461 ¹7-
190 440 214 454 2¹

87 475 227 503 ua.13.34.

88 1075 106 1091 1,
123 1069 175 1090 Cor.
189 1069 224 1091 13.

243 172 290 207 52
591 185 620 208 5.

244 255 328 282 quens
343 244 484 283 discipulis
497 256 503 272 :
514 247 551 273 In
564 247 619 274 hoc
633 248 734 280 scient,
751 246 829 285 quod
849 244 984 283 discipuli

242 291 299 318 mei
309 292 387 324 estis,
401 292 487 319 sivos
498 293 623 319 invicem
633 292 772 330 diligatis.
785 290 889 318 Deinde
899 297 983 318 osten-

241 334 306 363 dens
321 335 347 363 in
359 346 421 374 quo,
435 347 487 364 non
499 336 570 365 dixit
582 337 721 371 miracula,
739 337 785 365 sed
797 336 862 374 quid
874 336 886 363 Ξ)
897 336 926 364 Si
938 336 983 362 di-

242 381 396 409 lectionem
420 383 543 410 invicem
564 383 733 411 habueritis.
757 382 791 410 Et
807 391 898 409 rursus
917 379 982 407 dicit

222 449 227 455 .
241 426 314 454 Patri
328 438 334 453 :
346 428 383 454 Ιιι
396 427 450 455 hoc
466 430 554 456 scient
568 429 648 467 quod
662 435 692 456 tu
707 439 751 455 me
762 427 872 459 misisti,
886 429 910 453 si
924 427 983 452 sint

241 481 342 499 unum.
361 472 421 510 Ipse
435 483 539 511 quoque
557 473 662 501 dicebat
674 472 815 510 discipulis
828 482 834 497 t
847 470 981 498 ‚Manda-

241 524 302 545 tum
326 528 432 546 novum
457 520 494 546 do
518 521 613 555 vobis,
640 526 672 547 ut
695 519 824 555 diligatis
845 518 979 544 invicem,

239 563 276 591 Iis
293 574 356 602 ergo
379 563 425 601 qui
439 571 558 592 mortuos
574 565 711 597 suscitant,
726 563 769 590 hic
789 568 828 589 est
847 561 982 589 honestior

239 614 264 635 et
285 608 458 647 praeclarior:
481 616 505 648 et
520 609 622 637 merito.
644 609 713 636 Nam
734 605 803 634 illud
821 605 931 643 quidem
943 613 982 634 est

240 659 326 681 totum
342 654 392 682 Dei
414 655 521 692 gratiae;
542 655 592 682 hoc
607 660 695 681 autem
710 659 748 680 est
763 652 843 680 etiam
858 652 941 680 studii
956 659 981 680 et

237 698 394 737 diligentiae.
409 700 465 728 Hoc
484 707 521 728 est
542 710 630 727 revera
647 698 792 726 Christiani
808 710 814 726 ε
832 698 882 726 hoc
894 705 980 726 osten-

239 745 281 774 dit
296 745 395 773 Christi
409 745 584 784 discipulum,
600 744 645 782 qui
659 751 698 772 est
712 743 867 780 crucifixus,
880 744 927 781 qui
940 744 979 772 ni-

237 790 277 818 hil
291 790 370 818 habet
383 800 522 818 commuue
535 790 562 817 in
577 796 644 817 terra
660 801 665 816 :
679 789 781 826 absque
795 789 848 818 hoc
862 799 894 817 ne
908 800 979 817 mar-

238 836 340 873 tyrium
361 835 467 872 quidem
489 841 573 873 potest
585 834 734 872 quidquam
755 834 887 873 prodesse.
902 834 938 862 Et
950 841 978 863 ut

239 879 336 913 discas,
349 880 400 907 hoc
413 879 475 908 vide
489 879 618 908 dilucide.
632 880 692 908 Duo
704 879 747 907 vel
763 879 850 917 potius
860 879 911 908 tria
923 880 978 908 vir-

237 931 324 952 tutum
339 925 475 952 cacumina
497 925 592 952 sumsit
607 924 699 953 beatus
720 924 831 959 Paulus,
848 935 905 962 quae
917 931 980 953 sunt

237 970 264 998 in
281 970 373 1009 signis,
394 981 453 1008 quae
468 970 495 998 in
511 970 672 1009 cognitione,
695 981 754 1008 quae
776 977 837 998 sunt
853 971 880 998 in
901 971 956 999 vita
972 983 978 998 ι

237 1022 261 1043 et
274 1015 374 1053 absque
389 1015 440 1044 hoc
455 1016 511 1044 hcec.
527 1016 596 1044 nihil
611 1026 666 1044 esse
681 1015 761 1044 dixit.
775 1015 918 1050 Quomodo
930 1026 981 1044 au-

239 1069 291 1090 tem
304 1061 362 1090 haec
374 1061 441 1090 nihil
456 1061 518 1098 sint,
533 1072 582 1101 ego
593 1061 664 1090 dico.
683 1063 748 1090 Etsi
762 1062 935 1089 distribuero
948 1063 980 1089 in

239 1111 317 1138 cibos
327 1120 488 1148 pauperum
509 1119 607 1137 omnes
618 1109 777 1147 facultates
796 1119 884 1144 meas,
899 1111 978 1137 cari-

241 1163 330 1185 tatem
344 1163 441 1185 autem
454 1167 512 1184 non
526 1157 661 1193 habeam,
676 1157 751 1184 nihil
761 1162 813 1184 est.
827 1156 898 1184 Fieri
908 1156 977 1184 enim

239 1210 325 1243 potest
343 1210 372 1231 ut
390 1203 436 1241 qui
454 1203 593 1231 facultates
613 1203 640 1230 in
657 1202 731 1231 cibos
751 1202 906 1237 distribuat,
925 1213 977 1232 non

238 1249 273 1277 sit
285 1249 393 1277 caritate
407 1248 544 1287 przeditus,
556 1255 580 1276 et
592 1247 738 1287 profundat
752 1248 886 1287 pecunias.
899 1249 934 1277 Et
945 1249 978 1277 de

238 1295 281 1323 his
301 1293 410 1332 quidem
432 1294 494 1322 satis
509 1305 523 1321 a
538 1293 615 1322 nobis
637 1293 740 1322 dictum
761 1300 799 1321 est
816 1293 844 1321 in
866 1293 924 1321 loco
945 1293 978 1322 de

238 1339 358 1373 caritate,
375 1346 399 1366 et
417 1339 482 1366 illuc
504 1338 708 1366 transmittimus
728 1338 838 1366 lectores
854 1337 979 1367 :iuterim

238 1393 338 1422 autem,
355 1385 422 1413 sicut
434 1384 503 1418 dixi,
521 1384 676 1412 aemulemur
698 1383 829 1411 charisma
839 1405 845 1417 ,
860 1383 927 1411 alter
940 1384 979 1411 al-

239 1439 325 1460 terum
341 1430 502 1468 diligan1us;
515 1436 538 1458 ct
553 1430 627 1457 nullo
646 1429 728 1457 altero
744 1429 926 1466 indigebimus
945 1428 979 1457 ad

239 1485 287 1502 nos
310 1480 380 1501 recte
402 1472 530 1510 gerendos
556 1473 583 1502 in
598 1475 714 1511 virtute,
732 1474 777 1502 sed
802 1481 879 1503 erunt
902 1474 978 1502 nobis

648 184 787 208 JOANMS
813 184 992 207 CHRYSOST.

1023 183 1164 206 ARCHIEP
1171 197 1178 204 .
1207 182 1268 205 CON
1275 182 1473 207 STANTINOP-

1036 244 1074 272 ὅτι.
1089 243 1147 280 ἐμοὶ
1163 243 1279 280 μαθηταί
1295 244 1368 278 ἔστε,
1382 244 1426 272 ἐὰν
1450 247 1569 283 ἀγαπᾶτε
1585 245 1722 280 ἀλλήλους.
1737 241 1804 274 Εἶτα

1037 288 1135 320 δεικνὺς
1149 289 1174 316 ἓν
1187 288 1254 327 ποίῳ
1263 311 1270 324 ,
1279 290 1325 317 οὒκ
1336 285 1391 317 εἶπε
1401 289 1434 318 τὰ
1446 285 1587 328 θαύματα,
1598 290 1666 318 ἀλλὰ
1681 290 1706 318 τί
1718 303 1725 325 ;
1739 290 1804 319 Ἐὰν

1037 333 1142 371 ἀγάπην
1157 334 1236 373 ἔχητε
1256 336 1282 363 ἐν
1296 335 1428 369 ἀλλήλοις.
1452 336 1505 364 Καὶ
1519 336 1598 364 πάλιν
1609 336 1673 375 πρὸς
1683 336 1727 364 τὸν
1742 337 1804 364 Πα-

1035 379 1098 416 τέρα
1113 379 1204 417 φησίν·
1227 379 1274 408 ’Ῐίν
1288 380 1373 419 τούτῳ
1392 381 1553 418 γνώσονται,
1569 382 1608 410 ὅτι
1630 381 1660 410 σύ
1684 393 1717 419 με
1739 381 1804 410 ἀπέ-

1037 425 1156 459 στειλας,
1169 424 1212 452 ἐὰν
1228 419 1291 453 ὦσιν
1305 426 1342 453 ἕν.
1358 426 1410 454 Καὶ
1421 427 1496 459 αὐτὸς
1507 426 1579 465 ἔλεγε
1594 427 1658 465 πρὸς
1673 425 1732 458 τοὺς
1749 437 1802 464 μα-

1036 470 1115 504 θητάς
1126 482 1132 487 ·
1155 470 1282 505 Ἔντολὴν
1297 471 1389 506 καινὴν
1413 472 1507 509 δίδωμι
1525 474 1604 510 ὑμῖν,
1617 472 1660 500 ἵνα
1682 474 1801 509 ἀγαπᾶτε

1036 515 1175 549 ἀλλήλους.
1210 517 1271 545 Τῶν
1304 516 1390 544 τοίνυν
1417 517 1476 549 τοὺς
1502 517 1607 556 νεκροὺς
1635 516 1800 545 ἀνιστώντων

1035 561 1188 600 σεμνότερος
1209 563 1222 590 ὅ
1245 565 1358 594 τοιοῦτος
1385 562 1430 590 καὶ
1455 563 1636 602 λαμπρότερος
1656 574 1662 579 ·
1686 561 1800 594 εἰκότως,

1036 605 1138 635 Ἐκεῖνο
1160 607 1207 645 μὲν
1222 607 1273 646 γὰρ
1292 607 1351 637 ὅλον
1373 610 1420 642 τῆς
1435 611 1480 636 τοῦ
1504 610 1573 637 Θεοῦ
1595 607 1704 646 χάριτός
1726 608 1800 641 ἐστι,

1034 655 1109 680 τοῦτο
1131 652 1158 680 δὲ
1177 652 1221 680 καὶ
1248 656 1294 687 τῆς
1320 655 1367 687 σῆς
1392 655 1515 688 πουδῆς.
1531 655 1617 682 Τοῦτο
1632 654 1712 685 ὄντως
1735 653 1800 691 Χρι-

1035 700 1140 726 στιανοῧ
1150 709 1156 714 ·
1181 701 1256 726 τοῦτο
1285 698 1399 727 ’δείκνυσι
1427 699 1471 727 τὸν
1495 701 1540 726 τοῦ
1569 699 1685 737 Χριστοῦ
1715 700 1801 736 μαθη-

1033 741 1094 776 τὴν,
1108 742 1151 770 τὸν
1178 742 1388 781 ἐσταυρωμένον,
1403 743 1446 771 τὸν
1462 742 1534 771 οὐδὲν
1556 743 1650 781 ἔχοντα
1677 742 1760 771 κοινὸν
1775 744 1801 772 ἐν

1033 789 1065 824 τῇ
1090 790 1140 825 γῇ·
1164 788 1255 817 τούτου
1279 788 1362 827 χωρὶς
1389 788 1446 817 οὐδὲ
1467 788 1608 828 μαρτύριον
1620 787 1756 827 ὠφελῆσαί
1775 800 1802 816 τι

1033 832 1148 861 δύναται.
1164 834 1216 862 Καὶ
1231 833 1272 862 ἵνα
1289 834 1372 872 μάθῃς
1381 856 1388 869 ,
1399 835 1446 872 ὅρα
1462 837 1538 863 τοῦτο
1549 835 1638 873 σαφῶς
1647 845 1652 851 ·
1668 834 1746 862 ἔλαὸε
1757 833 1802 862 δύο

1032 878 1146 917 κορυφὰς
1157 881 1254 920 ἀρε-τῶν
1267 882 1280 907 ὑ
1293 879 1420 916 μακάριος
1433 880 1536 912 Παῦλος
1547 901 1554 914 ,
1573 880 1670 916 μᾶλλον
1682 879 1708 908 δὲ
1720 883 1802 918 τρεῖς·

1032 923 1078 955 τὰς
1094 925 1120 951 ἓν
1134 929 1186 956 τοῖς
1199 924 1332 962 σημείοις,
1355 924 1403 956 τὰς
1419 926 1444 953 ἐν
1465 927 1498 962 τῇ
1524 924 1634 962 γνώσει,
1648 924 1695 956 τὰς
1713 926 1739 953 ἐν
1764 926 1802 963 τῷ

1035 969 1096 1008 βίῳ·
1113 969 1157 997 καὶ
1171 969 1269 1003 ταύτης
1286 970 1346 998 ἄνευ
1361 969 1433 998 οὐδὲν
1448 969 1543 1008 ἔφησεν
1558 965 1624 998 εἶναι
1635 972 1726 998 ταῦτα.
1738 970 1803 1002 Πῶς

1034 1014 1061 1042 δὲ
1072 1014 1143 1042 οὐδέν
1158 1016 1213 1043 ἐστι
1227 1018 1311 1043 ταῦτα
1323 1036 1329 1047 ,
1346 1015 1398 1053 ἐγὼ
1413 1015 1493 1053 λέγω.
1515 1015 1579 1044 Ἐὰν
1600 1015 1714 1055 ψωμίσω
1735 1027 1802 1054 μου,

1034 1060 1097 1098 φησὶ
1109 1082 1117 1095 ,
1132 1059 1165 1088 τὰ
1179 1060 1332 1099 ὑπάρχοντα
1342 1083 1349 1096 ,
1362 1060 1465 1098 ἀγάπην
1481 1060 1507 1089 δὲ
1518 1061 1554 1098 μὴ
1565 1061 1632 1099 ἔχω,
1648 1060 1722 1089 οὗόέν
1737 1062 1801 1099 εἶμι.

1033 1105 1110 1134 Ἔστι
1130 1106 1182 1144 γὰρ
1201 1107 1246 1134 καὶ
1268 1107 1419 1144 ψωμίζοντα
1435 1106 1472 1144 μὴ
1487 1102 1552 1136 εἶναι
1568 1107 1742 1144 ἀγαπητικὸν,
1756 1107 1802 1135 καὶ

1032 1151 1157 1190 χρήματα
1171 1156 1301 1181 κενοῦντα.
1319 1153 1369 1180 Καὶ
1386 1152 1486 1191 εἴρηται
1502 1153 1548 1190 μὲν
1565 1155 1628 1189 ἡμῖν
1648 1156 1730 1181 ταῦτα
1755 1153 1802 1191 ἄρ-

1032 1198 1144 1230 κούντως
1158 1200 1183 1227 ἐν
1198 1200 1233 1236 τῷ
1251 1198 1323 1237 τόπῳ
1335 1200 1372 1236 τῷ
1387 1198 1447 1236 περὶ
1461 1200 1508 1232 τῆς
1521 1198 1624 1236 ἀγάπης
1635 1219 1642 1233 ,
1658 1200 1734 1226 κάκεῖ
1744 1209 1801 1225 πα-

1034 1243 1205 1281 ραπέμπομεν
1216 1242 1274 1275 τοὺς
1292 1243 1504 1282 ἑντυγΛάνοντας·
1520 1243 1584 1276 τέως
1599 1243 1639 1276 δὲ,
1651 1243 1715 1281 ὅπερ
1728 1243 1802 1281 ἔφην,

1033 1288 1193 1326 ζηλώσωμεν
1207 1289 1236 1316 τὶ)
1250 1288 1385 1327 χάρισμα,
1403 1289 1582 1326 ἇγαπὴσωμεν
1602 1288 1742 1324 ἀλλήλους,
1757 1289 1803 1317 καὶ

1033 1333 1132 1366 οὐδενὸς
1151 1333 1238 1373 ἑτέρου
1251 1333 1431 1370 δεηῠησόμεθα
1443 1334 1507 1371 πρὸς
1522 1333 1569 1368 τὴν
1582 1335 1629 1368 τῆς
1646 1336 1740 1372 ἀρετῆς
1754 1346 1803 1362 κα-

1033 1379 1159 1418 τόρθωσιν
1171 1402 1178 1415 ,
1210 1379 1276 1407 ἀλλὰ
1303 1379 1390 1407 πάντα
1414 1381 1478 1416 ἡμῖν
1505 1379 1579 1407 ἔσται
1607 1379 1699 1408 εὔκολα
1721 1379 1803 1418 χωρὶς

1033 1424 1162 1463 ἱδρώτων,
1193 1425 1237 1452 καὶ
1265 1424 1369 1452 ἅπαντα
1398 1424 1599 1463 κατορθώσομεν
1616 1424 1682 1462 μετὰ
1701 1425 1801 1460 πολλῆς

1032 1472 1079 1505 τῆς
1105 1471 1228 1504 σπουδῆς.
1257 1470 1326 1498 Ἀλλ’
1349 1469 1403 1498 ἶς’-οὺ
1425 1469 1471 1498 καὶ
1495 1473 1553 1506 νῦν,
1569 1470 1660 1508 φησὶν,
1689 1472 1800 1508 ἀγαπῶ-

239 1519 327 1547 omnia
348 1518 437 1546 facilia
459 1518 558 1556 absque
572 1519 729 1556 sudoribus,
750 1526 774 1547 et
788 1519 873 1547 multo
888 1519 978 1548 studio
994 1541 1017 1558 57
1034 1528 1080 1553 μεν
1096 1515 1223 1550 ἀλλήλους
1237 1527 1242 1532 “
1264 1518 1277 1543 ὃ
1299 1514 1345 1552 μὲν
1365 1514 1416 1554 γὰρ
1431 1515 1486 1554 ἔΛεῑ
1504 1515 1590 1554 φίλους
1611 1515 1669 1550 δύο,
1683 1514 1700 1549 ἢ
1716 1519 1800 1554 τρεῖς,

238 1570 263 1591 et
277 1562 416 1600 diligentia
435 1569 503 1590 recte
519 1572 640 1600 geremus
655 1563 754 1591 omnia.
773 1562 827 1591 Sed
848 1573 917 1600 ecce,
936 1563 977 1591 in-
996 1569 1014 1590 A
1032 1564 1046 1589 ὃ
1076 1562 1103 1590 δὲ
1129 1561 1265 1600 τέτταρας,
1281 1560 1359 1589 Ἀλλὰ
1372 1564 1448 1589 τοῦτο
1463 1562 1510 1589 οὐκ
1533 1560 1588 1589 ἔστι
1612 1561 1655 1589 διὰ
1674 1562 1717 1590 τὸν
1731 1561 1799 1589 Θεὸν

239 1607 305 1645 quit,
319 1608 464 1636 etiamnum
479 1607 619 1646 diligimus
636 1617 684 1636 nos
703 1607 818 1636 inricem
834 1618 840 1634 ι
856 1617 917 1635 uam
933 1606 979 1635 ille
1033 1609 1137 1645 ἀγαπᾷν
1148 1629 1155 1643 ,
1170 1606 1238 1634 ἀλλὰ
1259 1605 1303 1635 διὰ
1317 1606 1346 1634 τὸ
1369 1607 1516 1645 φιλεῖσθαι·
1531 1606 1560 1635 τὸ
1574 1606 1601 1635 δὲ
1620 1605 1662 1634 ’διὰ
1676 1606 1719 1635 τὸν
1733 1606 1800 1635 Θεὸν

658 1719 831 1748 MUTIANO
853 1719 1105 1748 SCHOLASTICO
1127 1719 1379 1748 INTERPRETE.

238 1811 339 1839 dixerit
355 1810 411 1849 ipse
427 1809 562 1843 Christus,
578 1808 718 1848 discipulis
734 1809 789 1837 suis
804 1809 913 1846 loquens
927 1821 932 1836 :
944 1811 981 1836 In
997 1810 1051 1837 hoc
1067 1816 1238 1848 cognoscent
1259 1819 1356 1838 omnes
1368 1811 1439 1848 quia
1454 1809 1590 1848 discipuli
1605 1812 1661 1838 mei
1674 1812 1751 1839 estis.
1768 1811 1803 1840 Et

238 1856 354 1884 ostendit
376 1856 403 1883 in
424 1866 488 1893 quo,
506 1866 558 1883 nou
574 1855 683 1892 dicens,
699 1855 727 1884 Si
746 1855 876 1883 miracula
891 1855 1018 1891 feceritis,
1035 1855 1091 1890 sed,
1107 1856 1137 1884 Si
1152 1858 1317 1893 caritatem,
1334 1855 1430 1893 inquit,
1447 1856 1606 1884 habueritis
1621 1858 1754 1885 invicem.
1766 1857 1802 1886 Et

239 1902 340 1930 iterum
355 1902 391 1930 ad
402 1902 508 1929 Patrem
521 1901 597 1937 dicit,
608 1903 644 1929 In
660 1902 713 1929 hoc
726 1909 907 1941 cognoscent,
923 1904 993 1941 quia
1009 1909 1038 1930 tu
1052 1913 1097 1930 me
1110 1904 1223 1936 misisti,
1237 1904 1263 1930 si
1272 1903 1385 1941 fuerint
1401 1912 1500 1930 unum.
1514 1901 1550 1930 Et
1563 1902 1661 1930 iterum
1673 1903 1707 1931 ad
1721 1902 1803 1932 disci-

239 1949 318 1987 pulos
332 1959 393 1977 suos
407 1949 513 1977 dicebat
527 1961 533 1976 :
547 1949 724 1976 Mandatum
740 1960 846 1977 novum
861 1950 898 1977 do
914 1951 1009 1984 vobis,
1027 1957 1056 1977 ιιι
1075 1949 1205 1988 [illigatis
1224 1949 1357 1977 invicem.
1373 1949 1427 1983 Qui
1442 1959 1505 1988 ergo
1525 1949 1586 1977 talis
1605 1956 1654 1986 est,
1670 1949 1750 1978 etiam
1764 1950 1799 1978 ab

240 1995 288 2031 eis,
300 1995 346 2033 qui
361 2002 480 2023 mortuos
498 1995 643 2031 suscitant,
655 1995 738 2023 multo
755 1996 849 2024 melior
866 2003 905 2024 est
919 2002 998 2034 atque
1012 1995 1181 2035 praeclarior:
1194 2002 1218 2023 et
1233 1995 1335 2023 merito.
1347 1995 1418 2024 Illud
1434 1996 1503 2024 enim
1519 2002 1621 2024 tantum
1636 1995 1723 2025 divini
1734 2007 1799 2025 cou-

242 2049 294 2070 stat
308 2053 363 2070 esse
377 2042 555 2078 charismatis,
569 2042 619 2071 hoc
633 2049 720 2071 autem
735 2050 760 2071 et
774 2043 807 2071 ad
822 2050 898 2071 tuum
921 2042 1041 2072 studium
1061 2042 1213 2082 pertinebit.
1229 2042 1285 2070 Hoc
1300 2053 1362 2070 vere
1376 2053 1443 2081 opus
1458 2049 1496 2070 est
1511 2042 1668 2080 Christiani,
1683 2043 1734 2071 hoc
1745 2043 1797 2072 dc-

239 2091 323 2119 clarat
337 2089 439 2119 Christi
453 2089 628 2128 discipulum,
642 2089 693 2118 hoc
709 2090 859 2119 manifestat
873 2101 1004 2129 quemque
1024 2090 1187 2119 crucifixum
1203 2100 1260 2117 esse
1274 2089 1385 2125 mundo,
1400 2089 1450 2117 hoc
1465 2088 1581 2117 ostendit
1595 2089 1714 2127 aliquem
1728 2090 1798 2119 nihil

238 2136 264 2163 in
279 2135 329 2163 hac
339 2142 408 2163 terra
419 2134 552 2173 possidere
566 2145 572 2161 ε
586 2134 642 2163 sine
657 2134 705 2163 hac
718 2145 832 2173 namque
846 2146 930 2174 neque
947 2135 1108 2175 martyrium
1120 2135 1248 2174 proderit.
1260 2135 1296 2163 Et
1311 2141 1341 2162 ut
1356 2144 1513 2172 cognoscas,
1526 2134 1629 2163 intuere
1643 2135 1694 2163 hoc
1708 2135 1799 2164 mani-

239 2183 340 2211 festius.
350 2182 452 2211 Sumsit
466 2182 538 2210 enim
549 2182 643 2210 beatus
658 2182 756 2211 Paulus
770 2182 837 2211 duas
852 2194 969 2212 summas
982 2184 1150 2221 excelsasque
1164 2183 1278 2212 virtutes
1290 2205 1298 2217 ,
1313 2183 1399 2220 magis
1412 2189 1502 2210 autem
1517 2188 1569 2210 tres
1582 2193 1588 2209 :
1601 2193 1681 2211 unam
1696 2182 1732 2211 ad
1744 2183 1800 2211 mi-

240 2230 330 2258 racula
342 2230 534 2269 pertinentem,
545 2229 657 2258 alteram
671 2229 707 2258 ad
723 2229 872 2267 scientiam,
889 2231 994 2259 tertiam
1009 2231 1070 2260 vitae
1087 2229 1346 2267 conversationisque
1359 2228 1485 2257 meritum
1501 2228 1681 2267 possidentem
1694 2241 1700 2256 ι
1715 2236 1741 2258 et
1756 2236 1800 2258 ta-

241 2287 301 2304 men
318 2287 480 2314 quamquam
502 2286 604 2315 magnae
619 2276 671 2304 sint
683 2299 690 2313 ,
702 2276 759 2304 sine
777 2276 885 2305 caritate
900 2277 967 2305 nihil
984 2288 1026 2305 eas
1041 2288 1096 2306 esse
1112 2276 1280 2305 determinat.
1296 2275 1330 2304 Et
1348 2274 1484 2313 quomodo
1498 2274 1567 2303 nihil
1579 2282 1652 2311 sunt,
1666 2285 1714 2313 ego
1730 2274 1799 2304 dico.

241 2324 272 2352 Si
284 2324 467 2359 distribuam,
478 2323 574 2362 inquit,
585 2325 683 2352 omnia
694 2334 758 2351 mea
765 2326 950 2363 pauperibus,
961 2327 1115 2353 caritatem
1129 2331 1226 2352 autem
1239 2334 1298 2352 non
1312 2324 1447 2359 habeam,
1461 2323 1537 2350 nihil
1547 2332 1618 2351 sum.
1631 2323 1722 2350 Potest
1729 2322 1801 2350 enim

242 2369 310 2405 fieri,
322 2376 351 2398 ut
363 2370 397 2398 sit
411 2369 508 2408 aliquis
522 2380 576 2398 suae
588 2370 748 2398 distributor
759 2370 925 2407 substantiae,
938 2378 963 2398 et
977 2370 1011 2398 sit
1025 2381 1126 2399 vacuus
1143 2369 1270 2399 caritatis.
1280 2369 1316 2397 Et
1328 2369 1385 2397 haec
1399 2368 1510 2407 quidem
1523 2367 1687 2396 sufficienter
1696 2378 1712 2395 a
1722 2367 1800 2396 nobis

243 2416 269 2443 in
285 2416 347 2444 aliis
363 2416 434 2445 dicta
449 2424 521 2451 sunt,
541 2417 587 2445 ubi
602 2417 728 2456 proprius
746 2417 820 2446 locus
838 2417 871 2446 de
887 2418 996 2446 caritate
1007 2428 1054 2446 nos
1066 2418 1197 2458 compulit
1209 2417 1365 2457 disputare:
1381 2416 1416 2444 ad
1431 2415 1478 2444 illa
1494 2425 1558 2454 ergo
1571 2414 1704 2443 mittimus
1717 2413 1800 2442 audi-

242 2467 311 2489 tores
329 2473 334 2487 :
349 2461 456 2489 interim
470 2471 552 2499 nunc,
570 2463 638 2491 sicut
649 2464 706 2502 jam
722 2462 796 2499 dixi,
815 2463 971 2491 aemulemur
984 2464 1035 2492 hoc
1055 2463 1196 2501 charisma,
1210 2463 1356 2501 diligamus
1371 2462 1496 2496 invicem,
1516 2468 1541 2490 et
1555 2460 1657 2489 nullius
1671 2460 1800 2489 doctrinae

242 2507 370 2535 fuerimus
384 2507 488 2545 indigni
503 2508 538 2536 ad
553 2508 733 2547 conquirenda
744 2509 852 2538 virtutis
864 2509 994 2549 insignia;
1009 2510 1056 2538 scd
1070 2511 1158 2539 onmia
1174 2511 1251 2539 nobis
1270 2510 1358 2538 facilia
1374 2509 1430 2538 sine
1445 2509 1500 2537 ullo
1516 2506 1612 2536 sudore
1625 2507 1798 2543 constabunt,

242 2561 264 2581 et
283 2553 432 2583 studiorum
449 2562 598 2585 nostrorum
613 2567 716 2596 semper
731 2568 824 2586 cursus
837 2557 984 2596 augebitur.
1001 2557 1054 2587 Sed
1072 2568 1140 2596 cece,
1156 2558 1255 2596 inquis,
1274 2564 1297 2586 et
1318 2567 1387 2586 nunc
1406 2555 1546 2594 diligimus
1561 2554 1674 2584 invicem
1688 2565 1694 2581 z
1710 2563 1796 2582 unus-
