1886 2846
242 162 304 182 122!
578 158 606 180 S.
635 156 773 180 JOANNJS
800 155 979 178 cnanosT.

227 223 351 261 fidimus
363 221 397 249 ιὶι·
413 222 491 249 vobis
505 220 625 248 meliora
640 242 647 253 ,
667 225 693 247 et
715 220 858 246 *viciniora
877 216 974 244 saltui.

238 270 298 297 Duo
319 278 382 306 ergo
401 268 457 296 hsce
479 266 541 294 their
559 279 564 294 :
583 277 666 304 neque
683 265 763 293 niiuis
785 262 910 294 intendit,
929 272 972 289 nc-

237 325 288 352 qnc
308 314 371 342 sinit
391 324 434 341 cos
458 312 606 341 concidere.
627 313 714 340 Recte.
732 312 797 339 Nam
815 309 835 336 si
857 307 970 335 aliorum

237 359 357 398 exempla
366 358 502 387 sufiiciunt
512 358 545 385 ad
554 355 725 385 excitandum
736 354 893 387 auditorem,
903 358 927 379 ct
937 351 970 380 ad

236 406 426 435 adducendum
440 405 476 434 ad
489 404 681 433 :emulationem
697 414 702 429 z
718 399 823 438 quando
843 397 903 436 quis
923 397 970 425 ha-

237 453 279 481 hei
294 463 308 480 a
320 451 405 491 scipso
415 451 566 490 exemplum
578 472 584 483 ,
600 456 623 476 rt
636 444 871 486 jubeturscipsuni
885 453 970 471 :semn-

237 498 286 528 lari
299 522 307 533 .·
334 498 418 527 inulto
438 497 522 535 inagis
543 494 677 523 inducitur
697 490 838 526 doctrina,
858 496 887 518 ut
912 489 969 518 ficri

237 552 330 585 potest.
354 544 388 573 Et
414 544 462 572 hoc
485 553 546 580 crgo
571 538 684 568 ostendit
703 559 710 571 ,
730 547 815 574 neque
837 536 899 565 sinit
926 546 970 565 eos

237 599 371 630 tamquam
393 589 470 618 valde
485 588 621 616 damnatos
638 582 793 617 concidere,
811 593 859 611 nec
879 589 907 611 ιιι
923 582 970 621 qni

235 649 339 677 semper
352 638 403 666 sint
421 635 483 664 mali
493 657 501 671 ,
517 633 562 662 scd
577 631 647 670 qnod
660 630 740 659 etium
754 629 900 668 aliquando
912 630 971 658 sne-

235 685 286 714 rint
302 684 372 712 boni.
393 685 435 711 ¹2.
453 681 571 709 Etenim
590 688 656 706 cum
675 678 816 706 deberetis
828 687 890 705 esse
905 687 970 705 ma-

234 733 318 770 gistri
337 735 452 768 propter
467 733 592 764 tempus,
610 723 705 761 inquit.
727 723 851 752 Ostendit
868 722 913 751 hic
927 732 970 751 eos

235 777 314 814 longo
335 782 394 803 ante
417 780 535 811 tempore
556 769 700 799 credidisse
722 781 728 797 ε
754 768 869 798 ostendit
891 768 970 797 ctiam

234 821 398 859 quodetiam
420 818 486 846 alios
509 816 623 845 debeant
647 816 796 844 instituere.
821 814 893 845 Vide
908 825 970 853 crgo

233 877 293 894 eum
309 864 415 894 assidue
433 863 567 903 parturire
580 885 587 897 ,
605 869 633 890 ut
654 861 807 890 introducat
823 871 971 890 sermonem

233 914 266 942 dc
285 912 424 952 pontifice,
445 918 471 940 et
485 921 588 950 semper
601 909 721 938 differre.
735 909 807 938 Audi
819 909 890 938 enim
905 919 972 948 quo-

234 960 312 990 modo
326 959 466 999 inceperit:
476 960 626 988 Habentes
640 958 807 997 pontificem
819 968 968 997 magnum,

233 1009 283 1046 qui
309 1007 472 1046 penetravit
494 999 603 1042 caelos;
626 1011 652 1032 et
675 1014 736 1032 cum
758 1003 970 1043 praetermisisset

231 1053 320 1082 dicere
339 1051 474 1092 quomodo
494 1061 639 1090 magnum,
659 1061 752 1079 rursus
767 1049 833 1078 dicit
851 1063 858 1078 :
876 1050 971 1078 Omnis

231 1101 307 1128 enim
317 1099 452 1137 pontifex
468 1108 504 1126 ex
515 1098 681 1125 hominibus
695 1101 851 1130 assumtus,
862 1105 915 1133 pro
925 1095 972 1122 Ιιο-

234 1148 359 1175 minibus
370 1146 555 1174 constituitur
565 1146 596 1172 in
606 1146 642 1172 iis
654 1154 718 1183 quae
728 1149 795 1172 sunt
805 1143 846 1171 ad
856 1143 950 1171 Deum
962 1154 972 1175 ;

231 1200 257 1221 et
269 1202 362 1221 rursus
372 1213 380 1228 ‚
393 1191 440 1220 Sic
450 1193 538 1219 etiam
550 1190 682 1219 Christus
695 1199 754 1217 non
765 1190 889 1227 seipsum
907 1188 972 1227 glo-

233 1238 360 1275 rificavit
371 1236 642 1276 utfieretpontise.t·.
654 1233 690 1262 Et
707 1234 803 1262 iterum
813 1244 873 1263 cum
885 1233 972 1262 dixis-

233 1292 282 1321 set,
312 1286 353 1313 Tu
377 1294 406 1313 es
432 1284 566 1313 sacerdos
592 1285 623 1311 in
650 1289 790 1310 aeternum
813 1281 971 1310 secundum

234 1331 364 1359 ordinem
379 1330 595 1359 Melchisedech
607 1341 617 1362 ;
630 1338 722 1356 rursus
735 1327 837 1361 differt,
854 1327 944 1356 dicens
964 1340 970 1355 ε

238 1378 294 1416 Qui
314 1380 345 1406 in
359 1378 459 1405 diebus
481 1378 578 1405 carnis
596 1385 654 1403 suoe
669 1384 767 1412 preces
786 1374 973 1412 supplicatio—

236 1435 341 1463 nesque
351 1423 463 1451 obtulit.

275 1471 302 1497 5.
314 1468 446 1503 Quoniam
461 1477 523 1505 ergo
536 1467 613 1496 toties
623 1466 674 1495 fuit
684 1465 820 1505 depulsus,
837 1466 918 1496 veluti
932 1478 972 1496 re—

235 1514 366 1554 spondens
381 1520 405 1542 et
424 1524 451 1542 se
464 1523 609 1549 excusans,
625 1512 691 1541 dicit
707 1523 713 1539 :
730 1511 760 1540 In
774 1523 821 1541 vos
836 1522 914 1541 causa
934 1521 972 1542 est

235 1560 381 1590 reserenda.
397 1560 492 1599 Papae,
516 1566 614 1598 quanta
628 1559 795 1589 differentia!
813 1570 874 1588 cum
888 1559 972 1589 debe-

235 1614 293 1636 rent
307 1607 373 1635 alios
386 1605 480 1634 docete
492 1629 498 1641 ,
518 1612 580 1634 sunt
595 1605 702 1643 quidem
722 1615 773 1634 non
789 1605 876 1635 solum
887 1606 972 1635 disci-

1010 153 1028 175 A
1035 151 1151 175 nemi-{1⁸
1159 164 1166 172 .
1194 150 1255 172 CON
1262 149 1320 171 STA
1327 149 1447 172 NTlNov
1454 165 1460 171 .

1030 212 1088 241 οὐδὲ
1106 213 1141 244 ὡς
1153 210 1194 239 ἀεὶ
1207 210 1282 243 ὄντας
1297 209 1406 246 κακοὺς,
1419 211 1475 238 ἀλλ’
1490 210 1529 239 ὅτι
1544 211 1606 239 ποτὲ
1619 210 1736 248 ἐγένοντο
1747 209 1791 238 καὶ

1028 257 1155 297 χρηστοὶ,
1169 256 1250 295 λέγει.
1273 255 1324 284 Καὶ
1336 255 1386 294 γὰρ
1404 255 1548 294 ὀφείλοντες
1562 251 1626 284 εἶναι
1638 255 1791 284 διδάσκαλοι

1028 303 1070 331 διὰ
1084 302 1128 331 τὸν
1139 301 1245 341 χρόνον.
1256 301 1392 330 Δείκνυσιν
1404 302 1514 330 ἐνταῦθα
1526 301 1576 340 πρὸ
1587 303 1683 330 πολλοῦ
1698 302 1791 340 χρόνου

1025 347 1230 380 πεπιστευκότας
1243 346 1333 379 αὐτούς
1344 358 1350 364 ·
1373 346 1486 375 δείκνυσι
1513 345 1539 374 δὲ
1568 346 1608 374 ὅτι
1633 347 1677 375 καὶ
1697 346 1792 378 ἄλλους

1025 394 1154 434 ὀφείλουσι
1174 396 1310 431 κατηχεῖν.
1324 391 1397 431 “Ορα
1421 396 1481 430 γοῦν
1499 392 1575 421 αὐτὸν
1590 393 1705 430 συνεχῶς
1727 390 1791 420 ὠδί-

1024 451 1102 468 νοντα
1117 439 1160 468 τὀν
1174 439 1235 479 περὶ
1254 441 1300 466 τοῦ
1314 437 1456 477 ἀρχιερέως
1472 439 1620 476 εἰσαγαγεῖν
1635 437 1724 476 λόγον,
1746 436 1791 466 καὶ

1026 485 1066 514 ἀεὶ
1077 485 1298 522 ἀναῧαλλόμενον.
1315 482 1406 513 Ἄκουε
1417 483 1468 522 γὰρ
1478 486 1534 516 πῶς
1545 483 1654 523 ἤρξατο·
1663 482 1792 522 Ἔχοντες

1025 531 1148 571 ἀρχιερέα
1161 530 1242 568 με’γαν
1255 529 1425 564 διεληλυθότα
1439 528 1496 562 τοὺς
1510 529 1630 568 οὐρανούς
1641 541 1647 546 ·
1674 528 1720 558 καὶ
1739 540 1792 558 πα-

1026 577 1077 617 ρεὶς
1102 579 1183 605 εἰπεῖν
1195 578 1251 609 πῶς
1262 575 1344 613 μέγαν
1354 598 1361 611 ,
1375 575 1456 603 πάλιν
1467 575 1546 614 φησὶ,
1568 568 1626 607 Πᾶς
1637 574 1688 615 γὰρ
1702 576 1793 613 ἀρχιε-

1026 622 1083 662 ρεὺς
1106 622 1132 656 ἐξ
1157 621 1300 661 ἀνῡριῦπιιΝ
1326 620 1541 659 λαμὸανόμενος,
1562 619 1627 659 ὑπὲρ
1649 618 1794 658 ἀνθρώπων

1024 669 1180 699 καθίσταται
1192 669 1225 697 τὰ
1238 668 1301 707 πρὸς
1321 666 1365 695 τὸν
1379 666 1447 695 Θεόν
1458 678 1464 684 ·
1480 666 1524 696 καὶ
1539 666 1634 702 πάλιν,
1654 665 1735 695 Οὕτω
1749 664 1794 693 καὶ

1024 718 1037 744 ὁ
1057 714 1169 754 Χριστὸς
1191 715 1240 752 οὐχ
1255 713 1345 742 ἑαυτὸν
1362 712 1468 746 ἐδόξασε
1489 714 1630 751 γενηθῆναι
1657 709 1791 751 ἀρχιερέα.

1025 760 1076 790 Καὶ
1086 760 1165 789 πάλιν
1177 759 1256 788 εἰπὼν
1261 782 1268 794 ‚
1282 759 1320 788 Σὺ
1333 754 1355 787 εἷ
1369 758 1452 797 ἱερεὺς
1463 759 1499 791 εἰς
1513 758 1555 787 τὸν
1567 759 1649 787 αἰῶνα
1661 756 1730 786 κατὰ
1743 755 1792 792 τὴν

1023 805 1096 838 τάξιν
1111 804 1288 844 Μελχισεδὲχ,
1301 805 1381 834 πάλιν
1399 803 1576 833 ἀναὸάλλεται
1588 803 1683 842 λέγων,
1698 802 1750 836 “Oq
1764 804 1791 832 ἐν

1024 855 1081 884 ταῖς
1096 850 1208 891 ἡμέραις
1224 852 1270 885 τῆς
1284 850 1380 890 σαρκὸς
1394 851 1472 878 αὑτοῦ
1485 849 1585 885 δεήσεις
1599 849 1644 878 καὶ
1659 847 1791 888 ἱκετηρίας

1025 896 1212 936 προσήνεγκεν.

1068 1471 1145 1501 Ἐπεὶ
1159 1468 1202 1501 οὖν
1227 1471 1382 1504 τοσαυτάκις
1405 1470 1571 1510 ἐξεκρούσθη,
1586 1470 1681 1500 ὡσανεὶ
1696 1471 1796 1500 ἀπολο-

1026 1517 1150 1557 γούμενός
1163 1529 1253 1557 φησιν,
1265 1520 1281 1553 ἡ
1293 1517 1364 1546 αἰτία
1376 1518 1438 1558 παρ’
1450 1520 1527 1555 ὑμᾶς.
1542 1516 1630 1546 Bagai
1639 1539 1647 1552 ,
1659 1516 1728 1552 πόση
1741 1517 1796 1546 δια-

1027 1565 1111 1604 φοράς
1127 1564 1272 1603 ὀφείλοντες
1294 1563 1387 1596 ἄλλους
1403 1563 1545 1599 διδάσκειν,
1560 1562 1618 1592 οὐδὲ
1634 1563 1724 1596 ἁπλῶς
1741 1574 1794 1600 μα-

1027 1609 1105 1645 θηταί
1118 1610 1192 1645 εἰσιν,
1207 1609 1274 1639 ἀλλὰ
1287 1609 1403 1648 μαθηταὶ
1420 1609 1536 1649 ἔσχατοι.
1551 1608 1605 1638 Καὶ
1616 1607 1667 1648 γὰρ
1677 1607 1795 1648 ὀφείλον-

237 1653 306 1692 puli,
319 1651 364 1682 sed
379 1652 459 1680 etiam
471 1651 559 1680 ultimi
569 1651 705 1690 discipuli.
718 1653 836 1681 Etenim
847 1663 911 1681 cum
925 1655 971 1681 de·
992 1663 1009 1686 c
1028 1667 1069 1687 τες
1085 1651 1151 1684 εἶναι
1173 1655 1326 1685 διδάσκαλοι
1349 1655 1391 1684 διὰ
1410 1655 1453 1684 τὸν
1480 1654 1584 1694 γρόνον,
1606 1653 1687 1694 φησὶ,
1715 1653 1796 1683 πάλιν

238 1700 339 1727 heretis
351 1709 411 1727 esse
425 1700 556 1737 magistri
565 1705 681 1737 propter
689 1705 807 1737 tempus,
819 1710 918 1729 rursus
929 1702 974 1729 in-
1028 1701 1120 1740 χρείαν
1133 1702 1207 1740 ἔχετε
1229 1705 1274 1730 τοῦ
1297 1701 1429 1731 διδάσκειν
1456 1704 1524 1739 ὑμᾶς
1543 1700 1601 1730 τίνα
1621 1699 1655 1729 τὰ
1678 1704 1796 1739 στοιχεῖα

656 1803 830 1832 MUTmNO
851 1803 1105 1833 SCHOLASTICO
1126 1803 1377 1834 INTERPRETE.

241 1897 389 1925 habentia.
406 1896 466 1923 Duo
483 1905 597 1932 namque
611 1894 660 1922 ista
674 1894 737 1923 facit
747 1917 753 1928 ,
770 1895 862 1933 [add.‚
879 1905 962 1934 neque
977 1895 1058 1924 nimis
1071 1894 1211 1933 intendit,]
1226 1904 1312 1933 neque
1323 1893 1437 1923 dimittit
1450 1904 1497 1923 eos
1511 1893 1634 1922 decidere
1648 1894 1686 1933 [f.
1703 1893 1772 1923 add.
1787 1905 1795 1920 :

241 1944 322 1980 recte]
336 1941 456 1980 quidem.
470 1941 591 1969 Aliorum
603 1941 723 1980 exempla
739 1941 853 1970 valentia
864 1948 938 1970 erant
953 1941 1103 1970 auditorem
1112 1941 1224 1981 erigere,
1235 1948 1260 1970 et
1270 1940 1306 1969 ad
1316 1940 1511 1969 aemulationem
1523 1939 1663 1969 adducere.
1680 1939 1797 1976 Quando

241 1991 277 2029 [f.
293 1989 360 2018 add.
375 1989 477 2025 autem]
489 1987 585 2026 aliquis
597 1999 610 2016 a
624 1988 709 2027 seipso
729 1988 883 2028 exemplum
896 1988 986 2025 habet,
999 1995 1024 2017 et
1038 1988 1156 2028 seipsum
1179 1987 1299 2016 aemutari
1319 1986 1442 2023 videtur,
1463 1987 1580 2026 amplius
1592 1987 1649 2025 jam
1670 1985 1798 2026 possibile

242 2035 374 2074 quiddam
391 2033 580 2064 introducitur.
598 2035 631 2062 Et
645 2033 695 2062 hoe
709 2034 789 2063 etiam
802 2034 917 2063 ostendit
933 2047 938 2062 :
956 2041 980 2063 et
995 2045 1045 2063 non
1060 2034 1174 2062 dimittit
1188 2033 1272 2062 veluti
1294 2032 1372 2062 valde
1387 2039 1522 2062 accusatos
1544 2032 1686 2070 decidere,
1713 2042 1798 2070 neque

242 2083 327 2112 veluti
342 2082 426 2112 malos
444 2092 546 2121 semper
560 2088 693 2109 exstantes
707 2105 712 2117 ‚
729 2081 773 2110 scd
789 2082 851 2120 quia
866 2089 891 2111 et
905 2081 1050 2120 aliquando
1062 2081 1169 2110 fuerunt
1182 2081 1261 2110 etiam
1274 2080 1348 2109 boni.
1361 2081 1479 2108 Etenim
1498 2080 1646 2108 debebatis
1668 2089 1728 2108 esse
1741 2080 1797 2107 do-

243 2137 346 2167 ctores,
362 2129 458 2168 inquit,
473 2134 590 2168 propter
602 2134 722 2166 tempus.
739 2128 788 2156 Hic
803 2128 920 2158 ostendit
934 2135 994 2158 ante
1008 2127 1123 2157 multum
1137 2134 1241 2167 tempus
1255 2137 1299 2155 eos
1314 2125 1466 2162 credidisse,
1480 2123 1595 2154 ostendit
1607 2124 1687 2154 etiam
1699 2124 1760 2163 quia
1773 2131 1799 2154 ct

243 2177 305 2206 laici
318 2177 416 2206 debent
431 2175 534 2205 docere.
549 2174 661 2204 Attende
675 2185 737 2214 crgo
752 2186 812 2204 cum
825 2176 978 2215 frequenter
991 2175 1194 2215 parturientem,
1209 2173 1243 2203 ad
1256 2172 1480 2203 introducendum
1495 2182 1644 2200 sermonem
1660 2170 1693 2200 de
1710 2171 1800 2212 ponti-

244 2225 303 2260 fiee,
318 2232 343 2254 et
354 2234 457 2264 semper
471 2223 648 2252 disserentem.
665 2222 734 2251 Audi
748 2223 847 2263 quippe
860 2224 995 2262 quomodo
1009 2223 1088 2263 ccepit
1106 2235 1111 2251 :
1130 2224 1279 2252 [labentes
1294 2221 1461 2261 pontificem
1483 2230 1620 2260 magnum
1639 2221 1798 2248 intrantem

244 2272 347 2308 coelos3
361 2278 386 2300 et
398 2269 528 2299 transiens
537 2269 610 2305 hinc,
623 2268 695 2298 dixit
705 2269 820 2307 qualiter
831 2270 865 2298 sit
880 2281 1001 2309 magnus.
1017 2269 1120 2299 Deinde
1136 2269 1224 2308 inquit
1239 2281 1246 2298 ε
1263 2270 1363 2298 Omnis
1377 2269 1455 2296 enim
1468 2267 1605 2306 pontifex
1619 2276 1655 2295 ex
1675 2266 1800 2294 homini-

245 2320 296 2348 bus
311 2325 466 2353 assumtus,
481 2327 533 2356 pro
549 2318 713 2345 hominibus
731 2319 916 2346 constituitur
926 2340 933 2354 ,
950 2320 981 2346 in
992 2320 1027 2347 iis
1040 2328 1104 2357 quoe
1119 2323 1186 2346 sunt
1201 2316 1242 2345 ad
1257 2316 1352 2344 Deum
1365 2329 1376 2350 ;
1391 2322 1416 2343 et
1431 2314 1527 2343 iterum
1540 2336 1547 2350 ,
1562 2313 1609 2342 Sic
1622 2319 1649 2342 et
1666 2313 1799 2342 Christus

247 2377 304 2395 non
318 2368 439 2405 seipsum
454 2364 644 2405 glorificavit,
661 2370 692 2392 ut
699 2364 789 2404 fieret
801 2365 938 2404 pontifex
952 2369 983 2393 in
998 2372 1137 2394 [eternum
1151 2364 1310 2393 secundum
1326 2363 1456 2391 ordinem
1472 2360 1676 2390 Melchisedec.
1694 2359 1729 2388 Et
1745 2359 1798 2388 ite·

245 2424 304 2442 rum
318 2413 408 2442 differt
423 2413 513 2441 dicens
529 2424 534 2439 :
554 2413 610 2450 Qui
625 2413 656 2440 in
677 2413 777 2440 diebus
798 2414 896 2441 carnis
912 2423 971 2442 suae
983 2423 1081 2452 preces
1092 2419 1120 2441 et
1134 2412 1360 2451 supplicationes
1373 2410 1511 2451 offerens.

284 2460 354 2495 Quia
374 2460 457 2498 igitur
472 2460 547 2488 toties
559 2459 682 2495 distulit,
698 2459 782 2489 veluti
793 2470 922 2488 excusans
936 2460 1022 2498 inquit
1039 2473 1045 2488 z
1062 2460 1148 2489 Causa
1159 2470 1193 2488 ex
1207 2458 1283 2488 vobis
1300 2465 1348 2489 est.
1366 2458 1444 2496 Papae
1456 2462 1553 2494 quanta
1565 2453 1715 2490 differentia
1727 2451 1735 2482 ἔ
1746 2453 1798 2482 de-

244 2507 334 2536 bentes
350 2507 415 2535 alios
430 2507 534 2542 docere,
552 2517 637 2545 neque
651 2506 808 2547 simpliciter
820 2506 947 2547 discipuli
962 2514 1023 2536 sunt
1036 2530 1044 2545 ,
1062 2507 1109 2537 sed
1124 2506 1252 2546 discipuli
1266 2504 1387 2535 extremi.
1399 2505 1516 2533 Etenim
1527 2502 1662 2531 debentes
1675 2511 1736 2531 esse
1747 2501 1798 2529 do-

244 2561 336 2583 ctores
349 2561 465 2592 propter
479 2561 602 2593 tempus,
623 2558 727 2583 iterum
743 2565 812 2594 opus
827 2555 938 2584 habetis
948 2577 955 2589 ,
974 2562 1003 2583 ut
1021 2556 1122 2584 doceat
1137 2564 1191 2583 vos
1206 2554 1313 2593 aliquis
1328 2552 1470 2582 elementa
1482 2550 1619 2588 principii
1632 2558 1796 2577 sermonum
