1886 2846
59 419 124 440 1¹2.st
137 420 200 447 οη.

57 890 122 910 ΙέιιΙ.
138 888 158 918 4.
173 889 193 911 5,

56 1158 80 1178 lt·
103 1157 139 1178 (ια.

156 1165 166 1186 κ]

215 174 278 195 ’,ΗΟ
552 171 579 193 S.
609 170 748 194 somnis
775 170 955 193 Cttttx'sost'.

210 245 356 272 numquaun
372 233 521 269 admittere,
534 233 579 261 sed
600 239 625 260 ct
639 243 698 271 quae
719 243 733 260 a
751 232 825 260 uobis
841 237 945 269 peccata
968 233 984 254 Ι)
1004 232 1047 258 καὶ
1069 231 1101 259 τὰ
1129 231 1179 265 ἤδη
1203 232 1452 269 πεπλημμελημένοι
1468 234 1628 273 ἀπαλείφειν.
1644 235 1726 264 Πόθεν
1744 248 1769 264 οε

210 288 271 308 suut
289 281 384 309 delere.
405 279 545 308 undenam
559 286 648 306 autem
663 278 738 306 uobis
754 277 853 305 orietur
865 276 946 303 mulo-

209 337 268 354 rum
285 326 410 355 oblivio}¹
428 325 469 352 Ex
486 324 668 353 recordatione
682 324 811 351 bonorum
829 322 877 349 Dei
899 332 904 347 :
925 320 946 347 si

211 373 259 400 Dei
275 378 402 410 perpetuo
414 370 627 404 meminerinms,
643 380 693 397 uon
710 368 854 406 poterimus
867 366 946 393 etium

213 418 320 446 illorum
344 416 503 444 meminisse.
527 416 557 443 Si
577 415 749 452 uwmorsui
773 414 824 445 liti,
847 411 944 449 inquit,

211 474 295 501 super·
308 469 430 491 stratum
447 472 551 494 ineunt,
564 463 588 488 si
608 463 636 487 iu
653 459 804 486 matutinis
819 457 945 484 medita-

212 512 265 537 tear
278 512 308 537 iu
324 515 358 537 te.
377 511 463 546 Atque
476 518 577 545 semper
592 504 711 542 quidem,
726 502 843 530 maxime
857 509 946 531 autem

211 555 259 582 liei
273 561 335 582 tunc
349 560 451 592 oportet
465 551 624 581 meminisse,
639 548 745 585 quando
763 547 789 575 in
803 547 908 576 silentio
922 555 946 576 et

210 601 297 637 quiete
312 607 397 628 nostra
410 606 447 626 est
462 597 593 634 cogitatio,
610 593 774 632 quandoper
796 594 870 622 illam
885 605 944 623 me-

211 646 320 673 moriam
330 657 356 673 se
371 651 453 683 potest
469 641 654 676 condentum-e,
664 640 771 678 (litando
781 640 807 668 in
818 641 944 669 memoria

209 693 338 720 tenerculn
354 691 397 718 die
405 690 473 717 cuim
488 689 508 715 si
521 687 649 714 fuerimus
664 685 806 720 recordati,
822 686 946 725 ingressae

206 738 265 765 4111·ae
278 735 468 765 sollicitudines
481 740 505 762 et
521 732 652 761 tumultus
663 743 720 760 eam
731 732 884 771 expellunt:
899 744 947 761 no-

206 792 248 812 ctu
260 791 347 812 auti-in
359 789 483 821 perpetuo
499 791 640 820 possumus
651 780 821 817 meminiss03
837 780 946 818 quando

207 831 232 857 in
250 829 440 867 tranquillitate
463 834 488 855 et
504 827 593 865 quiete
614 833 652 855 est
674 826 771 861 anima,
790 826 898 864 quando
919 827 945 855 in

207 883 294 915 portu,
306 875 413 914 quando
427 875 452 903 iu
468 874 624 902 serenitate:
644 875 713 911 Quoe
730 874 945 911 diciu·s,in‹1uit,

206 925 236 950 ιἰι
251 923 385 950 cordibus
399 922 515 955 vestris,
531 922 562 948 in
577 920 720 948 cubilibus
741 922 846 949 vestris
867 930 945 948 com-

203 969 376 1007 pungimini.
390 968 459 996 Nam
471 972 603 1005 oporteret
615 965 723 1004 quidem
735 966 815 993 etiam
829 965 943 994 interdiu

206 1014 272 1042 lianc
287 1013 384 1041 habere
399 1011 573 1047 memoriam,
589 1011 715 1049 qnoniam
730 1018 818 1039 autem
842 1022 945 1050 semper

205 1060 266 1088 estis
281 1059 400 1094 solliciti,
414 1066 440 1087 et
454 1057 638 1086 distrahimini
658 1057 685 1085 in
706 1057 737 1085 iis
756 1067 815 1095 quae
827 1057 860 1085 ad
875 1057 944 1086 lianc

205 1106 288 1134 vitam
313 1106 454 1145 pertinent,
474 1104 567 1132 saltem
590 1110 653 1131 tune
682 1103 730 1131 Dei
750 1103 775 1131 in
791 1103 875 1131 cubili
891 1114 945 1131 me-

172 1172 178 1178 .
206 1159 319 1181 mentote
333 1165 338 1180 :
354 1151 381 1180 in
396 1150 535 1179 matutinis
549 1149 714 1178 meditemini
728 1149 754 1177 in
771 1149 839 1188 ipsu.
865 1150 893 1179 Si
918 1150 944 1178 in

205 1198 343 1227 matutinis
357 1197 414 1225 haec
435 1196 606 1233 meditemur,
629 1206 689 1224 cum
707 1196 791 1223 multa
807 1196 947 1225 securitate

205 1243 379 1284 procedemus
392 1242 425 1271 ad
441 1242 545 1280 negotia
560 1254 566 1269 :
582 1241 603 1269 si
621 1241 815 1280 supplicatione
827 1242 946 1281 primum

206 1290 282 1318 nobis
298 1291 385 1318 Deum
399 1288 539 1316 fecerimus
555 1287 710 1326 propitium,
724 1287 759 1315 ita
776 1287 947 1326 procedentes

208 1335 313 1364 nullum
329 1334 489 1362 habebimus
503 1333 644 1361 inimicum
658 1345 665 1367 ;
680 1332 721 1360 sin
737 1339 825 1360 autem
840 1332 947 1370 habeas,

208 1380 343 1417 irridebis,
358 1381 445 1408 Deum
460 1379 560 1407 habens
576 1378 737 1417 propitium.
751 1378 857 1406 Bellum
870 1378 946 1407 estin

208 1428 275 1464 foro,
292 1436 381 1466 pugna
402 1432 463 1454 sunt
485 1436 526 1453 res
539 1424 655 1461 diurnae,
679 1431 739 1452 sunt
763 1424 869 1461 fluctus,
885 1431 946 1453 sunt

207 1480 357 1512 tempestas.
373 1472 456 1500 Nobis
470 1481 532 1509 ergo
545 1482 611 1510 opus
624 1477 663 1498 est
675 1470 756 1498 armis
769 1482 774 1497 τ
790 1480 885 1509 magna
897 1481 946 1499 au-

207 1526 258 1547 tem
274 1529 347 1547 arma
362 1524 423 1546 sunt
437 1528 527 1556 preces
543 1529 548 1544 :
567 1527 633 1555 opus
652 1523 690 1544 est
706 1515 829 1544 secundis
843 1517 945 1553 ventis,

207 1564 418 1604 oportetdiscere
432 1563 532 1599 omnia,
546 1569 574 1590 ut
587 1562 639 1591 dici
653 1562 848 1601 longitudinem
860 1563 945 1591 confi—

212 1611 265 1639 cias
280 1611 380 1648 absque
395 1608 540 1647 naufragiis
554 1615 578 1636 et
591 1608 746 1636 vulneribus
761 1621 765 1635 z
783 1608 860 1637 multi
874 1608 946 1637 enim

240 1703 249 1713 ’-
264 1694 413 1728 [Legebatur
428 1699 445 1719 εί
458 1705 487 1719 εν
502 1693 549 1718 Sed
564 1698 578 1719 sl
591 1702 642 1718 om.
658 1694 684 1717 A.
702 1693 923 1726 R.Sav.C0mm.1

988 169 1143 192 AttCttttit‘.
1173 170 1441 194 CONSTan'nNOt’.

1748 235 1766 245 u

1004 276 1033 304 ἂν
1049 276 1148 314 γένοιτο
1160 279 1223 313 ἡμῖν
1234 276 1300 312 λήθη
1313 277 1457 316 πονηρίας;
1470 278 1532 306 Ἀπὸ
1542 282 1587 313 τῆς
1600 281 1704 319 μνήμης
1719 283 1769 309 τῶν

1003 324 1107 359 ἀγαθῶν
1122 325 1167 350 τοῦ
1183 324 1251 351 Θεοῦ
1265 334 1270 339 ·
1295 323 1338 351 ἐὰν
1354 326 1399 351 τοῦ
1415 325 1483 352 Θεοῦ
1504 325 1643 358 διαπαντὸς
1663 338 1766 364 μνημο-

1001 367 1126 404 νεύωμεν,
1141 369 1169 396 οὐ
1185 368 1316 405 δυνάμεθα
1330 368 1456 397 κάκείνων
1470 371 1627 407 μεμνῆσθαι.
1646 372 1676 399 Εἰ
1692 373 1770 408 ἐμνη-

1004 413 1110 451 μόνευον
1126 415 1176 453 γάρ
1192 426 1249 444 σου.
1267 415 1354 453 φησιν,
1371 415 1414 444 ἐπὶ
1431 418 1477 450 τῆς
1496 419 1634 456 στρωμνῆς
1650 421 1728 454 μουῤἱ
1743 419 1768 445 ἐν

1003 464 1055 491 τοῖς
1075 460 1158 498 ὄρθοις
1179 460 1308 497 ἐμελέτων
1338 462 1373 493 εἷς
1393 462 1432 490 σε’,
1449 461 1500 490 Ἀεὶ
1519 461 1564 499 μὲν
1580 457 1633 498 οὖν,
1655 462 1770 499 μάλιστα

1003 505 1029 533 δὲ
1045 505 1103 534 τότε
1119 505 1171 544 χρὴ
1187 507 1336 544 μεμνῆσθαι
1350 509 1394 535 τοῦ
1413 508 1498 542 Θεοῦ,
1520 507 1581 536 ὅταν
1600 510 1625 537 ἓν
1643 508 1741 547 ἡσυχίᾳ
1757 510 1771 537 ὃ

1003 552 1126 590 λογισμὸς
1142 547 1175 590 ἧ,
1190 551 1252 580 ὅταν
1268 552 1311 581 διὰ
1325 554 1372 586 τῆς
1387 552 1493 590 μνήμης
1507 552 1607 587 ἐκείνης
1623 555 1714 582 ἑαυτοῦ
1725 565 1770 581 κα-

958 620 992 640 ,47
1002 597 1149 630 ταδικάζειν
1176 597 1301 633 δύνηται,
1317 598 1378 626 ὅταν
1403 598 1561 637 κατέχεσθαι
1579 601 1604 627 ἐν
1620 600 1652 636 τῇ
1669 598 1770 637 μνήμῃ.

965 650 983 670 Α
1002 643 1049 672 Ἐν
1059 644 1146 682 ἡμέρᾳ
1163 644 1208 682 μὲν
1223 644 1274 683 γὰρ
1286 644 1316 672 ἂν
1332 644 1562 682 μνημονεύσωμεν,
1575 646 1771 674 ἐπεισελθοῦσαι

1002 689 1135 728 φροντίδες
1150 690 1236 728 ἕτεραι
1253 690 1297 718 καὶ
1311 690 1415 729 θόρυέοι
1430 690 1508 718 πάλιν
1526 689 1606 725 αὐτὴν
1627 689 1771 719 &Somou-

1002 747 1041 763 σιν
1055 747 1061 752 ·
1083 737 1108 764 ἓν
1124 736 1195 764 νυκτὶ
1214 736 1239 765 δὲ
1255 737 1396 768 διαπαντὸς
1411 739 1561 774 μεμνῆσθαι
1576 736 1694 770 δυνατὸν,
1709 736 1770 764 ὅταν

1002 782 1028 809 ἔν
1042 782 1142 820 γαλήνη
1158 777 1174 820 ἧ
1189 782 1233 810 καὶ
1250 781 1394 810 ἀναπαύσει
1411 784 1427 816 ἦ
1443 781 1513 821 ψυχὴ
1525 805 1532 817 ,
1545 781 1606 810 ὅταν
1623 783 1648 809 ἐν
1662 781 1749 820 λιμένι
1763 803 1770 815 ,

1002 827 1062 855 ὅταν
1079 829 1104 856 ἐν
1120 827 1192 866 εὐδίᾳ
1204 839 1210 844 ·
1225 827 1255 856 Ἃ
1271 827 1358 865 λέγετε
1375 828 1400 855 ἐν
1414 832 1470 859 ταῖς
1490 828 1610 866 καρδίαις
1625 828 1707 865 ὑμῶν,
1728 827 1771 856 ἐπὶ

1001 877 1058 905 ταῖς
1069 873 1169 905 κοίταις
1182 875 1254 910 ὑμῶν
1270 873 1448 910 κατανύγητε,
1464 872 1553 911 φησίν.
1567 873 1643 901 Ἔδει
1658 872 1704 910 μὲν
1720 872 1771 910 γὰρ

1001 920 1045 948 καὶ
1060 920 1093 947 δι’
1105 919 1208 958 ἡμέρας
1224 919 1322 954 ταύτην
1342 919 1411 957 ἔχειν
1426 918 1473 953 τὴν
1497 918 1602 956 μνήμην
1617 930 1622 936 ·
1638 918 1727 954 ἐπειδὴ
1743 918 1771 947 δὲ

1001 966 1148 1004 φροντίζετε
1173 965 1227 1000 ἀεὶ,
1245 965 1288 993 καὶ
1312 967 1475 1003 περισπᾶσθε
1496 965 1522 992 ἐν
1544 969 1597 997 τοῖς
1624 966 1771 1003 βιωτικοῖς,

1001 1012 1048 1039 κᾶν
1064 1011 1123 1040 τότε
1141 1011 1315 1049 μνημονεύετε
1338 1011 1381 1039 ἐπὶ
1394 1013 1440 1045 τῆς
1461 1010 1550 1046 κοίτης
1574 1013 1619 1039 τοῦ
1634 1012 1703 1040 Θεοῦ
1715 1022 1721 1027 ·
1743 1012 1769 1039 ἐν

1000 1061 1052 1089 τοῖς
1066 1056 1166 1096 ἄρθροις
1182 1058 1308 1094 μελετᾶτε
1323 1057 1348 1084 ἐν
1364 1058 1444 1095 αὐτῷ.
1457 1054 1502 1085 Ἂν
1515 1058 1540 1085 ἐν
1552 1060 1606 1088 τοῖς
1616 1056 1716 1096 ἄρθροις
1726 1068 1770 1094 με-

1000 1102 1151 1140 λετήσωμεν
1168 1104 1266 1137 ταῦτα,
1279 1101 1345 1139 μετὰ
1366 1102 1465 1136 πολλῆς
1480 1101 1623 1140 ἀσφαλείας
1642 1101 1769 1141 χωρήσο-

966 1162 982 1183 B
1002 1161 1048 1187 μεν
1071 1151 1106 1181 εἷς
1121 1149 1154 1176 τὰ
1176 1149 1339 1188 πράγματα’
1356 1148 1385 1176 ἂν
1407 1147 1483 1176 ἵλεων
1508 1151 1611 1188 πρῶτον
1633 1148 1677 1177 τὸν
1701 1148 1769 1177 Θεὸν

1001 1195 1154 1233 ποιήσωμεν
1170 1197 1200 1233 τῇ
1220 1194 1330 1227 ἐντεύξει
1353 1194 1397 1222 καὶ
1413 1195 1444 1232 τῇ
1460 1194 1578 1233 ἱκετηρία
1591 1215 1598 1227 ,
1613 1193 1682 1222 οὕτω
1703 1206 1770 1232 προ-

1002 1241 1133 1273 ὖαίνοντες
1148 1240 1238 1269 οὐδένα
1253 1240 1342 1277 ἕξομεν
1357 1239 1449 1278 ἐχθρόν
1462 1251 1467 1256 ·
1483 1239 1531 1267 κᾶν
1546 1239 1610 1277 ἔχῃς
1628 1239 1654 1268 δὲ
1665 1261 1672 1274 ,
1690 1250 1770 1267 κατα-

1001 1286 1116 1325 γελάσῃ,
1135 1286 1211 1314 ἵλεων
1231 1285 1298 1324 ἔχων
1313 1286 1356 1313 τὸν
1375 1285 1452 1313 Θεόν.
1467 1284 1587 1322 Πόλεμός
1606 1285 1676 1313 ἐστιν
1695 1285 1721 1313 ἐν
1736 1287 1769 1323 τῇ

1003 1334 1101 1370 ἀγορᾷ,
1116 1332 1189 1370 μάχη
1204 1332 1258 1360 ἐστὶ
1268 1331 1301 1360 τὰ
1313 1330 1459 1369 πράγματα
1472 1330 1505 1359 τὰ
1516 1330 1696 1370 καθημερινὰ,
1708 1331 1770 1359 κλυ-

1003 1378 1092 1406 δώνιόν
1106 1379 1161 1406 ἐστι
1177 1378 1221 1406 καὶ
1233 1377 1343 1416 χειμών.
1356 1378 1401 1405 Δεῖ
1415 1376 1501 1405 τοίνυν
1510 1376 1597 1405 ὅπλων
1609 1379 1672 1414 ἡμῖν
1682 1388 1688 1394 ·
1701 1377 1770 1415 μέγα

1004 1425 1029 1452 δὲ
1039 1424 1118 1452 ὅπλον
1127 1422 1226 1462 eux-13¹³·
1239 1424 1277 1452 δεῑ
1289 1423 1381 1462 οὐρίων
1390 1422 1492 1460 ἀνέμων
1504 1423 1542 1450 δεῖ
1553 1424 1643 1461 μαθεῖν
1655 1422 1771 1457 ἅπαντα,

1002 1470 1069 1500 ὥστε
1085 1471 1115 1499 τὸ
1131 1472 1213 1508 μῆκος
1233 1472 1279 1505 τῆς
1299 1470 1399 1508 ἡμέρας
1414 1469 1495 1508 χωρὶς
1507 1469 1635 1508 ναυαγίων
1651 1468 1770 1498 διανύσαι

1002 1517 1047 1545 καὶ
1060 1516 1219 1555 τραυμάτων
1231 1527 1236 1533 ·
1252 1516 1344 1544 πολλοὶ
1356 1515 1407 1554 γὰρ
1422 1517 1479 1544 καθ’
1497 1515 1610 1550 ἑκάστην
1625 1516 1727 1555 ἡμέραν
1745 1517 1769 1543 οἱ

1003 1562 1144 1596 σκόπελοι,
1167 1562 1212 1590 καὶ
1234 1561 1360 1594 πολλάκις
1386 1560 1546 1600 προσέῤῥαξε
1561 1562 1590 1590 τὸ
1609 1562 1707 1601 σκάφος
1724 1561 1769 1590 καὶ

1003 1608 1203 1643 κατεποντίσθη.
1219 1607 1269 1636 Διὰ
1283 1610 1359 1636 τοῦτο
1371 1609 1449 1646 εὐχῆς
1462 1609 1524 1643 ἡμῖν
1540 1607 1578 1636 δεῖ
1591 1607 1704 1645 μάλιστα
1718 1609 1767 1636 ἑω-

1039 1694 1050 1711 t,
1070 1694 1077 1727 l
1091 1693 1132 1718 Sic
1144 1693 1202 1718 Sar.
1217 1693 1305 1717 Caeteri
1318 1695 1344 1719 δι’
1358 1696 1444 1728 οᾶρὶων.
1460 1693 1466 1725 l

624 1780 799 1809 MUTIANO
822 1781 1078 1810 SCHOLASTICO
1100 1779 1352 1809 INTERPRETE.

204 1858 344 1887 excludere
358 1858 545 1897 cogitationem
561 1868 695 1897 rapacem,
707 1865 732 1886 et
744 1868 891 1896 numquam
906 1859 1048 1897 suscipere,
1061 1858 1106 1887 sed
1120 1858 1200 1886 etiam
1216 1865 1321 1897 peccata
1337 1868 1395 1896 quoe
1411 1865 1472 1886 sunt
1484 1869 1499 1886 a
1514 1857 1590 1886 nobis
1604 1858 1717 1887 diluere.
1731 1858 1766 1887 Et

205 1906 275 1934 uude
290 1906 366 1934 nobis
382 1906 528 1945 contingat,
547 1906 657 1934 sortasse
672 1905 802 1943 quaeritis‚
818 1906 921 1934 oblivio
943 1906 1144 1945 malignitatis?
1161 1906 1205 1936 Ex
1221 1905 1349 1934 memoria
1365 1905 1465 1933 Christi
1482 1917 1487 1932 :
1503 1905 1524 1933 si
1542 1905 1589 1934 Dei
1603 1916 1707 1945 semper
1721 1916 1766 1934 re-

205 1953 306 1982 cordati
322 1954 464 1988 fuerimus,
479 1964 530 1982 non
547 1953 693 1993 poterimus
707 1953 815 1982 illorum
829 1964 881 1982 non
897 1954 1041 1982 reminisci.
1060 1954 1252 1991 Recordabar,
1270 1953 1369 1991 inquit,
1385 1955 1427 1981 tui
1446 1955 1477 1981 in
1491 1960 1583 1982 stralo
1599 1964 1672 1988 meo,
1689 1960 1715 1982 ee
1737 1957 1767 1982 in

205 2001 356 2028 matutinis
369 2000 532 2028 meditabor
552 2002 583 2027 in
599 2006 633 2028 te.
647 2000 759 2039 Oportet
775 1999 857 2038 igitur
868 2000 920 2028 hoc
932 2000 1026 2035 facere,
1041 2000 1160 2028 maxime
1172 2006 1260 2027 autem
1272 2007 1337 2027 tunc
1349 2006 1452 2038 oportet
1464 1999 1598 2027 recordari
1612 1999 1671 2033 Dei,
1682 2010 1766 2038 quan-

203 2046 238 2074 ‹lo
251 2047 276 2074 in
292 2047 397 2075 silentio
414 2047 539 2085 cogitatio
556 2054 644 2076 nostra
657 2054 704 2083 est,
720 2047 828 2086 quando
846 2058 894 2086 per
909 2047 1065 2076 memoriam
1079 2047 1152 2075 illius
1168 2046 1344 2075 condemnare
1360 2046 1477 2085 seipsum
1490 2053 1588 2085 potest,
1613 2047 1720 2084 quando
1739 2047 1765 2075 in

205 2092 331 2121 memoria
346 2092 459 2121 retinere
475 2100 570 2132 potest.
587 2094 636 2121 Per
651 2093 723 2121 diem
738 2093 809 2121 enim
830 2093 851 2121 si
869 2093 1049 2128 recordemur,
1064 2093 1227 2121 introeuntes
1241 2093 1300 2121 aliae
1314 2103 1385 2120 curm
1404 2099 1428 2121 et
1444 2092 1655 2132 perturbationes
1670 2093 1765 2122 exclu-

204 2139 272 2167 dunt
285 2150 341 2167 eam
356 2151 362 2166 ε
376 2150 422 2178 per
436 2146 540 2168 noctem
556 2150 660 2178 semper
675 2139 773 2178 poterit
787 2139 932 2176 recordari,
949 2138 1055 2177 quando
1068 2139 1094 2167 in
1109 2139 1302 2177 tranquillitate
1315 2146 1353 2167 est
1365 2145 1390 2167 et
1408 2139 1434 2167 in
1451 2139 1541 2177 requie
1561 2139 1661 2175 anima,
1677 2150 1766 2177 quan—

205 2187 240 2215 do
254 2187 279 2215 in
296 2194 386 2226 portu,
400 2187 506 2225 quando
520 2187 547 2215 in
562 2197 653 2215 screno
669 2199 675 2214 z
693 2188 870 2225 Loquimini,
886 2186 983 2224 inquit,
998 2189 1030 2214 in
1046 2187 1181 2215 cordibus
1193 2188 1312 2221 vestris,
1327 2188 1398 2214 etin
1414 2187 1559 2215 cubilibus
1573 2188 1679 2215 vestris
1690 2197 1766 2216 com-

203 2236 375 2272 pungimini.
390 2233 538 2273 Oportebat
553 2232 662 2271 quidem
680 2240 705 2261 et
718 2234 765 2271 per'
778 2232 850 2261 diem
864 2243 969 2272 semper
982 2233 1060 2261 istam
1075 2233 1175 2261 habere
1190 2233 1345 2261 memoriam
1357 2244 1364 2268 ς
1377 2232 1424 2261 sed
1439 2232 1501 2270 quia
1516 2233 1637 2271 cogitatis
1653 2243 1766 2272 semper,

205 2288 227 2308 et
243 2281 326 2309 multa
341 2281 466 2319 cogitatio
473 2288 561 2309 vestra
576 2280 743 2319 dispergitur
755 2287 865 2319 propter
879 2280 1025 2317 saecularia‚
1041 2280 1134 2309 saltem
1147 2287 1210 2309 tunc
1225 2280 1402 2308 recordamini
1415 2280 1465 2308 Dei
1477 2280 1504 2308 in
1520 2280 1646 2309 cordibus
1659 2281 1764 2314 vestris,

205 2327 231 2355 in
247 2328 385 2357 matutinis
401 2328 564 2357 meditemur
575 2327 601 2356 in
616 2327 672 2356 illo.
685 2327 713 2356 Si
727 2327 753 2355 in
769 2328 907 2356 matutinis
918 2328 981 2356 talia
998 2327 1198 2362 meditabimur,
1213 2338 1274 2356 cum
1290 2328 1376 2356 multo
1390 2327 1538 2356 munimine
1549 2327 1719 2366 procedimus
1731 2327 1766 2356 ad

205 2384 310 2410 causaS,
336 2375 357 2403 si
385 2375 535 2414 propitium
551 2375 638 2403 Deum
661 2374 738 2402 nobis
754 2374 878 2413 primitus
892 2374 1021 2403 faciamus
1036 2374 1250 2414 interpellatione
1262 2380 1287 2402 ct
1308 2374 1516 2413 supplicatione,
1539 2380 1564 2402 et
1578 2373 1764 2413 procedamus,

206 2421 310 2449 nullum
323 2422 483 2451 habebimus
498 2422 639 2450 inimicum
652 2433 657 2449 :
672 2432 703 2450 ac
723 2422 744 2450 si
759 2421 869 2458 habeas,
887 2422 1013 2451 irridebis
1028 2433 1101 2459 euin,
1118 2423 1205 2451 Deum
1219 2422 1320 2450 habens
1338 2421 1485 2461 propitium
1501 2433 1507 2449 :
1524 2431 1555 2450 ac
1567 2421 1589 2450 si
1605 2421 1706 2449 bellum
1729 2421 1763 2450 sit

205 2466 231 2493 in
249 2467 353 2504 plateis,
367 2479 398 2496 ac
420 2469 441 2496 si
466 2479 556 2508 pugna
571 2469 605 2497 sit
621 2481 627 2496 :
646 2469 745 2509 quippe
759 2479 799 2497 res
825 2469 987 2506 quotidiana:
1002 2469 1141 2498 fluctuatio
1164 2476 1226 2497 sunt
1248 2476 1273 2497 et
1290 2475 1468 2508 tempestates.
1485 2469 1561 2507 Opus
1585 2468 1673 2506 itaque
1686 2468 1764 2497 nobis

204 2519 242 2540 est
257 2513 338 2541 armis
352 2526 358 2540 :
374 2516 474 2553 majora
489 2523 578 2544 antem
594 2526 668 2545 arma
680 2523 741 2544 sunt
755 2515 849 2544 oratio.
866 2516 895 2544 In
912 2517 1088 2555 prosperitate
1100 2523 1243 2545 ventorum
1256 2522 1360 2555 oportet
1372 2526 1418 2543 nos
1432 2515 1534 2543 discere
1548 2515 1646 2551 omnia,
1660 2522 1687 2543 ut
1701 2526 1765 2554 pos-

203 2561 286 2588 simus
303 2561 495 2600 longitudinem
511 2563 563 2593 diei
578 2564 632 2593 sinc
648 2563 786 2603 naufragio
802 2564 973 2602 pertransire,
991 2571 1014 2593 et
1029 2565 1083 2593 sine
1100 2564 1257 2594 vulneribus
1278 2576 1283 2591 ε
1299 2563 1376 2592 multi
1393 2563 1490 2602 quippe
1510 2574 1556 2601 per
1571 2563 1689 2601 singulos
1704 2563 1760 2591 dics
