1886 2846
431 180 463 203 ΙΝ
488 180 596 204 ἶίΡΙΞΤ.

83 246 108 273 ἓν
124 245 204 283 αὐτῇ,
220 242 311 278 νήπιοί
324 243 417 281 ἔσμεν,
432 242 494 271 ὅταν
520 243 574 280 Ιβίον
598 243 663 280 αὐτῇ
681 241 717 280 μὴ
741 241 856 280 <fouenti-

82 302 159 319 νοντα
173 288 412 327 ἐπιδεικνυώμεθα,
439 288 501 318 ὅταν
523 288 561 316 ἔτι
583 287 702 326 θεμέλιον
718 287 854 317 καταθαλ-

83 336 200 374 λώμεθα.
217 335 327 369 Τούτοις
342 335 368 364 δὲ
382 335 449 373 μετὰ
461 337 505 364 τοῦ
523 335 578 374 βίου
594 334 639 363 καὶ
654 334 719 363 ἄλλο
733 334 854 372 ἐγκαλεῖ,

83 385 119 415 ὡς
140 384 376 422 παρασαλευθεῖσι,
402 381 447 410 καὶ
472 381 602 420 δεομένοις
629 380 747 419 θεμέλιον
772 391 854 409 κατοι-

85 428 191 457 &offiano
208 428 347 466 μετανοίας
361 428 413 457 ἀπὸ
435 429 534 467 νεκρῶν
554 427 647 466 ἔργων.
664 427 718 455 Τὸν
732 426 782 466 γὰρ
802 426 854 456 ἀπό

84 486 152 507 τινος
168 476 204 507 εἰς
218 474 305 512 ἕτερον
322 474 522 513 μετατιθέμενον
532 497 539 510 ,
554 474 598 503 καὶ
613 474 642 502 τὸ
663 473 710 512 μὲν
726 472 835 512 ἀφιέντα
847 496 853 508 ,

85 523 161 549 τοῦτο
185 520 212 550 δὲ
240 520 406 560 αἱρούμενον,
427 520 553 559 πρότερον
579 521 657 548 αὐτοῦ
685 520 854 558 καταγνῶναι

85 566 138 606 χρὴ
147 590 154 602 ,
167 567 239 596 καὶ
225 569 372 602 αποστ·ν“ναι
386 579 418 605 τῃ
442 566 554 595 διαθέσει
564 588 571 601 ,
584 566 629 595 καὶ
643 565 702 594 τότε
715 567 798 594 ἐλθεῖν
814 566 853 604 ἐφ’

85 612 191 652 ἕτερον
209 615 230 642 εἷ
255 613 281 642 οὲ
298 626 342 642 του
366 613 494 652 προτέρου
517 613 596 641 πάλιν
614 612 720 652 ἔχεσθαι
746 613 852 650 μέλλοι,

85 670 142 692 πως
163 663 208 688 τοῦι
225 659 345 698 δευτέρου
368 660 478 698 ἅψεται,
496 659 531 688 Τί
548 654 606 693 οὖν,
630 659 711 698 φησὶ,
734 658 794 696 περὶ
810 661 854 687 τοῦ

84 704 165 742 νόμου
176 717 183 741 ;
195 705 371 744 Κατέγνωμεν
382 707 470 741 αὐτοῦ,
490 705 535 733 καὶ
547 706 627 734 πάλιν
641 706 683 733 ἐπ’
695 705 773 733 αὐτὸν
792 706 853 733 ἀνα-

83 750 222 790 τρέχομεν.
235 752 320 780 Τοῦτο
341 753 387 780 οὐκ
411 751 466 780 ἔστι
492 751 630 789 μετάθεσις
644 763 649 768 ·
670 751 715 779 καὶ
735 751 786 789 γὰρ
810 752 851 778 ἐν-

82 796 195 824 ταῦθα”
180 808 275 835 εχομεν
290 796 378 834 νόν-ον.
396 796 483 834 No‘uov
499 793 556 830 οἶν,
571 796 653 835 φησὶ,
669 799 836 836 καταργοοαε
827 808 851 824 ,ν

83 841 126 870 διὰ
143 844 190 877 τῆς
207 854 336 878 πιστεως,
348 842 393 877 Μὴ
414 843 532 881 γένοιτο,
552 843 619 872 ἀὶλὰ
634 843 712 881 νόμον
727 844 841 881 ἱστῶμεν

82 887 155 927 Εγω
177 888 205 918 δε
229 901 288 928 περι
313 892 432 929 πονηρῶν
449 892 521 918 εἷπον
546 889 720 928 πραγμάτων.
743 889 777 918 O
801 889 852 928 γὰρ

83 934 216 973 μέλλων’
225 936 266 964 ἐπ’
278 935 394 975 ἀρετνν
390 947 438 963 αετ
442 935 523 970 ιέναι,
539 947 664 975 προτερον
687 938 733 970 τῆς
757 947 851 967 κακιας

82 983 250 1019 καταγνῶναι
270 983 316 1020 ὀφε
306 982 383 1017 ίλει,
398 981 443 1010 καὶ
463 981 523 1010 τότε
542 981 624 1016 αὐτὴν
651 982 803 1019 μετελθεῖν·
823 982 851 1009 οὐ

81 1027 133 1066 γὰρ
152 1028 242 1067 ἴσχυεν
261 1031 276 1063 ἡ
293 1028 418 1065 μετάνοια
433 1027 562 1067 καθαροὺς
577 1009 669 1060 aorotig
691 1027 783 1060 δεῖξαι.
799 1027 850 1055 Διὰ

81 1076 158 1102 τοῦτο
175 1073 269 1107 εὐθέως
282 1074 468 1109 ἑέαπτίζοντο,
481 1073 528 1110 ἵν’,
545 1073 610 1112 ὅπερ
632 1073 765 1105 ἀδυνάτως
780 1069 850 1112 εἶχον

81 1119 243 1157 ἐργάσασθαι
259 1118 292 1148 δι’
307 1121 423 1154 ἑαυτῶν,
442 1123 517 1148 τοῦτο
539 1118 583 1147 διὰ
606 1121 653 1154 τῆς
674 1121 718 1148 τοῦ
734 1120 851 1157 Χριστοῦ

79 1165 187 1203 γένηται
200 1166 317 1205 χάριτος.
340 1165 409 1194 Οὔτε
425 1161 468 1194 οἶν
490 1166 615 1203 μετάνοια
639 1167 714 1204 ἀρκεῖ
727 1165 792 1205 πρὸς
806 1165 849 1194 τὸν

78 1212 255 1251 καθαρισμὸν,
269 1211 336 1240 ἀλλὰ
351 1213 389 1240 δεῖ
402 1211 432 1240 τὸ
447 1212 586 1250 βάπτισμα
598 1211 771 1252 παραλαῧεὶν.
785 1211 850 1240 Ἐπὶ

78 1262 140 1297 γοῦν
165 1259 194 1288 τὸ
224 1259 364 1297 βάπτισμα
385 1259 510 1298 ἔρχεσθαι
533 1260 587 1295 δεῖ,
611 1259 739 1299 πρότερον
767 1270 849 1287 κατα-

78 1304 174 1343 γνόντα
186 1307 238 1333 τῶν
252 1305 448 1344 ἡμαρτημένων
465 1306 547 1344 αὐτῷ,
563 1306 608 1334 καὶ
628 1305 850 1344 καταψηφισάμε-

78 1362 131 1380 νον.
146 1351 182 1380 Τί
196 1351 223 1379 δέ
243 1352 316 1387 ἐστι,
337 1353 500 1389 Βαπτισμῶν
517 1352 645 1391 διδαχῆς;
661 1353 722 1391 Οὐχ
736 1353 772 1385 ὡς
786 1352 848 1380 πολ-

78 1398 131 1425 λῶν
147 1397 227 1426 ὄντων
248 1400 299 1426 τῶν
315 1399 488 1436 βαπτισμῶν,
509 1398 567 1426 ἀλλ’
584 1398 648 1431 ἑνός.
668 1398 704 1428 Τι’
719 1394 762 1427 οὖν
785 1398 849 1427 αὐτὸ

79 1444 262 1478 πληθυντικῶς
272 1439 344 1480 εἷπε3
359 1444 411 1472 Διὰ
422 1443 451 1472 τὸ
463 1445 558 1480 εἰπεῖν,
571 1444 618 1479 Μὴ
633 1445 713 1473 πάλιν
728 1446 847 1482 θεμέλιον

79 1489 307 1528 καταὸαλλόμενοι
324 1490 472 1528 μετανοίας.
484 1491 517 1519 Ei
530 1490 581 1530 γὰρ
593 1491 672 1520 πάλιν
686 1491 776 1524 αὐτοὺς
789 1491 848 1520 ἐδά-

78 1547 172 1572 πτισε,
195 1537 239 1565 καὶ
261 1536 358 1565 ἄνωθεν
382 1537 536 1576 κατήχησε,
554 1537 599 1565 καὶ
612 1538 692 1566 πάλιν
715 1537 741 1566 ἐζ
764 1539 848 1577 ἀρχῆς

627 181 670 202 AD
699 179 865 202 intem-:OS-

895 177 972 202 ΕΗ.
1004 179 1051 201 vi.
1083 179 1199 201 nomi..
1222 181 1266 202 ix.
1591 174 1654 209 135

910 240 1012 269 etiamsi
1029 240 1104 268 mille
1117 251 1200 269 annos
1212 242 1344 279 egerimus
1358 243 1383 271 in
1400 244 1469 280 fide,
1482 251 1506 273 et
1520 245 1546 274 in
1561 257 1589 274 ea
1602 258 1652 276 nen

909 286 994 315 simus
1017 286 1089 315 firmi
1110 293 1135 315 et
1150 286 1272 325 stabiles,
1287 299 1380 317 sumus
1393 289 1525 327 insantc53
1547 293 1654 329 quando

909 342 960 361 non
976 331 1141 361 ostendimus
1165 333 1248 362 vitam
1267 334 1291 362 ei
1310 335 1511 364 convenientem
1522 359 1530 373 ,
1547 338 1654 375 quaudo

909 377 997 406 adhuc
1006 378 1121 417 jacimus
1132 378 1347 409 fundamentum.
1361 380 1413 409 Eos
1427 388 1516 410 autem
1532 383 1602 412 etde
1611 384 1653 412 vi-

909 432 942 452 tae
955 424 1072 460 ratione,
1089 433 1113 454 et
1127 425 1160 454 de
1172 425 1225 454 alio
1238 436 1344 465 quoque
1358 435 1478 460 accuset,
1494 436 1523 457 ut
1538 429 1585 467 qui
1602 429 1654 458 siut

910 471 1077 508 vacillantes,
1091 477 1115 499 et
1131 481 1198 510 opus
1218 471 1334 500 habeant
1349 479 1377 500 ut
1390 473 1595 503 fundamentum
1604 476 1654 514 ja-

910 517 980 546 ciant
994 518 1155 557 poenitentioe
1167 518 1201 546 ab
1214 519 1340 557 operibus
1354 520 1476 548 mortuis.
1491 520 1563 549 Eum
1582 522 1653 550 euim

911 563 956 601 qui
969 564 1003 592 ab
1016 564 1106 602 aliquo
1121 571 1319 594 transmovetur
1337 565 1371 594 ad
1393 566 1507 595 alterum
1518 589 1525 603 ,
1539 574 1563 595 et
1584 567 1651 596 illud

909 610 1017 648 quidem
1040 611 1160 649 dimitit,
1179 611 1229 640 hoc
1249 619 1337 640 autem
1359 612 1453 651 eligit,
1467 613 1555 652 ipsum
1576 614 1653 653 prius

909 664 1012 696 oportet
1026 665 1053 686 ut
1068 657 1239 693 condemnet,
1252 665 1277 687 et
1291 659 1325 687 ab
1339 669 1370 688 eo
1383 659 1487 688 recedat
1499 660 1650 697 affectione,

908 709 933 731 et
948 710 1012 732 tunc
1030 704 1119 732 veniat
1133 704 1167 733 ad
1182 705 1295 733 alterum
1307 717 1312 733 :
1327 705 1348 734 si
1361 712 1450 734 autem
1461 706 1545 745 priori
1558 717 1652 735 rursus

908 756 947 777 est
972 750 1150 788 adhaesurus,
1172 750 1307 789 quomodo
1332 751 1444 790 attinget
1470 751 1618 780 secundnm
1639 753 1652 780 Ξ)

908 796 981 831 Quid
998 808 1078 835 ergo,
1094 797 1199 836 iuquit,
1215 797 1249 826 dc
1269 797 1350 836 lege?
1370 798 1437 826 Eam
1460 798 1652 827 condemnavi-

907 853 967 871 mus
976 865 983 879 ,
996 850 1021 872 et
1035 854 1128 872 rursus
1141 843 1174 872 ad
1187 844 1271 883 ipsam
1287 845 1451 873 recurrimus
1466 858 1471 873 :
1485 844 1536 874 hoe
1549 856 1600 874 non
1613 852 1651 874 est

906 889 1045 918 translatio
1069 897 1093 918 et
1115 891 1301 919 transmutatio
1318 903 1323 918 x
1339 891 1437 919 etenim
1458 891 1504 920 hic
1520 891 1650 920 habemus

905 934 999 973 legem.
1015 936 1118 974 Legem
1134 947 1201 972 ergo
1212 959 1219 971 ‚
1232 937 1319 975 inquit
1329 960 1337 973 ,
1355 938 1529 966 deseruimus
1545 939 1650 978 perfi-
1664 949 1730 972 Rom,
1740 949 1802 972 331,

905 982 969 1009 dem
983 984 995 1009 Ρ
1009 982 1116 1018 Absit,
1129 983 1181 1010 sed
1197 983 1286 1021 legem
1304 986 1468 1012 statuimus.
1487 983 1546 1023 Ego
1560 992 1650 1014 autem

905 1026 1028 1054 dicebam
1041 1026 1074 1055 de
1089 1027 1168 1055 rebus
1181 1028 1266 1056 malis.
1282 1030 1351 1057 Nam
1364 1029 1410 1066 qui
1424 1036 1462 1057 est
1477 1029 1512 1057 ad
1522 1030 1651 1060 virtutem

907 1072 1086 1107 transiturus,
1110 1073 1189 1101 debet
1208 1073 1283 1112 prius
1298 1074 1475 1104 condemnare
1494 1076 1592 1105 vitium
1603 1099 1610 1113 ,
1626 1085 1652 1106 et

906 1125 969 1146 tunc
984 1118 1018 1147 ad
1033 1129 1090 1147 eam
1116 1118 1242 1147 accedere
1255 1130 1260 1146 :
1274 1130 1326 1147 non
1344 1120 1414 1148 enim
1440 1121 1545 1149 valebat
1560 1122 1650 1161 poeni-

905 1164 985 1192 tentia
998 1175 1041 1192 cos
1053 1163 1168 1192 mundos
1185 1164 1306 1193 reddere.
1321 1165 1465 1204 Propterea
1487 1167 1575 1195 statim
1598 1167 1650 1196 ba·

903 1210 1093 1250 ptizabantur,
1116 1217 1145 1238 ut
1171 1211 1243 1249 quod
1260 1221 1308 1250 per
1331 1211 1431 1250 seipsos
1452 1223 1503 1240 non
1529 1221 1651 1252 poterant

903 1258 1021 1293 efficere,
1053 1258 1082 1286 id
1110 1258 1185 1286 fieret
1207 1269 1254 1297 per
1277 1258 1378 1287 Christi
1403 1259 1527 1298 gratiam.
1559 1262 1651 1299 Neque

904 1315 966 1344 ergo
987 1305 1089 1334 sufficit
1109 1305 1265 1344 poenitentia
1289 1306 1324 1334 ad
1345 1306 1578 1343 emundationem,
1605 1308 1651 1336 sed

903 1358 1008 1391 oportet
1030 1351 1165 1391 baptisma
1188 1363 1332 1381 assumere.
1355 1353 1503 1392 Oportebat
1530 1363 1592 1392 ergo
1615 1354 1650 1382 ad

902 1398 1037 1438 baptisma
1065 1398 1190 1427 accedere
1217 1421 1224 1435 ,
1258 1399 1334 1438 prius
1368 1399 1503 1428 damnatis
1534 1400 1650 1439 pereatis

902 1456 961 1484 quae
976 1445 1128 1474 admiserat.
1148 1445 1222 1480 Quid
1241 1452 1280 1474 est
1302 1453 1392 1474 autem
1405 1468 1412 1482 ‚
1432 1447 1650 1485 Baptismatum

902 1493 1043 1520 cloccrinae
1063 1495 1076 1519 .³
1098 1493 1157 1520 Non
1183 1491 1255 1530 quod
1280 1492 1358 1520 multi
1378 1492 1432 1520 siut
1454 1492 1593 1531 baptismi,
1603 1492 1650 1521 sed

901 1547 980 1565 unus.
998 1537 1054 1565 Cui
1068 1536 1171 1575 e1g01d
1185 1536 1257 1565 dixit
1273 1536 1436 1575 pluraliter?
1465 1537 1519 1564 >uia
1532 1536 1648 1573 dixerat,

79 1583 267 1619 βαπτισθέντες
283 1583 450 1612 ἐδιδάσκοντο
468 1583 501 1612 τὰ
526 1583 664 1623 πρακτέα,
687 1583 732 1612 καὶ
752 1583 785 1612 τὰ
810 1584 846 1622 μὴ
865 1592 882 1616 c
900 1585 969 1612 IVon
989 1595 1089 1613 rursus
1101 1586 1245 1624 jacientes
1267 1585 1493 1621 fundamentum
1506 1587 1650 1623 poeniten-

77 1629 212 1667 πρακτέα,
229 1629 355 1663 διηνεκῶς
376 1629 485 1667 ἔμελλον
509 1630 663 1668 ἀδιόρθωτοι
684 1630 779 1668 μένειν.
795 1631 846 1659 Καὶ

110 1735 124 1750 '‘
145 1732 296 1767 [Delendam
309 1741 361 1758 esse
372 1732 572 1766 praspositionem
587 1739 672 1757 monet
684 1733 812 1767 Duuoeus]

902 1632 957 1659 tice.
975 1631 1044 1659 Nam
1056 1630 1077 1659 si
1090 1641 1134 1660 cos
1149 1641 1242 1659 rursus
1255 1630 1434 1670 baptizasset,
1454 1637 1478 1659 et
1493 1630 1527 1659 de
1543 1631 1647 1669 integro

494 1858 666 1887 MUTlANO
688 1858 942 1887 SCHOLASTICO
963 1860 1212 1889 INTERPRETE.

75 1984 168 2003 sumus
182 1974 209 2002 in
229 1984 274 2009 ea,
286 1972 393 2012 parvuli
405 1982 497 2001 sumus
511 1983 517 1999 z
533 1970 641 2010 quando
655 1971 740 1999 vitam
752 1970 815 1999 fidei
829 1981 881 1999 non
894 1971 1096 2000 convenientem
1108 1971 1275 2001 ostendimus
1285 1995 1292 2009 ⁷
1307 1973 1415 2011 quando
1428 1974 1644 2012 fundamentum,

74 2022 164 2050 adbuc
178 2021 376 2050 constituimus.
397 2020 425 2048 ln
441 2019 498 2047 istis
512 2026 600 2047 autem
619 2028 670 2047 non
685 2019 772 2047 solum
786 2019 885 2052 vitam,
897 2018 943 2047 sed
958 2018 1038 2046 etiam
1053 2018 1127 2047 aliud
1142 2019 1232 2058 culpat
1246 2041 1253 2054 ‚
1268 2020 1353 2048 veluti
1369 2022 1524 2058 commotis,
1537 2029 1562 2050 et
1577 2033 1645 2062 opus

73 2069 235 2098 habentibus
251 2068 455 2097 fundamentum
472 2067 632 2096 constituere
646 2066 680 2095 ab
695 2066 821 2106 operibus
843 2066 966 2095 mortuis.
985 2065 1056 2094 Eum
1078 2065 1178 2105 quippe
1195 2067 1239 2104 qui
1261 2067 1294 2095 ab
1309 2067 1363 2095 alio
1377 2067 1410 2096 ad
1424 2068 1493 2096 illud
1508 2076 1645 2098 transmu-

72 2124 160 2153 tatur,
175 2124 200 2145 et
211 2116 263 2145 hoc
273 2115 383 2154 quidem
395 2115 576 2143 dimittentem
589 2137 596 2147 ,
613 2113 682 2143 illud
693 2121 782 2142 autem
798 2121 977 2142 assumentem
990 2136 998 2151 ‚
1011 2113 1131 2153 primum
1144 2121 1247 2153 oportet
1258 2114 1382 2154 culpare,
1400 2122 1428 2144 ut
1439 2126 1453 2143 a
1466 2116 1512 2144 tali
1526 2117 1644 2146 affectio-

71 2175 104 2193 ne
119 2164 239 2200 recedat,
255 2170 280 2192 et
295 2170 358 2191 tunc
377 2162 468 2191 venire
482 2161 517 2190 ad
531 2161 617 2190 aliud.
634 2161 663 2190 Si
681 2168 770 2189 autem
792 2161 864 2190 illam
888 2161 1004 2201 primam
1028 2161 1196 2189 affectionem
1221 2161 1366 2190 habiturus
1389 2169 1442 2199 est,
1459 2163 1594 2201 quomodo
1609 2165 1645 2194 ad

71 2210 146 2239 aliud
159 2210 267 2239 veniet?
281 2208 355 2245 Quid
377 2219 453 2247 ergo,
469 2208 556 2247 inquit
569 2231 576 2244 ,
590 2208 624 2236 de
635 2208 718 2246 lege?
734 2208 914 2246 Culpavimus
928 2208 1021 2242 illam,
1039 2207 1136 2236 iterum
1160 2208 1195 2236 ad
1211 2207 1297 2247 ipsam
1315 2208 1480 2237 recurrimus
1497 2221 1502 2236 ε
1522 2210 1573 2238 hoc
1589 2221 1642 2240 non

69 2263 108 2285 est
131 2255 297 2284 mutabilitas
312 2267 318 2282 ι
333 2255 431 2284 etenim
454 2255 534 2284 etiam
558 2255 603 2283 hic
626 2255 711 2293 legem
737 2255 868 2283 habemus
886 2266 892 2282 z
909 2256 1012 2293 Legem
1036 2265 1119 2294 erge,
1134 2254 1234 2292 inquit,
1250 2265 1427 2283 evacuamus
1443 2266 1495 2294 per
1513 2256 1608 2296 fidem
1627 2260 1640 2285 Ρ

69 2304 177 2337 Absit,
194 2303 246 2332 sed
263 2303 354 2341 legem
368 2305 532 2332 statuimus.
554 2302 612 2342 Ego
631 2309 719 2331 autem
743 2302 777 2331 de
795 2302 921 2341 malignis
943 2302 1024 2331 rebus
1041 2302 1111 2331 dixi.
1133 2302 1188 2338 Qui
1204 2302 1275 2330 enim
1291 2302 1326 2330 ad
1342 2303 1471 2331 virtutem
1487 2303 1574 2332 iturus
1588 2311 1640 2341 est,

66 2351 185 2391 primum
199 2350 330 2379 malitiam
344 2349 422 2378 debet
437 2350 545 2390 culpare
556 2373 563 2385 ‚
580 2358 606 2379 et
621 2357 684 2379 tunc
701 2349 810 2389 aggredi
823 2362 828 2378 :
843 2361 894 2379 non
907 2350 978 2379 enim
994 2350 1145 2378 sufficiebat
1161 2350 1317 2389 poenitentia
1332 2350 1448 2379 mundus
1463 2361 1506 2380 eos
1518 2351 1641 2380 ostende-

65 2410 104 2428 re,
119 2399 232 2438 Propter
247 2398 296 2426 hoc
309 2398 447 2427 confestim
461 2398 682 2438 baptizabantur,
695 2406 725 2427 ut
739 2399 811 2437 quod
827 2399 992 2438 impossibile
1012 2398 1067 2427 illis
1080 2406 1136 2427 erat
1148 2399 1251 2438 operari
1266 2410 1313 2438 per
1328 2409 1372 2435 se,
1384 2399 1435 2428 lioc
1449 2410 1497 2439 per
1511 2401 1560 2429 Dei
1571 2411 1639 2439 gra-

67 2445 133 2475 tiam
147 2445 230 2474 fieret.
246 2446 338 2484 Neque
347 2456 410 2484 ergo
425 2446 579 2485 poenitentia
594 2447 694 2475 suflicit
705 2446 739 2475 ad
754 2446 970 2483 mundationem,
984 2445 1030 2474 sed
1045 2457 1113 2486 opus
1128 2453 1165 2474 est
1183 2446 1317 2485 suscipere
1331 2446 1475 2485 baptisma.
1491 2447 1561 2482 Quia
1575 2458 1638 2486 ergo

66 2493 201 2532 baptisma
215 2492 306 2522 venire
317 2493 470 2532 oportebat,
483 2493 601 2532 primum
616 2494 706 2533 culpat
717 2504 761 2523 eos
775 2494 821 2532 qui
837 2500 1024 2533 peccaverunt,
1039 2500 1064 2522 et
1074 2493 1192 2532 judicat,
1205 2500 1230 2521 et
1247 2493 1285 2521 sic
1299 2492 1333 2522 de
1348 2493 1399 2522 hoc
1414 2493 1544 2532 loquitur.
1558 2494 1636 2529 Quid

68 2547 157 2570 autem
168 2548 206 2570 est
215 2540 411 2581 baptismatum
423 2540 566 2570 doctrina?
579 2543 638 2570 Non
655 2549 791 2581 tamquam
802 2543 950 2571 multorum
963 2542 1155 2582 baptismatum
1168 2564 1176 2577 ,
1194 2541 1242 2570 sed
1253 2541 1340 2570 unius.
1355 2541 1445 2577 Quare
1460 2552 1523 2581 ergo
1538 2542 1637 2582 plura-

69 2585 128 2615 liter
142 2586 192 2615 hoc
207 2586 300 2616 dixit?
323 2586 443 2616 Dicendo
458 2587 547 2625 enim,
572 2588 616 2616 Ne
641 2590 746 2617 iterum
768 2588 997 2627 fundamentum
1021 2590 1229 2617 constituentes
1248 2589 1443 2624 poenilentiae,
1461 2599 1529 2628 opus
1553 2589 1634 2617 etiam
