1906 2846
105 1317 176 1337 Prov.
195 1314 230 1345 ¹·l·

275 182 341 223 ’.ῐῦιῖ
380 184 387 188 ”
622 195 649 215 S.

271 259 321 292 qni
344 262 384 284 ese
409 258 436 283 in
461 256 548 283 ctrlis.
574 254 687 290 Diligite
702 264 764 293 crgo
779 254 919 282 inimicum
937 267 942 281 :
958 265 1010 283 non

270 302 340 330 cuim
365 301 442 328 illum
466 299 594 328 beneficio
615 299 717 333 asticis,
735 298 780 327 scd
797 299 918 337 teipsum.
935 300 1010 334 Quo-

271 346 374 375 modo?
392 347 442 373 Par
458 346 513 373 Deo
528 344 649 373 efficeris.
671 344 719 373 Ille
739 345 759 372 si
775 356 788 372 a
802 351 826 372 te
841 345 920 373 fuerit
942 345 1010 374 dile-

269 399 341 427 ctus,
359 402 408 419 nou
432 391 547 418 multum
564 390 632 419 lucri
649 391 727 425 secit;
745 391 793 418 fuit
810 390 880 418 enim
894 390 1008 421 dilectus

266 450 279 465 4ι
301 447 449 465 conservo:
467 444 495 465 tu
521 443 609 465 autem
634 437 655 465 si
681 447 838 464 conservum
862 437 1005 473 dilexeris,

266 493 392 521 inagnum
413 482 497 511 fecisti
521 482 646 517 lucruu1;
667 481 779 510 clliceris
802 482 873 510 enim
892 484 950 511 Deo
971 484 1004 512 si-

266 528 346 556 milis.
367 528 452 557 Vides
463 528 535 566 quod
552 528 600 555 tibi
617 527 787 565 gratificaris,
800 538 852 555 non
868 528 907 556 illi
919 529 932 556 Ξ)
945 539 1006 558 nam

265 574 408 613 prannium
425 575 488 607 tibi,
504 584 555 602 non
579 573 617 600 illi
633 573 766 611 proponit.
782 573 856 608 Quid
872 585 948 612 vero,
965 576 1003 604 in-

264 620 335 657 quit,
351 621 373 648 si
389 620 422 648 sit
440 620 549 647 malus?
568 620 656 647 Tanto
671 619 756 658 major
773 626 811 647 est
827 626 872 647 tua
890 631 1005 658 merces,

264 673 289 694 ct
313 666 347 694 de
380 665 548 704 improbitate
576 664 617 692 illi
647 664 727 692 debes
751 665 848 694 habere
875 667 1004 705 gratiam,

264 711 367 740 etiamsi
391 710 633 739 innumerabilibus
660 711 694 739 sit
720 711 830 740 affectus
859 712 1003 742 beneficiis.

265 758 332 785 Nam
349 757 399 785 nisi
416 756 495 785 valde
508 756 600 785 fuisset
616 756 713 793 malus,
729 767 781 786 non
796 757 846 786 tibi
857 758 938 787 valde
951 769 1004 788 cre—

263 802 343 830 visset
359 812 465 830 merces
483 802 569 830 Causa
589 802 679 840 itaque
693 812 745 831 non
767 802 913 842 diligendi,
931 815 1004 833 nem-

263 859 296 887 pe
310 848 399 877 dicere
414 848 486 886 quod
501 848 535 877 sit
556 849 653 884 malus,
672 849 764 877 eadem
778 856 816 878 est
836 861 914 879 causa
938 851 1003 880 dili-

261 894 349 932 gendi.
375 895 453 923 Tolle
479 894 678 931 adversarium,
701 902 727 924 et
750 906 908 925 coronarum
932 897 1004 927 tollis

260 942 434 970 occasionem.
455 943 514 970 Non
536 941 611 970 vides
627 941 761 979 quomodo
785 942 891 971 athletae
914 942 1003 973 decer-

262 993 316 1015 tant
342 987 454 1016 sacculis
477 997 556 1015 arena
581 987 722 1026 impletis?
746 988 811 1016 Tibi
835 995 922 1017 autem
951 1000 1002 1018 non

260 1044 327 1073 opus
341 1041 379 1062 cst
392 1034 419 1062 in
434 1033 485 1062 hoc
496 1033 616 1062 studium
628 1044 726 1072 ponere
740 1046 746 1061 :
758 1034 813 1063 vita
825 1041 863 1063 est
879 1035 955 1073 plena
969 1036 1002 1065 iis

259 1090 317 1117 quae
330 1086 356 1107 te
371 1085 492 1107 exercent
506 1079 656 1116 sortemque
675 1078 790 1107 reddunt
804 1090 835 1107 ac
847 1080 997 1109 robustum.

259 1125 319 1153 Nou
334 1124 408 1154 vides
423 1123 495 1163 quod
509 1124 590 1152 etiam
611 1124 719 1153 arbores
739 1135 791 1162 quo
806 1125 891 1163 magis
914 1126 1000 1154 venti-

259 1170 349 1198 lantur
370 1177 395 1198 et
418 1170 554 1208 agitantur
570 1180 585 1197 a
605 1169 708 1206 ventis,
733 1180 763 1198 eo
786 1170 854 1198 fiunt
878 1171 999 1201 fortiores

260 1222 286 1244 et
310 1215 468 1244 densiores?
487 1215 522 1243 Et
547 1225 593 1243 nos
614 1226 719 1253 quoque
741 1216 763 1244 si
785 1216 869 1244 simus
889 1216 960 1245 lenes
974 1224 999 1246 et

260 1263 409 1301 patientes,
434 1262 534 1291 erimus
555 1261 635 1290 etiam
657 1262 737 1290 sortes
762 1269 786 1290 et
810 1262 896 1291 validi
913 1275 919 1291 ε
937 1274 999 1292 nam

262 1309 327 1343 Vir,
346 1308 450 1346 inquit,
464 1310 581 1346 patiens
595 1314 623 1336 et
638 1308 813 1347 longanimis
831 1310 940 1338 multus
956 1317 997 1338 est

259 1356 291 1382 in
306 1355 462 1393 prudentia
477 1366 484 1381 .·
499 1357 549 1393 qui
559 1360 602 1382 est
616 1361 711 1382 antem
722 1355 825 1392 pusilli
836 1357 940 1390 animi,
956 1362 997 1384 est

259 1401 349 1428 valde
367 1402 517 1437 insipiens.
544 1400 625 1429 Vides
648 1400 729 1438 hujus
752 1406 850 1437 quanta
872 1401 906 1428 sit.
920 1401 994 1435 laus,

258 1446 331 1474 illius
355 1453 453 1484 quanta
475 1445 630 1473 accusatio?
655 1446 747 1473 Valde
767 1447 922 1484 insipiens,
947 1446 997 1475 hoc

258 1498 296 1519 est
306 1514 314 1527 ,
330 1491 485 1519 admodum.
501 1491 560 1518 Non
576 1490 658 1519 simus
673 1501 735 1529 ergo
750 1490 842 1530 pusilli
857 1491 926 1520 inter
950 1502 997 1521 nos

258 1537 338 1564 animi
356 1549 361 1563 :
378 1547 429 1565 non
444 1537 475 1564 fit
499 1537 569 1564 enim
595 1536 645 1564 lioc
669 1547 702 1565 cx
723 1536 871 1566 inimicitiis
882 1560 889 1573 ,
903 1537 949 1567 sed
963 1548 997 1567 ex

258 1592 288 1610 eo
300 1581 373 1620 quod
393 1582 492 1620 pusillo
507 1582 589 1610 simus
604 1582 701 1610 animo.
716 1582 797 1617 Quod
811 1582 833 1611 si
847 1583 929 1612 fuerit
944 1584 997 1612 for-

258 1629 309 1665 tis,
325 1628 412 1656 omnia
439 1628 515 1656 facile
530 1628 609 1662 feret,
631 1639 716 1666 neque
731 1628 877 1667 quidquam
901 1630 997 1669 poterit

679 194 714 216 JO
724 194 816 216 QNNIS
843 195 1022 216 CHRYSOST.

1055 196 1073 217 A
1080 196 1195 218 acuum
1203 211 1209 218 .
1239 196 1491 222 CONSTANTm‘OP
1499 215 1504 221 .

1066 257 1119 291 λον,
1133 256 1200 295 μέγα
1215 256 1367 295 ἐκέρδανας·
1380 259 1438 297 γίνῃ
1454 259 1505 297 γὰρ
1517 261 1604 298 ὅμοιος
1614 263 1651 301 τῷ
1662 264 1732 302 Θεῷ.
1747 263 1828 302 Ὀρᾷς

1065 306 1105 335 ὅτι
1119 308 1165 336 οὐκ
1179 308 1270 347 ἐκείνῳ
1285 309 1380 348 χαρίζῃ
1392 332 1399 346 ,
1416 310 1483 339 ἀλλὰ
1497 314 1600 351 σαυτῷ;
1613 313 1703 354 τὸγὰρ
1715 315 1826 343 ἔπαθλον

1044 389 1053 397 Γ
1064 361 1110 388 οὐκ
1121 359 1211 400 ἐκείνῳ
1226 360 1338 397 τίθησιν,
1351 362 1418 391 ἀλλὰ
1435 363 1484 392 σοι’.
1500 363 1536 392 Τί
1548 359 1601 400 οὖν,
1611 365 1655 393 ἐὰν
1670 361 1686 404 ᾗ
1701 367 1826 406 πονηρὸς,

1027 417 1045 437 Α
1064 411 1142 450 φησί;
1158 413 1282 452 Τοσούτῳ
1298 413 1391 451 μείζων
1409 416 1421 443 ὁ
1443 415 1533 453 μισθός
1544 425 1550 430 ·
1575 416 1620 444 καὶ
1640 418 1687 451 τῆς
1701 418 1827 458 πονηρίας

1061 465 1171 504 ὀφείλεις
1186 468 1255 505 αὐτῷ
1276 466 1354 505 χάριν
1379 468 1491 505 εἰδέναι,
1508 469 1555 497 κᾶν
1582 469 1663 509 μυρία
1683 471 1827 510 εὐεργετού-

1061 529 1136 554 μενος
1150 518 1230 550 κακὸς
1243 514 1269 557 ᾗ.
1285 520 1317 547 lit
1334 519 1370 557 μὴ
1387 520 1437 559 γὰρ
1459 521 1558 560 σφόδρα
1582 522 1662 555 κακὸς
1681 518 1722 559 ἦν,
1736 524 1782 551 οὔκ
1796 523 1826 551 ἄν

1060 580 1100 598 σοι
1118 569 1217 609 σφόδρα
1240 572 1253 599 ὂ
1277 572 1366 608 μισθὸς
1382 572 1491 608 ηὐξήθη.
1506 572 1591 602 υΩσί·ε
1604 576 1620 608 ἡ
1637 573 1706 602 αἰτία
1727 578 1772 603 τοῦ
1788 575 1825 613 μὴ

1059 622 1175 660 ἀγαπᾷν,
1196 623 1225 651 τὸ
1248 623 1333 662 λέγειν
1359 624 1399 653 ὅτι
1423 625 1535 664 πονηρός
1560 627 1639 662 ἐστιν,
1661 625 1726 661 αὕτη
1754 627 1825 656 αἰτία

1059 674 1114 703 ἐστὶ
1128 677 1173 702 τοῦ
1189 677 1304 714 ἀγαπᾷν.
1319 670 1395 714 Ἆρον
1410 676 1452 705 τὸν
1472 678 1677 715 ἀνταγωνιστὴν,
1693 678 1738 706 καὶ
1750 680 1823 708 ἀναι-

1061 730 1111 765 ρεῖς
1132 729 1183 755 τῶν
1209 727 1342 767 στεφάνων
1365 728 1412 764 τὴν
1435 729 1564 769 ἀφορμήν.
1580 731 1641 769 Οὐχ
1665 732 1726 770 ὁρᾷς
1749 731 1824 764 ”robe

1059 778 1187 814 ἀθλητὰς,
1201 781 1257 812 πῶς
1280 779 1405 813 θυλάκους
1420 781 1509 819 ἄμμου
1531 781 1731 820 πληρώσαντες,
1755 783 1824 812 οὕτω

1057 830 1249 868 γυμνάζονται,
1272 832 1319 860 Σοὶ
1342 832 1368 861 δὲ
1393 834 1422 861 οὐ
1444 832 1521 872 χρεία
1544 834 1712 869 ἐπιτηδεῦσαι
1735 837 1822 863 τοῦτο’

1057 882 1131 921 γέμει
1153 885 1166 911 ὃ
1184 882 1237 921 βίος
1260 885 1311 911 τῶν
1335 884 1517 922 γυμναζόντων
1545 897 1588 919 σε,
1612 885 1656 914 καὶ
1678 886 1822 914 ποιούντων

1058 934 1172 973 ἰσχυρόν.
1187 936 1247 974 Οὐχ
1261 938 1321 975 ὁρᾷς
1345 935 1385 964 ὅτι
1407 936 1451 965 καὶ
1472 936 1505 965 τὰ
1527 936 1619 976 δένδρα
1641 937 1694 976 ὅσῳ
1717 937 1748 966 ἂν
1772 939 1822 968 ὑπὸ

1057 986 1160 1024 ἀνέμων
1176 987 1310 1024 ῥιπίζηται
1320 1010 1327 1023 ,
1341 988 1455 1027 τοσούτῳ
1472 989 1571 1026 μᾶλλον
1587 988 1744 1029 ἰσχυρότερα
1755 989 1823 1029 γίνε-

1055 1050 1099 1066 ται
1111 1039 1155 1067 καὶ
1166 1039 1326 1078 πυκνότερα,
1339 1040 1391 1068 Καὶ
1403 1043 1480 1077 ἡμεῖς
1494 1040 1578 1069 τοίνυν
1591 1040 1620 1069 ἂν
1633 1036 1703 1079 ὦμεν
1717 1041 1820 1080 μακρό-

1056 1093 1145 1128 θυμοι,
1161 1090 1206 1118 καὶ
1229 1091 1331 1129 ἰσχυροὶ
1352 1091 1464 1129 ἐσόμεθα
1475 1103 1480 1109 ·
1496 1091 1573 1132 Ἀνὴρ
1595 1092 1660 1131 γὰρ,
1674 1093 1753 1132 φησὶ,
1769 1106 1820 1132 μα-

1055 1142 1195 1181 κρόΟυμος,
1210 1142 1289 1175 πολὺς
1305 1144 1330 1171 ἐν
1344 1143 1465 1182 φρονήσει
1476 1156 1481 1161 ·
1492 1147 1505 1173 ὃ
1520 1143 1547 1173 δὲ
1560 1144 1732 1184 ὄλιγόψυχος,
1744 1147 1819 1185 ἴσχυ-

1057 1197 1106 1234 ρῶς
1121 1195 1218 1234 ἄφρων.
1233 1194 1315 1234 Ὁρᾷς
1334 1195 1394 1224 ὅσον
1420 1196 1509 1224 τούτου
1534 1196 1563 1224 τὸ
1588 1196 1733 1234 ἐγκώμιον;
1758 1199 1819 1236 ὁρᾷς

1054 1247 1112 1277 ὅσον
1130 1247 1227 1276 ἐκείνου
1241 1247 1270 1275 τὸ
1285 1247 1474 1286 κατηγόρημα,
1489 1248 1615 1286 Ἰσχυρῶς
1637 1248 1725 1287 ἄφρων
1736 1270 1743 1283 ,
1758 1260 1819 1276 του-

1053 1300 1138 1336 τέστι,
1157 1300 1236 1328 πάνυ.
1254 1299 1300 1333 Μὴ
1321 1299 1406 1328 τοίνυν
1430 1301 1634 1338 μικροψυχίῖιμεν
1650 1300 1714 1339 πρὸς
1735 1301 1817 1335 ἀλλή-

1053 1353 1124 1384 λους·
1141 1353 1168 1380 οὐ
1184 1351 1234 1389 γὰρ
1257 1351 1309 1379 ἀπὸ
1327 1354 1374 1386 τῆς
1399 1351 1494 1390 ἔχθρας
1516 1352 1616 1390 γίνεται
1636 1355 1731 1390 τοῦτο,
1759 1354 1817 1382 ἀλλ’

1054 1404 1106 1433 ἀπὸ
1118 1406 1161 1432 τοῦ
1173 1402 1260 1442 ψυχὴν
1277 1403 1373 1442 μικρὰν
1388 1403 1470 1443 ἔχειν·
1480 1406 1514 1437 ὡς
1523 1404 1566 1434 ἐὰν
1582 1401 1599 1444 ᾗ
1611 1405 1716 1444 ἰσχυρὰ,
1730 1405 1816 1434 πάντα

1052 1459 1116 1488 οἴσει
1136 1458 1241 1497 ῥᾳδίως,
1256 1458 1301 1485 καὶ
1323 1457 1394 1487 οὐδὲν
1410 1458 1490 1494 αὐτὴν
1506 1459 1696 1488 καταποντίσαι
1711 1459 1817 1495 δυνήσε-

1052 1528 1112 1550 ται,
1128 1515 1184 1543 ἀλλ’
1197 1515 1233 1546 εἷς
1247 1513 1306 1545 τοὺς
1327 1513 1462 1546 εὖδιεινοὺς
1477 1513 1570 1547 ἀπάξει
1584 1513 1706 1552 λιμένας·
1724 1510 1760 1543 ὧν
1776 1515 1817 1552 γε’-

1053 1584 1121 1602 νοιτο
1141 1571 1241 1603 πάντας
1264 1572 1335 1608 ἡμᾶς
1349 1571 1491 1610 ἐπιτυχεῖν,
1504 1570 1593 1611 χάριτι
1613 1571 1659 1600 καὶ
1670 1573 1817 1612 φιλανθρω-

1053 1629 1102 1669 πίᾳ
1124 1631 1169 1657 τοῦ
1195 1627 1290 1665 Κυρίου
1313 1629 1389 1664 ἡμῶν
1405 1626 1494 1661 Ἰησοῦ
1509 1627 1640 1666 Χριστοῦ,
1655 1628 1710 1665 μεθ’
1735 1622 1764 1655 οῧ
1779 1629 1816 1666 τῷ

291 1729 299 1740 =
318 1721 428 1746 Colben.
450 1723 485 1753 [et.
506 1731 583 1754 marg.
599 1722 751 1756 53νὶ1.]τοὺς
772 1726 863 1754 πύκτας.
887 1725 1011 1749 Mutianus
1027 1733 1162 1757 proecones-

673 1834 850 1864 MUTIANO
871 1835 1129 1864 SCHOLASTICO
1151 1833 1403 1864 INTERPRETE.

252 1935 328 1962 cum3
342 1935 394 1954 non
409 1925 480 1954 enim
494 1925 535 1954 illi
552 1932 680 1965 praestas,
696 1927 742 1955 sed
756 1927 815 1956 tibi.
831 1928 993 1963 Quomodo?
1007 1928 1111 1957 Similis
1125 1928 1249 1957 efficieris
1267 1929 1331 1957 Deo.
1349 1927 1397 1956 Ille
1413 1927 1495 1966 igitur
1510 1927 1531 1955 si
1545 1933 1648 1955 ametur
1662 1937 1676 1955 a
1690 1933 1725 1964 te,
1742 1926 1810 1955 nihil

252 1972 389 2009 lucratur,
405 1984 420 2001 a
433 1983 559 2002 conservo
575 1973 675 2013 quippe
690 1973 804 2004 dilectus
821 1981 858 2004 est
871 1987 877 2003 ι
891 1982 920 2004 tu
941 1983 1028 2005 autem
1046 1977 1067 2013 si
1081 1976 1208 2005 dilexeris
1225 1985 1398 2012 conservum,
1414 1985 1541 2013 magnum
1556 1974 1661 2003 lucrum
1674 1974 1768 2012 facies,
1784 1981 1809 2002 et

250 2019 374 2048 efficieris
388 2019 484 2048 similis
499 2021 566 2048 Deo.
583 2019 669 2050 Vides
685 2021 749 2058 quia
764 2020 834 2050 nihil
850 2021 941 2060 gratiae
956 2022 997 2050 illi
1011 2029 1131 2061 praestas,
1149 2022 1195 2051 sed
1211 2022 1260 2051 tibi
1270 2022 1284 2050 Ξ)
1298 2021 1388 2061 ipsum
1402 2021 1526 2050 meritum
1539 2020 1609 2049 cnim
1620 2031 1673 2049 non
1686 2021 1745 2055 illi,
1761 2020 1809 2049 sed

251 2065 300 2094 tibi
317 2076 464 2105 comparas.
479 2066 553 2101 Quid
569 2077 643 2105 ergo,
660 2067 749 2105 inquis
760 2089 766 2101 ‚
782 2066 803 2095 si
821 2067 856 2096 sit
869 2067 1025 2106 malignus?
1041 2069 1130 2097 Tanto
1142 2068 1258 2107 amplius
1273 2068 1358 2106 major
1374 2066 1425 2095 eris
1440 2073 1465 2095 et
1478 2065 1580 2094 meritis
1593 2077 1599 2093 z
1619 2076 1667 2105 pro
1683 2065 1809 2104 maligni-

252 2119 304 2141 tate
317 2123 365 2141 sua
379 2112 460 2141 debes
475 2112 517 2140 illi
532 2113 661 2151 gratiam,
675 2120 701 2142 et
714 2114 756 2153 [f.
771 2113 842 2150 etsi]
856 2114 940 2142 multa
958 2113 1044 2142 millia
1059 2114 1252 2143 beneficiorum
1267 2113 1429 2152 suscipiens,
1452 2112 1542 2141 adhuc
1563 2111 1649 2140 malus
1670 2121 1809 2151 permanes

250 2160 259 2196 l
268 2159 293 2197 f.
309 2160 477 2198 permanet}
495 2159 525 2188 Si
546 2159 618 2188 enim
640 2170 693 2188 non
714 2167 781 2188 esset
802 2159 881 2189 valde
901 2160 1002 2195 malus,
1026 2171 1110 2199 neque
1133 2161 1183 2189 tibi
1205 2170 1304 2188 merces
1327 2159 1405 2189 valde
1429 2166 1565 2188 cresceret.
1589 2158 1706 2187 Proinde
1732 2169 1810 2188 causa

252 2216 302 2235 non
317 2206 426 2235 amandi
440 2213 464 2235 et
477 2206 583 2235 dicendi
593 2229 600 2242 ,
616 2207 685 2242 Quia
703 2207 837 2246 malignus
852 2215 905 2245 est,
922 2218 1001 2237 causa
1015 2208 1134 2237 amandi.
1149 2208 1230 2236 Aufer
1245 2207 1409 2237 contrarium
1424 2213 1597 2244 certatorem,
1613 2213 1639 2235 et
1652 2207 1754 2235 auferes
1765 2217 1809 2235 oc-

249 2252 366 2281 casiones
386 2263 552 2282 coronarum.
567 2254 627 2281 Non
651 2253 762 2282 intueris
786 2265 920 2292 praecones
943 2254 1078 2292 quomodo
1097 2255 1217 2284 sacculos
1232 2264 1311 2283 arena
1334 2254 1475 2293 replentes,
1487 2254 1522 2282 ita
1545 2253 1750 2290 exercitantur?
1764 2255 1807 2283 Tu

250 2307 339 2328 autem
355 2311 424 2340 opus
441 2311 493 2329 non
509 2300 589 2329 habes
604 2300 723 2329 studium
738 2301 779 2329 his
795 2301 948 2340 impendere
966 2314 972 2330 ε
989 2302 1067 2341 plena
1081 2309 1120 2331 est
1139 2302 1195 2331 vita
1211 2302 1328 2330 humana
1343 2301 1548 2330 exercitantium
1562 2307 1599 2338 te,
1615 2307 1640 2329 et
1654 2301 1808 2330 facientium

251 2346 396 2375 fortiorem.
412 2348 471 2376 Non
483 2347 561 2376 vides
578 2347 640 2385 quia
653 2354 677 2376 et
692 2347 800 2375 arbores
815 2355 915 2385 quanto
934 2349 1019 2377 ventis
1032 2355 1244 2386 commoventur,
1257 2355 1329 2377 tanto
1344 2348 1460 2387 amplius
1480 2348 1600 2376 fortiores
1616 2347 1769 2376 efficiuntur
1783 2356 1808 2378 et

250 2392 357 2421 ‹lenscel‘
371 2393 405 2422 Et
424 2404 472 2422 nos
487 2393 581 2432 igitur,
596 2394 619 2422 si
633 2393 761 2422 fuerimus
775 2393 957 2432 longanimes,
977 2395 1100 2424 fortiores
1114 2395 1222 2424 erimus.
1240 2396 1291 2423 Vir
1308 2395 1500 2434 longanimis,
1522 2394 1609 2433 inquit
1620 2416 1628 2429 ,
1642 2394 1750 2423 multus
1764 2402 1807 2424 est

252 2440 283 2464 ’ἠ
303 2441 446 2476 sapientia
463 2450 470 2466 :
487 2441 537 2477 qui
559 2446 656 2468 autem
680 2445 721 2468 est
744 2440 1062 2481 pusillanimis,fortis
1076 2442 1191 2470 stultus.
1209 2441 1323 2469 Intueris
1339 2448 1437 2478 quanta
1453 2441 1533 2479 hujus
1556 2440 1608 2470 viri
1629 2440 1688 2468 laus
1705 2447 1760 2477 est,
1780 2448 1805 2469 et

252 2490 349 2520 quanta
370 2485 443 2513 illius
462 2486 619 2515 accusatio?
633 2488 743 2521 Fortis,
760 2486 857 2524 inquit,
871 2487 989 2523 stultus,
1005 2487 1056 2516 hoc
1071 2494 1120 2525 est,
1137 2488 1216 2516 valde
1230 2488 1337 2516 stultus.
1361 2487 1478 2516 Proinde
1492 2497 1544 2515 non
1559 2486 1642 2515 simus
1657 2486 1804 2525 pusillani-

251 2540 306 2558 mes
320 2530 354 2558 ad
369 2531 482 2561 invicem
498 2545 502 2560 :
518 2528 663 2562 n0n²enim
677 2534 727 2562 hoc
742 2544 775 2563 ex
790 2533 939 2562 inimicitiis
958 2535 1104 2573 contingit,
1120 2535 1165 2564 sed
1186 2546 1220 2564 ex
1234 2535 1454 2574 pusillanimitate
1474 2534 1577 2562 animae.
1596 2533 1625 2562 Si
1645 2544 1708 2562 vero
1722 2534 1803 2562 fuerit

252 2577 344 2614 sortis,
363 2579 449 2606 omnia
471 2580 546 2607 facile
560 2581 665 2618 tolerat,
681 2588 705 2610 et
726 2581 794 2609 nihil
813 2592 869 2610 eam
885 2581 979 2620 poterit
1002 2581 1168 2621 demergere,
1184 2582 1228 2611 sed
1244 2582 1279 2610 ad
1297 2582 1457 2619 tranquillos
1472 2591 1529 2609 eam
1550 2588 1642 2620 portus
1662 2580 1774 2610 adducet
1793 2593 1798 2608 :
