1886 2846
54 1558 165 1579 Adversus

53 1591 141 1610 Judfflos
151 1604 156 1613 ,

214 206 259 242 56

213 279 335 309 Virtutes
346 280 358 308 Ξ)
370 281 543 318 Nequaquam
555 293 560 307 :
575 281 639 310 audi
649 281 718 310 enim
727 293 786 320 quae
796 288 954 320 sequuntur.

213 327 252 354 Et
269 327 310 355 ad
319 327 438 365 angelos
452 328 567 366 quidem
578 329 649 356 dicit
661 339 669 355 :
682 329 738 366 Qui
745 329 820 368 facit
835 329 954 367 angelos

213 382 280 400 suos
289 374 417 410 spiritus,
424 379 451 400 et
464 374 610 401 ministros
621 383 688 402 suos
693 374 847 413 flammam
859 375 934 411 ignis
944 384 952 399 .-

213 419 254 446 ad
267 419 378 446 Filium
392 425 507 447 autem:
523 420 655 448 Thronus
670 426 736 448 tuus
751 421 830 447 Deus
847 421 878 447 in
896 428 952 446 ste-

211 466 310 494 culum
335 467 444 495 saeculi.
466 466 534 495 Ecce
557 467 674 495 maxima
701 466 867 502 differentia,
881 465 952 503 quod

212 511 253 539 illi
268 511 377 550 quidem
391 519 452 541 sunt
473 512 564 547 creati,
579 512 623 540 hic
644 519 732 540 autem
756 512 895 540 increatus.
916 510 952 539 Et

213 567 260 585 cur
274 557 308 586 ad
329 558 436 596 angelos
461 568 532 595 suos,
549 558 647 595 inquit,
674 557 753 593 dicit,
780 558 837 594 Qui
853 557 950 595 facit;

213 604 247 632 ad
260 604 359 632 Filium
374 611 462 633 autem
478 615 556 633 suum
572 615 618 631 cur
632 614 683 631 non
698 603 779 640 dixit,
793 603 847 637 Qui
868 603 950 631 facit?

214 650 294 688 Atqui
306 650 403 679 licebat
416 651 454 679 sie
467 650 555 678 dicere
577 649 756 677 differentiam
768 661 774 676 z
786 649 829 677 Ad
843 649 951 688 angelos

213 696 322 733 quidem
339 707 401 725 suos
412 697 488 730 dicit,
505 697 562 733 Qui
570 696 645 733 facil
660 695 781 733 angelos
803 705 870 723 suos
889 697 950 734 spi-

212 743 303 775 ril115;
315 743 355 770 ad
366 742 476 769 Filium
487 747 594 775 autem,
607 741 752 769 Dominus
764 743 875 769 creavit
885 751 930 770 me
938 753 949 775 ;

212 793 236 814 ct
252 798 354 821 rursus,
366 788 524 814 Dominum
549 788 643 824 ipsum
660 792 687 814 et
707 787 854 815 Christum
871 788 949 816 Deus

208 833 290 870 secie.
306 831 357 860 Sed
373 841 456 869 neque
471 831 540 859 illud
551 831 655 860 dictum
668 838 706 859 est
721 831 754 860 dc
768 831 875 861 Christo
889 832 949 860 Do-

212 877 283 905 mino
298 877 386 913 Fili03
400 887 484 914 neque
499 876 548 905 hoc
566 876 599 905 de
614 877 672 905 Deo
694 876 795 911 Verbo,
813 876 857 905 sed
872 876 906 905 de
920 887 949 905 eo

210 922 283 960 quod
295 933 401 951 carnem
417 922 540 962 suscepit.
556 923 610 951 Ubi
622 923 693 951 enim
705 923 794 951 voluit
807 934 897 952 veram
911 923 950 951 si-

210 968 337 1007 gnificare
350 968 542 1003 differentiam,
557 979 608 997 non
621 968 738 1007 amplius
748 969 950 1008 comprehendit

210 1014 296 1042 solum
317 1014 440 1053 angelos,
456 1014 503 1043 sed
520 1025 625 1043 omnem
639 1025 781 1053 supernam
794 1021 948 1053 potestatem

210 1059 474 1089 :«1111inistrat0riam.
487 1059 570 1089 Vides
585 1060 721 1097 quomodo
736 1067 761 1089 et
777 1071 857 1098 quain
871 1060 947 1088 dilu-

209 1105 267 1134 cide
281 1106 387 1136 dividat
403 1113 537 1135 creaturas
551 1112 576 1134 et
590 1106 753 1142 Creatorem,
773 1106 909 1134 ministros
923 1113 948 1134 et

210 1151 368 1189 Dominum,
376 1162 523 1190 verumque
534 1162 563 1179 ae
579 1151 719 1190 proprium
732 1151 855 1180 heredem
867 1159 892 1180 et
902 1153 947 1180 Fi-

208 1197 288 1233 lium,
305 1204 330 1226 et
342 1208 432 1227 servos
445 1198 458 1225 ‚0
475 1197 517 1225 Ad
539 1197 638 1225 Filium
654 1204 742 1225 autem
756 1197 833 1232 dicit,
854 1199 947 1226 Thro-

210 1253 263 1271 nus
279 1249 345 1271 tuus
361 1244 440 1271 Deus
460 1244 491 1270 in
516 1243 654 1271 soeculum
667 1243 775 1271 soeculi.
791 1242 860 1271 Ecce
874 1243 948 1281 regni

207 1288 323 1327 signum.
338 1289 426 1328 Virga
441 1290 598 1327 requitatis,
613 1290 699 1327 virga
719 1291 801 1327 regni
815 1291 864 1317 tui.
880 1289 950 1318 Ecce

207 1345 300 1363 rursus
311 1335 384 1363 aliud
397 1345 503 1373 quoque
516 1335 621 1373 signum
636 1334 721 1372 regni.
739 1334 844 1363 Deinde
855 1346 948 1364 rursus

207 1380 241 1409 de
254 1391 284 1409 eo
295 1381 367 1419 quod
376 1388 414 1409 est
427 1392 505 1410 carne
515 1381 640 1409 indutum
654 1393 659 1408 :
673 1382 701 1409 9.
712 1382 853 1410 Dilexisti
860 1384 949 1421 justi-

209 1430 280 1456 τὶαιη
292 1434 319 1456 et
335 1429 422 1457 odisti
441 1429 627 1467 iniquitatem
637 1434 805 1466 :propterea
820 1430 906 1457 unxit
921 1435 948 1457 te

208 1474 301 1508 Deus,
318 1474 399 1502 Deus
413 1480 486 1502 tuus.
502 1473 577 1508 Quid
601 1480 651 1511 est,
677 1474 757 1502 Deus
774 1479 840 1502 tuus
851 1477 864 1501 P
879 1474 949 1502 Nam

209 1519 335 1557 quoniam
348 1529 474 1558 magnum
487 1526 525 1547 est
538 1519 675 1557 loquutus,
689 1518 715 1547 id
732 1529 825 1547 rursus
842 1519 906 1547 lenit
919 1530 950 1549 ac

209 1565 324 1604 mitigat.
336 1565 387 1593 llic
401 1572 425 1593 et
439 1564 561 1602 Judaeos,
573 1571 598 1593 et
613 1564 689 1593 Pauli
704 1564 868 1593 samosateni
879 1575 949 1593 asse-

209 1673 266 1699 post
279 1668 414 1699 Scripturas
433 1676 509 1692 saci-ze
519 1667 614 1698 locum,
625 1671 667 1693 kat
679 1672 892 1702 προσκυνησάτωπκν
904 1670 964 1699 αὐτῷ

208 1712 289 1736 πάντες
300 1710 390 1739 ἄγγελοι
408 1711 457 1733 θεοῦ
468 1727 473 1738 ,
494 1711 531 1733 καὶ
543 1710 651 1740 saepe-rja.
671 1710 717 1740 ἆρα
734 1708 770 1732 οὖν
782 1709 963 1739 ἅγγελοιμόνονῆ

210 1749 266 1778 οὐχί.
280 1751 372 1772 ἅκοισον
383 1750 436 1779 γάρ.

555 219 584 243 s.
613 219 751 244 sosslNNis
775 218 954 244 CHRYSOST.
985 217 1138 245 Ancul'ni‘.
1167 216 1434 245 CONSTANTiNo'I‘.

1005 283 1100 315 πάντες
1120 282 1225 320 ἄγγελοι
1247 283 1333 318 Θεοῦ,
1353 283 1396 311 διὰ
1411 285 1486 312 τοῦτο
1506 282 1621 321 ἐπάγων.
1645 275 1710 322 Ἆρα
1725 277 1768 312 οἶν

1005 328 1111 366 ἄγγελοι
1127 327 1213 364 μόνον,
1228 327 1288 366 οὐχὶ
1303 328 1329 357 δὲ
1350 329 1395 357 καὶ
1408 329 1486 358 ἄλλαι
1502 329 1640 366 &wolfram
1659 328 1768 367 Ἄπαγε·

1005 373 1114 402 ἄκουσον
1130 373 1181 412 γὰρ
1196 375 1246 402 τῶν
1262 373 1332 408 ἑξῆς·
1357 374 1409 403 Καὶ
1426 375 1490 414 πρὸς
1509 375 1555 413 μὲν
1570 375 1629 407 τοὺς
1646 374 1770 413 ἀγγέλους

1005 420 1082 447 αὐτοῦ
1099 419 1191 457 φησὶν,
1209 421 1222 448 ὁ
1237 421 1317 448 ποιῶν
1333 419 1390 452 τοὺς
1410 420 1534 458 ἀγγέλους
1549 423 1628 449 αὑτοῦ
1648 419 1770 457 πνεύμα-

1004 477 1051 498 τα,
1084 466 1129 493 καὶ
1160 464 1218 497 τοὺς
1252 464 1416 504 λειτουργοὺς
1449 467 1528 494 αὑτοῦ
1558 466 1637 504 πυρὸς
1669 464 1769 504 φλόγα·

1003 510 1068 549 πρὸς
1092 510 1118 540 δὲ
1142 511 1186 540 τὸν
1207 510 1288 547 Υἱὸν,
1319 512 1333 538 6
1356 510 1444 548 θρόνος
1467 522 1512 539 σου
1537 513 1551 540 6
1575 511 1642 544 Θεὸς
1669 512 1705 543 εἷς
1724 510 1768 539 τὸν

1006 557 1088 585 αἷῶνα
1109 559 1154 585 τοῦ
1181 557 1282 589 αἰῶνος.
1317 555 1385 585 Ἰδοὺ
1404 559 1420 591 ἡ
1443 556 1554 594 μεγίστη
1580 557 1705 596 διαφορά·
1728 555 1769 584 ὅτι

1005 605 1028 631 οἱ
1053 603 1099 641 μὲν
1123 603 1242 637 κτιστοὶ,
1268 605 1281 631 ὁ
1307 603 1333 631 δὲ
1358 602 1487 635 ἄκτιστος.
1520 603 1573 631 Καὶ
1595 602 1638 630 διὰ
1655 603 1681 631 τί
1703 602 1769 641 πρὸς

1005 649 1053 686 μὲν
1075 648 1134 682 τοὺς
1158 649 1282 688 ἀγγέλους
1304 651 1381 678 αὐτοῦ
1402 660 1480 687 φησιν
1493 671 1500 684 ,
1525 648 1559 677 ‘0
1584 649 1680 677 ποιῶν·
1704 648 1769 687 πρὸς

1005 695 1031 723 δὲ
1045 695 1089 723 τὸν
1104 695 1168 724 Υἱὸν
1184 695 1227 724 διὰ
1241 695 1267 723 τί
1283 696 1330 723 οὐκ
1344 690 1430 730 εἶπεν,
1454 697 1467 723 6
1486 696 1586 730 ποιῶν;
1606 694 1694 723 καίτοι
1708 695 1768 729 ἐνῆν

1003 741 1050 776 τὴν
1072 741 1197 780 διαφορὰν
1212 740 1293 773 οὕτως
1310 742 1391 770 εἰπεῖν
1401 752 1407 758 ·
1427 740 1492 779 πρὸς
1509 740 1555 778 μὲν
1569 739 1629 773 τοὺς
1644 740 1770 779 ἀγγέλους

1004 789 1082 816 αὐτοῦ
1096 787 1184 826 λέγει,
1200 787 1233 816 ‘O
1251 789 1332 816 ποιῶν
1349 786 1409 819 τοὺς
1424 786 1549 825 ἀγγέλους
1562 788 1639 814 αὑτοῦ
1651 785 1768 824 πνεύμα-

1003 845 1036 861 τα
1050 845 1055 851 ·
1071 834 1135 872 πρὸς
1147 833 1174 861 δὲ
1186 833 1229 862 τὸν
1243 832 1317 869 Tibia,
1328 832 1423 872 Κύριος
1438 832 1546 861 ᾱέκτισέ
1560 844 1606 870 με·
1621 832 1666 861 καὶ
1677 832 1768 867 πάλιν,

1004 878 1100 918 Κύριον
1123 879 1200 908 αὖτὸν
1221 879 1266 907 καὶ
1286 880 1399 918 Χριστὸν
1417 882 1430 907 6
1453 878 1520 911 Θεὸς
1543 878 1673 913 ἐποίησεν.
1698 878 1769 907 Ἀλλ’

1003 924 1063 952 οὔτε
1078 926 1160 953 ἐκεῖνο
1174 924 1235 964 περὶ
1257 927 1302 952 τοῦ
1324 925 1439 963 Χριστοῦ
1460 924 1556 963 Κυρίου
1574 924 1638 952 Υἱοῧ
1656 924 1769 962 εἴρηται,

1003 971 1061 999 οὔτε
1076 972 1152 999 τοῦτο
1165 971 1225 1009 περὶ
1240 973 1284 998 τοῦ
1297 971 1367 999 Θεοῦ
1380 970 1475 1008 Λόγου,
1488 969 1556 998 ἀλλὰ
1570 969 1630 1008 περὶ
1643 972 1688 998 τοῦ
1699 969 1769 998 κατὰ

1003 1017 1098 1054 σάρκα.
1120 1016 1205 1045 ’ΈνΟα
1221 1015 1271 1054 γὰρ
1286 1016 1334 1050 τὴν
1348 1017 1433 1050 ἀληθῆ
1446 1014 1572 1054 διαφορὰν
1584 1014 1711 1050 ἠὸούλετο
1725 1015 1769 1050 δη-

1002 1063 1072 1098 λοῦν,
1086 1061 1172 1091 οὐκέτι
1187 1061 1312 1100 ἀγγέλους
1324 1060 1466 1100 περιέλαὸε
1480 1061 1567 1099 μόνον,
1580 1060 1649 1090 ἀλλὰ
1662 1061 1707 1090 καὶ
1717 1065 1769 1090 πᾶ·-

1002 1120 1049 1137 σαν
1065 1108 1112 1144 τὴν
1127 1107 1180 1136 ἄνω
1201 1107 1309 1145 δύναμιν
1324 1106 1372 1141 τὴν
1391 1107 1581 1146 λειτουργικήν.
1610 1106 1692 1147 “Ορ’ᾅς
1712 1109 1769 1140 πῶς

1002 1155 1096 1194 διαιρεῖ
1120 1154 1165 1182 καὶ
1189 1154 1244 1191 μεθ’
1271 1152 1334 1187 ὅσης
1356 1154 1403 1186 τῆς
1418 1152 1559 1191 σαφηνείας
1575 1152 1710 1191 κτίσματα
1723 1153 1769 1181 καὶ

1002 1199 1120 1235 κτιστὴν,
1141 1197 1306 1238 λειτουργοὺς
1326 1198 1370 1226 καὶ
1386 1198 1524 1234 δεσπότην,
1546 1198 1591 1227 καὶ
1607 1198 1768 1238 κληρονόμον

1003 1245 1048 1273 καὶ
1063 1245 1169 1283 γνήσιον
1184 1245 1248 1273 Υἱὸν
1265 1244 1309 1273 καὶ
1324 1243 1447 1278 δούλουςς
1462 1244 1535 1282 Πρὸς
1546 1244 1573 1272 δὲ
1587 1244 1631 1273 τὸν
1643 1245 1706 1273 Υἱόν
1714 1253 1769 1280 φη*

1003 1303 1058 1326 σιν,
1074 1290 1107 1319 ‘O
1123 1290 1210 1329 Θρόνος
1228 1302 1273 1319 σου
1293 1292 1306 1318 6
1321 1289 1388 1322 Θεὸς
1404 1291 1440 1322 εἰς
1454 1289 1498 1317 τὸν
1514 1291 1595 1318 αἰῶνα
1609 1293 1653 1319 τοῦ
1666 1291 1768 1323 αἰῶνος.

1003 1336 1071 1365 Ἰδοὺ
1094 1335 1228 1374 βασιλείας
1240 1335 1382 1373 σύμέολον.
1408 1334 1522 1367 Ῥάὲὃος
1540 1334 1677 1370 εὐθύτητος
1689 1338 1706 1371 ἡ
1721 1335 1769 1375 ῥά-

1003 1382 1063 1414 &dog
1075 1384 1122 1417 τῆς
1135 1381 1270 1420 βασιλείας
1292 1392 1349 1409 σου.
1362 1379 1430 1409 Ἰδοὺ
1445 1380 1525 1408 πάλιν
1542 1380 1587 1409 καὶ
1607 1380 1672 1409 ἄλλο
1688 1383 1766 1419 βασι·

1003 1427 1074 1459 λείας
1098 1426 1237 1465 σύμῧολον.
1270 1422 1336 1454 Εἶτα
1360 1425 1439 1454 πάλιν
1464 1427 1499 1459 εἷς
1523 1426 1553 1454 τὸ
1576 1425 1643 1454 κατὰ
1668 1426 1767 1466 σάρκα·

1003 1473 1162 1511 Ἠγάπησας
1195 1470 1362 1507 δικαιοσύνην
1373 1494 1380 1506 ,
1413 1471 1458 1500 καὶ
1483 1471 1612 1509 ἐμίσησας
1639 1471 1748 1509 ἀνομίαν
1760 1483 1766 1489 ·

1004 1519 1047 1547 διὰ
1068 1522 1143 1547 τοῦτο
1161 1517 1250 1557 ἔχρισέ
1273 1529 1301 1546 σε
1321 1520 1334 1546 ὃ
1354 1517 1432 1554 Θεὸς,
1449 1518 1462 1545 ὁ
1476 1516 1544 1548 Θεός
1565 1528 1620 1545 σου.
1650 1517 1687 1545 Τί
1700 1519 1766 1552 ἐστι,

1003 1564 1071 1598 Θεός
1097 1576 1142 1593 σου
1156 1575 1164 1599 ;
1190 1563 1300 1598 Ἐπειδὴ
1326 1562 1377 1601 γὰρ
1406 1562 1474 1600 μέγα
1499 1561 1655 1601 ἐφθέγξατο,
1687 1563 1766 1592 πάλιν

1045 1667 1055 1681 ²¹
1074 1667 1119 1698 [Α.
1144 1667 1172 1690 B.
1194 1671 1219 1690 et
1240 1664 1363 1690 Commel.
1387 1668 1459 1690 ἕκτισέ
1478 1671 1522 1695 με·
1545 1665 1633 1697 Κὺρεον.
1656 1663 1764 1691 Mutiau.

1014 1706 1108 1730 creavit
1123 1713 1160 1729 me
1172 1713 1180 1728 .·
1193 1705 1318 1738 siquidem
1331 1712 1385 1728 eum
1398 1702 1557 1734 Dominum]

626 1855 798 1884 MUTIANO
819 1854 1072 1884 SCHOLASTICO
1093 1854 1345 1884 INTERPRETE.

211 1961 321 1989 adorare
334 1959 458 1999 praecepti
471 1959 553 1988 sunt?
564 1959 632 1988 Non.
647 1958 764 1989 Advorte
779 1960 867 1998 itaque
879 1970 936 1998 quae
948 1967 1111 1999 sequuntur:
1125 1961 1161 1989 Ει
1183 1961 1224 1988 ad
1245 1960 1365 1999 angelos
1387 1960 1502 1998 quidem
1517 1960 1598 1997 dicit,
1618 1960 1674 1998 Qui
1686 1960 1767 1999 facit

212 2007 331 2045 angelos
357 2016 422 2034 suos
442 2007 569 2044 spiritus,
589 2012 616 2034 et
638 2008 785 2036 ministros
806 2017 872 2036 suos
885 2007 1046 2048 flammam
1068 2009 1143 2046 ignis
1155 2008 1214 2035 :ad
1232 2007 1345 2035 Filium
1364 2013 1471 2041 autem,
1480 2006 1566 2035 Sedes
1581 2013 1631 2034 tua
1643 2007 1722 2035 Deus
1734 2008 1766 2034 in

213 2054 350 2082 soeculum
366 2053 474 2081 saeculi.
486 2052 555 2081 Ecce
571 2052 688 2081 maxima
699 2052 848 2082 differentia
859 2066 864 2081 :
875 2054 937 2092 quia
948 2054 988 2082 illi
998 2054 1109 2092 quidem
1121 2053 1201 2082 creati
1213 2059 1284 2089 sunt,
1296 2053 1341 2081 hic
1352 2059 1440 2081 autem
1453 2051 1595 2080 increatus.
1607 2052 1649 2080 Ad
1658 2052 1766 2090 angelos

215 2108 303 2129 autem
318 2100 416 2138 inquit,
431 2101 486 2137 Qui
498 2100 574 2138 facit
589 2100 708 2138 angelos
721 2111 786 2129 suos
797 2103 915 2140 spiritus
927 2113 935 2128 .·
945 2101 981 2129 ad
995 2101 1096 2129 Filium
1110 2107 1198 2128 autem
1212 2110 1264 2128 non
1277 2099 1366 2135 dixit,
1380 2100 1529 2138 Quifacit.
1544 2098 1578 2127 Et
1592 2108 1654 2126 sane
1666 2105 1764 2137 posset,

216 2148 237 2175 si
255 2147 328 2183 velit,
344 2147 420 2175 istam
437 2146 476 2174 sic
485 2146 636 2185 exprimere
650 2145 843 2184 differentiam,
856 2147 969 2176 dicendo
979 2160 985 2176 :
995 2147 1031 2176 Et
1042 2147 1075 2176 ad
1091 2147 1198 2186 angelos
1210 2146 1317 2185 quidem
1333 2145 1411 2182 dicit,
1425 2146 1565 2185 Quifacit
1574 2145 1693 2184 angelos
1702 2155 1768 2174 suos

216 2200 334 2236 spiritus
347 2209 355 2224 :
366 2197 406 2225 ad
418 2196 529 2224 Filium
539 2202 647 2231 autem,
663 2197 805 2225 Dominus
817 2199 928 2226 creavit
941 2208 986 2226 me
997 2209 1005 2224 :
1017 2197 1150 2235 siquidem
1163 2198 1240 2225 Eum
1253 2197 1414 2224 Dominum
1427 2202 1454 2224 et
1470 2196 1617 2224 Christum
1629 2195 1766 2234 Deusfe-

216 2247 264 2273 cit.
280 2244 332 2273 Sed
346 2254 429 2282 neque
443 2242 509 2271 illud
521 2242 554 2271 de
568 2242 637 2271 Filio
653 2242 756 2270 dictum
772 2251 820 2279 cst,
834 2255 918 2282 neque
931 2245 982 2273 hoc
997 2244 1030 2273 de
1045 2246 1102 2273 Deo
1124 2255 1199 2280 vero,
1216 2243 1261 2272 sed
1283 2242 1316 2272 de
1330 2254 1360 2271 eo
1374 2243 1419 2282 qui
1438 2250 1476 2271 est
1491 2241 1637 2271 secundum
1652 2252 1767 2270 carnem.

218 2291 271 2319 Ubi
285 2291 355 2318 enim
370 2301 459 2318 veram
471 2289 648 2318 differentiam
663 2289 815 2327 significare
829 2290 973 2329 desiderat,
990 2302 1042 2320 non
1054 2292 1110 2330 jam
1124 2291 1193 2320 solos
1208 2290 1314 2329 angelos
1326 2289 1536 2329 comprehendit,
1547 2288 1592 2317 sed
1606 2299 1696 2318 omnes
1708 2289 1766 2317 vir-

217 2344 285 2365 tutes
297 2336 443 2365 ministeria
457 2346 570 2375 superna
582 2335 729 2375 fungentes.
740 2336 855 2364 Intueris
867 2337 1002 2374 quomodo
1016 2337 1157 2375 dividit7et
1167 2348 1227 2366 cum
1239 2343 1337 2375 quanta
1347 2336 1466 2364 claritate
1476 2342 1609 2364 creaturas
1620 2346 1634 2364 a
1646 2336 1769 2363 Creatore

217 2384 354 2420 discernit,
365 2383 500 2412 ministros
512 2393 610 2412 vocans
622 2390 647 2412 et
663 2382 818 2419 Dominum,
833 2394 923 2412 servos
939 2391 963 2412 et
977 2384 1102 2414 heredem
1117 2396 1148 2414 ac
1161 2384 1301 2424 proprium
1313 2383 1433 2412 Filium?
1446 2383 1486 2411 Ad
1502 2383 1602 2412 Filium
1618 2388 1708 2410 autem
1720 2381 1767 2410 di-

218 2431 266 2467 vit,
281 2431 365 2459 Sedes
379 2437 430 2459 lua
446 2432 527 2459 Deus
539 2432 571 2458 in
585 2430 724 2459 saeculum
735 2430 844 2459 soeeuli.
859 2430 927 2459 Ecce
941 2431 1023 2460 habes
1039 2433 1112 2472 regni
1126 2431 1303 2471 signaculum.
1326 2432 1367 2459 Et
1388 2432 1475 2469 virga
1496 2431 1650 2468 aequitatis,
1663 2428 1748 2466 inquit
1758 2451 1767 2466 ‚

218 2480 303 2516 virga
315 2480 397 2516 regni
415 2480 466 2506 ιιιί.
481 2477 550 2506 Ecce
562 2477 643 2506 habes
664 2485 689 2506 et
704 2477 778 2506 aliud
792 2478 969 2516 signaculum.
980 2479 1084 2508 Deinde
1097 2479 1132 2508 ad
1148 2490 1208 2508 eum
1219 2478 1265 2517 qui
1280 2485 1317 2507 est
1332 2477 1478 2506 secundum
1490 2487 1593 2505 carnem
1606 2475 1764 2504 revertitur:

218 2525 520 2563 Dilexishjusststam,
531 2531 558 2553 et
573 2526 660 2554 odisti
675 2527 857 2564 iniquitatem
872 2532 1044 2564 :propterea
1060 2530 1143 2555 unxit
1159 2533 1186 2555 le
1198 2527 1288 2562 Deus,
1300 2527 1379 2554 Deus
1390 2532 1465 2553 titus.
1480 2522 1611 2558 Quoniam
1624 2522 1694 2550 enim
1710 2532 1766 2550 ma-

218 2581 299 2607 gnum
312 2569 442 2609 quiddam
456 2569 583 2608 loquutus
597 2577 644 2607 est,
660 2571 755 2600 iterum
767 2571 835 2600 illud
848 2582 874 2600 se
889 2582 980 2600 curare
995 2571 1106 2601 festinat.
1118 2572 1206 2602 Sedet
1218 2572 1261 2600 hic
1273 2571 1379 2602 ,ludaeos
1394 2577 1418 2600 ct
1434 2569 1546 2598 Paulum
1563 2568 1764 2597 samosatenum
