1906 2846
243 174 313 208 316
581 184 608 206 s.
637 182 775 205 somnis
802 182 982 204 cuursosr.

242 248 372 275 ninnium.
397 247 478 274 Filius
505 254 610 281 quoquc
631 245 687 281 ejus
712 249 766 270 erat
795 242 950 279 hujusmodi
969 254 974 268 :

242 303 301 320 cuin
317 292 473 330 pellebaturv
489 289 557 317 bello
572 288 760 326 impetebatur,
773 286 881 314 cedebat
894 293 918 314 et
934 286 977 314 lo>

241 350 300 365 euin
316 338 411 369 dabat,
428 335 513 372 utqui
528 341 593 362 esset
609 334 635 361 in
650 333 735 361 aliena
751 344 757 359 t
775 332 893 371 hospites
906 331 977 360 enim
995 340 1012 363 c

241 384 327 411 omnia
343 382 491 420 patiuntur,
503 379 584 408 veluti
598 379 644 417 qui
660 389 710 407 non
725 379 777 406 siut
793 378 819 406 111
835 378 929 416 patria.
944 378 977 406 Et

239 438 298 455 cum
310 427 456 454 auferretur
467 436 546 458 uxor,
557 425 607 453 1100
617 434 721 462 quoque
731 423 831 452 serebat
841 430 977 461 tamquam

239 472 393 511 peregrinus
415 483 420 499 :
443 482 501 510 qum
524 481 637 509 superna
662 477 751 498 autem
777 476 839 498 sunt
865 469 977 498 curabat

239 520 327 548 onmia
339 541 346 553 ‚
368 518 525 547 modestiam
549 517 687 545 ostendens
698 539 704 548 ,
720 517 936 554 honestatemque
951 524 977 545 et

238 564 419 593 urnuimodam
442 562 651 602 temperantiam.
670 563 738 590 Nam
754 568 895 600 postquam
912 572 975 601 pro-

238 611 337 639 creavit
352 610 449 641 11110111,
466 620 517 637 nou
540 609 635 636 habuit
661 608 778 647 amplius
801 608 976 636 consuetudi-

238 668 297 685 nem
319 667 379 685 011111
401 666 501 684 uxore:
521 662 621 683 etcum
643 654 811 693 praeteriisset
835 654 912 692 vigor
933 655 976 694 ju·

238 702 371 736 renuitis,
387 709 448 730 tunc
463 711 520 729 cam
535 700 632 735 duxit,
652 699 791 728 ostendens
805 709 833 728 se
850 710 902 728 non
916 710 977 739 pro-

238 755 296 786 pter
308 747 446 775 libidinem
459 747 508 775 1100
521 746 617 781 facere,
631 745 677 773 sed
692 752 722 773 ut
738 745 788 774 Dei
805 745 976 784 promissioni
994 747 1012 769 D

237 794 355 822 serviret.
371 789 444 828 'Quid
458 804 520 821 vero
532 792 731 822 Jacob?annon
740 792 874 830 quaerebat
889 793 976 821 solum

236 850 330 878 panem
343 846 367 867 et
380 846 480 868 vestem
489 861 496 875 ,
517 849 576 876 quae
587 838 666 877 plane
679 844 741 867 sunt
753 838 892 877 hospitum
903 838 977 867 desi-

235 885 307 913 deria
319 885 367 923 qui
383 885 415 913 ad
431 893 575 913 extremam
591 883 755 913 devenerunt
769 884 976 923 paupertatem?

236 941 322 959 annon
347 931 441 970 pulsus
463 930 574 959 cedebat
593 937 731 968 tamquam
754 929 873 969 hospes?
889 940 974 958 annon

235 984 290 1005 crat
300 976 498 1005 mercenarius?
507 986 593 1004 annon
603 975 809 1004 innumerabilia
824 975 976 1014 patiebatur

236 1023 316 1057 mala,
333 1023 432 1061 ubique
452 1022 611 1050 circumiens
627 1028 763 1059 tamquam
778 1020 894 1059 hospes?
910 1021 975 1049 Haec

234 1075 323 1096 autem
347 1068 496 1107 patientes,
517 1066 689 1095 ostendebant
705 1076 732 1094 se
753 1066 834 1094 aliam
856 1076 975 1103 qurerere

235 1114 358 1154 patriam.
383 1116 476 1153 Papae,
495 1120 594 1152 quanta
620 1111 788 1141 differentia!
801 1111 841 1139 illi
862 1111 972 1149 quidem
982 1138 1017 1156 222

234 1161 353 1198 quotidie
365 1160 559 1199 parturiebant,
572 1159 690 1188 volentes
705 1158 766 1186 hinc
787 1157 934 1192 discedere,
948 1165 974 1186 et
991 1167 1007 1187 A

234 1207 320 1235 redire
333 1206 367 1235 ad
379 1216 455 1234 suam
469 1205 584 1244 patriam
598 1216 604 1231 :
618 1215 665 1233 nos
679 1210 767 1232 autem
782 1210 883 1239 contra,
898 1203 920 1231 si
936 1204 972 1232 fc-

234 1253 290 1281 bris
304 1253 422 1288 irruerit,
434 1251 558 1279 omuibus
571 1250 700 1284 dimissis,
713 1256 850 1287 tamquam
864 1250 971 1288 parvuli

234 1299 346 1326 infantes
371 1296 533 1335 plorabundi
553 1303 665 1324 mortem
692 1295 904 1334 pertimescimus
922 1307 927 1322 ε
946 1302 971 1323 01

235 1343 330 1371 11101110
346 1343 424 1371 nobis
435 1342 485 1370 1100
496 1342 680 1370 accidit.·Nam
696 1341 823 1378 quoniam
838 1351 890 1369 non
905 1347 973 1369 tam-

235 1399 315 1426 quam
330 1388 446 1427 hospites
467 1388 511 1416 1110
525 1387 657 1425 degimus,
671 1394 696 1414 et
716 1397 767 1414 non
786 1393 925 1424 tamquam
938 1386 973 1414 ad

236 1435 349 1473 patriam
362 1434 526 1467 festinamus,
541 1433 587 1461 sed
603 1440 738 1470 tamquam
754 1438 844 1460 euntes
859 1431 892 1460 ad
909 1442 973 1470 sup-

235 1480 346 1518 plicium
360 1491 365 1507 ι
378 1486 514 1518 propterca
535 1479 672 1512 dolemus,
694 1477 765 1515 quod
784 1477 864 1506 rebus
878 1487 929 1505 non
946 1483 974 1504 ut

235 1526 352 1564 oportuit
368 1525 408 1553 usi
422 1526 505 1553 simus
517 1547 524 1561 ,
539 1525 585 1553 sed
599 1524 720 1552 ordinem
734 1524 878 1552 evertimus
894 1535 899 1550 :
914 1534 974 1562 pro-

238 1579 325 1610 pterea
338 1571 441 1606 flemus,
456 1581 516 1599 cum
538 1570 655 1608 gaudere
673 1576 823 1608 oporteret;
838 1577 975 1608 propterea

237 1618 375 1645 horremus
387 1617 455 1645 sicut
470 1616 610 1645 homiridae
621 1638 627 1646 ,
639 1616 708 1644 sicut
717 1615 874 1654 praedonum
883 1616 974 1650 duces,

269 1705 278 1715 2
300 1696 306 1729 [
322 1698 349 1720 A.
362 1697 388 1719 R.
402 1695 524 1721 Coinmel,
539 1702 563 1720 01
577 1703 655 1727 marg.
671 1695 731 1719 Sav.
748 1700 819 1721 τκίτκ
829 1697 859 1721 δὲ,
875 1699 945 1729 φησὶν,
961 1700 1022 1728 εἰς-μ,

1013 182 1167 206 auctum&

1197 182 1464 206 CONSTANTINOP-

1033 254 1121 279 μενος,
1137 244 1328 281 πολεμούμενος
1341 240 1392 272 εἷκε
1410 245 1454 272 καὶ
1467 246 1628 284 παρεχώρει,
1643 247 1686 275 its
1698 248 1722 275 ἐν
1739 246 1797 280 ξέντ,

1032 288 1082 315 ὤν·
1105 291 1127 317 οἱ
1143 288 1192 328 γὰρ
1204 289 1283 323 ξένοι,
1299 289 1347 317 ὅσοι
1363 290 1392 317 ἂν
1403 290 1521 324 πάθωσι,
1540 291 1672 328 φέρουσιν,
1690 293 1735 320 ἅτε
1749 294 1796 320 οὐκ

1030 335 1100 367 ὄντες
1115 337 1141 364 ἐν
1153 335 1269 374 πατρίδι.
1285 335 1390 369 Καὶτῆς
1400 336 1521 373 γυναικὸς
1528 337 1720 374 ἀφαιρουμένης
1729 360 1736 372 ,
1752 338 1797 366 καὶ

1030 383 1106 409 τοῦτο
1117 381 1214 420 ἔφερεν,
1232 381 1276 409 ἅτε
1287 381 1355 414 ξένος
1363 393 1368 398 ·
1380 381 1413 409 τὰ
1425 381 1451 409 δὲ
1464 381 1517 410 ἄνω
1529 375 1615 409 πάντα
1626 382 1798 417 ἐπολιτεύετο,

1031 426 1209 465 σωφροσύνην,
1235 426 1398 464 κοσμιότητα
1411 426 1618 464 ἐπιδεικνύμενος
1629 431 1726 455 πᾶσαν.
1744 427 1798 455 Καὶ

1030 470 1080 509 γὰρ
1093 471 1161 508 μετὰ
1181 471 1210 500 τὸ
1224 472 1414 505 παιδοποιῆσαι
1426 493 1433 506 ,
1459 471 1546 500 οὐκέτι
1567 471 1686 509 ὡμίλησε
1699 474 1731 508 τῇ
1746 484 1797 510 γυ-

1031 516 1112 544 “mixi'‘
1129 517 1173 545 καὶ
1187 517 1365 555 παρελθούσης
1380 517 1406 546 δὲ
1424 520 1470 552 τῆς
1485 519 1571 554 ἀκμῆς
1593 519 1639 552 τῆς
1663 518 1796 553 νεότητος,

1030 562 1090 590 τότε
1105 561 1186 597 αὐτὴν
1205 563 1335 601 ἠγάγετο,
1365 562 1465 594 δεικνὺς
1489 564 1529 592 ὅτι
1549 565 1577 592 οὔ
1596 564 1693 596 πάθους
1709 563 1800 592 ἕνεκεν

1030 611 1105 636 τοῦτο
1124 608 1206 636 ἐποίει
1219 631 1225 643 ,
1242 608 1310 637 ἀλλὰ
1320 608 1530 647 ὑπηρετούμενος
1543 611 1574 647 τῇ
1597 608 1739 647 ἐπαγγελίᾳ
1751 612 1798 638 τοῦ

1029 655 1110 682 Θεοῦ.
1125 653 1160 682 Τί
1176 653 1203 682 δὲ
1217 655 1230 682 ὁ
1241 653 1356 690 'lam-'165
1370 654 1430 693 οὐχὶ
1454 654 1531 692 ἄρτον
1543 653 1628 688 ἐζήτει
1656 654 1734 692 μόνον
1751 655 1796 683 καὶ

1030 698 1149 735 ἱμάτιον,
1172 699 1188 727 ἃ
1200 699 1276 732 ξένων
1292 699 1361 728 ἐστὶν
1377 700 1455 731 ὄντως
1478 699 1613 737 αἰτήματα
1627 701 1680 728 τῶν
1695 701 1732 733 εἷς
1746 712 1795 728 πε-

1029 744 1085 772 νίαν
1108 745 1232 773 ἐλθόντων
1254 745 1370 780 πολλήνς
1387 746 1446 784 οὐχὶ
1462 745 1634 783 ἐλαυνόμενος
1650 745 1796 785 ἀνεχώρει,

1028 790 1147 829 καθάπερ
1163 790 1246 826 ξένοςς
1260 791 1318 830 οὐχὶ
1344 792 1478 827 ἐθήτευεν;
1501 791 1560 830 οὐχὶ
1589 791 1669 830 μυρία
1692 792 1795 831 ἔπασχε

1030 836 1116 872 δεινὰ,
1132 837 1241 877 περιιὼν
1256 841 1392 876 πανταχοῦ
1408 838 1527 877 καθάπερ
1542 838 1610 871 ξένος
1620 850 1627 872 ;
1639 839 1751 866 ”suffitu
1767 839 1795 867 δὲ

1029 883 1175 922 ποία-[οντες
1189 883 1289 923 ἔφερον,
1305 884 1448 916 δεικνύντες
1461 883 1501 911 ὅτι
1516 883 1630 922 πατρίδα
1655 884 1797 918 ἐπιζητοῦ-

1028 943 1068 959 σιν
1086 932 1184 971 ἑτέραν.
1202 931 1302 967 Bagai,
1317 931 1387 966 πόση
1402 932 1526 971 διαφορά·
1539 933 1632 960 ἐκεῖνοι
1643 930 1689 969 μὲν
1703 930 1795 960 ὤδινον

1028 979 1085 1005 καθ’
1102 977 1214 1013 ἑκάστην
1233 977 1347 1016 ἡμέραν,
1367 978 1554 1015 ἀπαλλαγῆναι
1577 977 1730 1015 βουλόμενοι
1756 978 1796 1005 ἐν-

1027 1025 1112 1051 τεῦθεν
1123 1045 1130 1059 ,
1150 1024 1194 1051 καὶ
1217 1024 1282 1062 πρὸς
1305 1023 1352 1058 τὴν
1378 1024 1462 1052 αὐτῶν
1489 1023 1604 1062 πατρίδα
1627 1023 1776 1052 ἐπανελθεῖν
1788 1035 1794 1040 ·

1026 1071 1103 1105 ἡμεῖς
1115 1068 1142 1098 δὲ
1161 1069 1310 1097 τούναντίον
1321 1080 1326 1086 ·
1339 1068 1370 1096 ἂν
1383 1068 1434 1107 γὰρ
1449 1068 1558 1107 πυρετὸς
1571 1067 1674 1106 ἐμπέσῃ
1684 1089 1691 1102 ,
1706 1068 1794 1096 πάντα

1027 1113 1146 1152 ἀφέντες,
1161 1116 1279 1152 καθάπερ
1294 1114 1327 1142 τὰ
1341 1114 1435 1143 παιδία
1448 1114 1480 1143 τὰ
1493 1113 1575 1152 μικρὰ
1586 1137 1593 1149 ,
1605 1113 1639 1142 τὰ
1657 1115 1793 1151 κλαυθμυ·

1027 1160 1148 1198 ριζόμενα
1159 1183 1166 1196 ,
1179 1161 1221 1189 τὸν
1237 1163 1347 1189 Θάνατον
1363 1161 1515 1198 δεδοίκαμεν
1525 1172 1530 1177 ·
1546 1160 1591 1189 καὶ
1601 1160 1708 1192 εἰκότως
1717 1163 1794 1189 τοῦτο

1025 1206 1172 1245 πάσχομεν.
1185 1206 1295 1241 Ἐπειδὴ
1310 1206 1361 1244 γὰρ
1377 1207 1426 1244 οὐχ
1436 1208 1470 1237 ὡς
1483 1205 1549 1238 ξένοι
1564 1205 1689 1242 διάγομεν
1703 1207 1794 1234 ἐνταῦ-

1027 1254 1058 1279 Οα
1068 1273 1075 1286 ‚
1088 1252 1145 1280 οὐδὲ
1158 1253 1193 1284 ὡς
1204 1251 1246 1280 ἐπὶ
1260 1251 1376 1289 πατρίδα
1389 1250 1546 1288 σπεύδομεν,
1564 1251 1623 1278 ἀλλ’
1639 1252 1674 1282 ὡς
1690 1250 1734 1279 ἐπὶ
1749 1251 1795 1279 κό-

1025 1298 1101 1325 λασιν
1117 1297 1236 1328 ἀπιόντες
1249 1296 1341 1333 ἐσμὲν,
1364 1296 1407 1324 διὰ
1421 1299 1499 1324 τοῦτο
1521 1297 1662 1334 ἇλγοῧμεν,
1685 1295 1726 1324 ὅτι
1741 1301 1795 1328 τοῖς

1026 1343 1178 1381 πράγμασιν
1191 1344 1237 1370 οὐκ
1251 1342 1422 1381 ἐχρησάμεθα
1438 1343 1474 1374 εἷς
1489 1341 1554 1378 δέον,
1573 1341 1642 1371 ἀλλὰ
1659 1341 1708 1377 τὴν
1721 1341 1795 1375 τάξιν

1027 1388 1253 1427 ἀπεστρέψαμεν·
1275 1388 1317 1416 διὰ
1340 1391 1416 1417 τοῦτο
1437 1388 1600 1428 ὀδυρόμεθα,
1623 1387 1667 1416 ὅτε
1691 1387 1795 1427 χαίρειν

1028 1435 1107 1472 ε’χρῆν
1119 1456 1126 1469 ,
1143 1434 1186 1461 διὰ
1201 1437 1277 1462 τοῦτο
1291 1434 1432 1472 φρίττομεν
1443 1456 1450 1469 ,
1477 1433 1596 1472 καθάπερ
1617 1433 1685 1466 τινὲς
1701 1434 1797 1473 ἀνδρο-

1028 1480 1099 1518 φόνοι
1113 1479 1158 1508 καὶ
1167 1479 1312 1518 λῇσταρχοι
1321 1502 1328 1515 ,
1340 1480 1476 1517 μέλλοντες
1488 1478 1650 1518 δικαστηρίῳ
1659 1478 1796 1518 παρίστα-

1030 1528 1103 1561 σθαι,
1118 1526 1163 1554 καὶ
1179 1525 1266 1554 πάντα
1276 1525 1437 1563 λογιζόμενοι
1452 1525 1520 1565 ἅπερ
1534 1525 1660 1565 ἔπραξαν,
1684 1524 1730 1554 καὶ
1753 1524 1796 1553 διὰ

1029 1574 1105 1599 τοῦτο
1130 1571 1272 1603 δεδοικότες
1286 1571 1331 1599 καὶ
1352 1571 1499 1610 τρέμοντες.
1533 1570 1604 1600 Ἀλλ’
1629 1571 1796 1604 οὗκ.ἐκεῖνοι

1031 1620 1157 1649 τοιοῦτοι,
1170 1619 1227 1646 ἀλλ’
1243 1617 1383 1654 ἠπείγοντο
1393 1630 1398 1634 ·
1415 1620 1428 1646 ὃ
1439 1617 1465 1646 δὲ
1485 1618 1589 1650 Παῦλος
1607 1618 1652 1646 καὶ
1667 1615 1795 1649 ἐστέναξε.

1025 1709 1035 1722 υ
1049 1703 1087 1727 τὴν
1100 1700 1198 1732 πατρέὃκ
1212 1702 1317 1729 ζητςῦτες
1329 1703 1368 1728 τὴν
1379 1701 1469 1725 ἑαυτῶν
1483 1698 1514 1722 Et
1527 1699 1562 1722 sic
1574 1698 1695 1729 Nullan-J

652 1787 827 1817 ML‘TlANo
850 1787 1105 1817 SCHOLASTICO
1127 1786 1379 1817 INTERPRETE.

239 1875 392 1897 exterorum
405 1867 525 1896 omnium
536 1889 542 1901 ,
561 1876 618 1904 quae
632 1866 658 1894 in
673 1865 724 1894 1100
739 1865 840 1895 mundo
857 1873 926 1895 sunt.
942 1867 1027 1895 Filius
1043 1866 1122 1895 etiam
1136 1867 1192 1905 ejus
1211 1866 1271 1895 talis
1283 1873 1338 1894 erat
1351 1877 1357 1893 z
1370 1865 1565 1904 exagitabatur,
1581 1867 1797 1906 persequutiones

238 1914 398 1954 patiebatur,
410 1912 605 1945 debellabatur,
618 1918 644 1940 et
657 1911 768 1939 cedebat
780 1918 805 1940 et
818 1911 1023 1950 obsequebatur,
1038 1918 1066 1940 ut
1081 1911 1108 1940 in
1119 1911 1266 1951 peregrinis
1283 1912 1450 1940 constitutus.
1464 1912 1600 1950 Peregrini
1614 1912 1714 1952 quippe
1723 1922 1798 1951 (1010-

239 1972 352 2000 cumque
366 1960 505 2000 patiuntur
515 1959 637 1995 tolerant,
649 1965 741 1997 utpote
754 1959 800 1997 qui
812 1959 840 1987 iu
854 1959 941 1998 patria
952 1969 1004 1987 non
1018 1965 1090 1987 sunt.
1100 1959 1137 1987 Et
1152 1969 1234 1987 uxore
1249 1959 1347 1995 ablata,
1361 1959 1447 1988 011100
1461 1959 1593 1993 toleravit,
1603 1965 1696 1998 utpote
1708 1959 1734 1988 in
1747 1970 1797 1999 pe-

239 2008 360 2047 regrinis.
378 2007 476 2036 Omnia
491 2017 563 2043 vero,
574 2017 633 2045 quae
648 2005 767 2044 gerebat,
781 2007 815 2035 ad
828 2017 973 2046 supernam
988 2006 1102 2045 patriam
1116 2006 1299 2045 pertinebant,
1310 2005 1486 2045 pudicitiam,
1503 2006 1668 2034 honestatem
1681 2006 1797 2035 demon-

239 2063 333 2085 straus,
346 2054 454 2084 Etenim
469 2061 609 2093 postquam
624 2053 795 2092 desponsavit
809 2077 816 2089 ‚
830 2064 881 2082 non
896 2061 935 2082 est
952 2059 1123 2082 conversatus
1137 2064 1197 2082 011111
1212 2053 1258 2081 1113
1273 2053 1400 2088 10011010,
1415 2051 1461 2080 scd
1481 2058 1633 2081 transeunte
1644 2052 1737 2091 vigore
1751 2054 1796 2093 ju-

238 2102 364 2139 ventutis,
379 2109 443 2130 tunc
460 2111 518 2129 eam
532 2100 633 2140 accepit
649 2112 654 2127 :
673 2100 811 2129 ostendens
837 2101 964 2139 quon-iam
976 2110 1028 2129 non
1044 2100 1166 2128 libidinis
1179 2110 1258 2128 causa
1270 2100 1322 2128 hoc
1338 2099 1398 2127 fecit
1409 2120 1416 2132 ‚
1432 2098 1478 2127 sed
1498 2099 1652 2128 ministrans
1666 2107 1691 2128 et
1703 2099 1797 2129 deser—

240 2151 315 2178 viens
338 2148 508 2188 promissioni
533 2147 643 2176 divinae.
665 2147 740 2182 Quid
765 2155 853 2176 autem
868 2147 974 2177 Jacob?
987 2157 1073 2176 nonne
1093 2157 1186 2186 panem
1202 2153 1305 2175 tantum
1324 2146 1459 2184 quaerebat
1477 2152 1502 2174 et
1516 2145 1722 2184 vestimentum,
1737 2158 1797 2186 (1οω

241 2196 371 2234 pertinent
385 2194 419 2223 ad
433 2193 585 2234 peregrinos
594 2216 601 2229 ‚
618 2193 662 2231 qui
679 2193 706 2221 in
721 2200 905 2233 paupertatem
919 2193 1065 2222 deveniunt
1083 2193 1196 2222 multam
1206 2193 1220 2220 9
1234 2203 1320 2221 nonne
1334 2192 1567 2232 persequutionem
1581 2192 1685 2232 patiens
1696 2193 1798 2223 disces-

241 2241 284 2275 sit,
295 2241 363 2270 sicut
378 2240 553 2280 peregrinus?
566 2250 652 2268 nonne
668 2240 847 2269 mercenarius
862 2240 939 2268 erat?
952 2250 1039 2268 nonne
1052 2239 1143 2268 decem
1159 2239 1242 2268 millia
1258 2239 1357 2277 ubique
1372 2239 1524 2278 patiebatur
1541 2239 1627 2276 mala,
1639 2239 1708 2268 sicut
1722 2251 1799 2280 pere-

241 2288 332 2327 grini?
347 2288 411 2317 Haec
426 2295 523 2322 autem,
538 2287 639 2326 inquit,
653 2287 776 2316 dicebant
792 2288 907 2326 patriam
922 2294 1078 2326 qurerentes.
1095 2288 1119 2316 Ο
1133 2294 1231 2326 quanta
1245 2286 1411 2316 differentia!
1426 2286 1465 2315 illi
1483 2286 1592 2325 quidem
1612 2287 1799 2326 parturiebant

243 2345 288 2373 per
300 2335 420 2373 singulos
433 2334 490 2362 dies
499 2356 507 2371 ‚
525 2333 632 2362 liberari
648 2333 766 2362 volentes
777 2333 811 2362 de
822 2334 872 2362 hac
888 2334 942 2362 vita
956 2341 981 2362 et
1006 2333 1041 2362 ad
1057 2344 1133 2362 suam
1148 2334 1263 2373 patriam
1278 2343 1413 2362 remeare:
1425 2342 1472 2361 nos
1488 2339 1578 2361 autem
1601 2339 1705 2361 econtra
1727 2333 1797 2362 faci-

243 2392 300 2409 mus
313 2393 319 2409 :
333 2382 355 2409 si
370 2381 451 2409 febris
464 2380 582 2416 accedat,
593 2380 680 2408 omnia
693 2380 881 2418 relinquimus,
897 2380 965 2409 sicut
978 2381 1083 2419 pueruli
1097 2380 1246 2420 planctuosi
1262 2387 1375 2408 mortem
1387 2379 1520 2408 timemus.
1534 2378 1570 2407 Et
1584 2379 1678 2407 merito
1688 2379 1740 2408 hoc
1750 2391 1799 2419 pa-

243 2426 324 2454 timur
337 2438 342 2452 :
355 2426 429 2464 quasi
445 2425 573 2465 peregrini
589 2435 777 2454 conversamur
790 2425 816 2454 in
830 2426 880 2454 hac
895 2427 961 2460 vita,
979 2433 1004 2454 et
1024 2437 1076 2455 non
1097 2426 1178 2454 veluti
1200 2426 1246 2464 qui
1266 2426 1393 2455 festinant
1404 2425 1439 2454 ad
1452 2425 1582 2465 patriam,
1599 2424 1647 2453 sed
1665 2425 1752 2455 veluti
1762 2426 1800 2455 ad

242 2483 331 2511 poenas
345 2473 418 2501 ituri.
435 2474 577 2512 Propterea
591 2473 714 2502 dolemus
728 2480 753 2502 et
767 2473 902 2508 timemus,
917 2474 1043 2512 quoniam
1059 2474 1116 2503 istis
1131 2474 1210 2502 rebus
1227 2483 1277 2502 non
1292 2484 1384 2501 sumus
1398 2473 1439 2501 1151
1454 2473 1522 2501 51001
1535 2478 1654 2511 oportet,
1672 2472 1718 2501 sed
1735 2483 1799 2512 pcr-

242 2519 370 2547 vertixnus
381 2519 498 2547 ordinem
517 2532 522 2546 :
539 2526 677 2559 propterca
693 2520 869 2549 lamentamur
879 2544 885 2554 ,
895 2520 1001 2558 quando
1014 2521 1100 2558 magis
1115 2520 1232 2559 gaudere
1247 2531 1294 2549 nos
1308 2519 1445 2559 oportebat
1457 2531 1462 2546 :
1476 2518 1575 2548 idcirco
1586 2519 1798 2558 pertimescimus

243 2564 323 2592 veluti
337 2565 477 2594 homicida·
491 2566 601 2603 quidam
619 2574 643 2594 01
660 2566 739 2596 duces
754 2567 898 2605 latronum,
915 2578 973 2595 011111
988 2567 1150 2606 perducendi
1171 2574 1229 2595 sunt
1247 2567 1280 2595 nal
1297 2566 1424 2604 tribunal,
1442 2573 1465 2594 ct
1478 2565 1566 2594 omnia
1586 2566 1654 2594 mala
1675 2566 1797 2595 conside-
