1906 2846
782 300 972 363 PRAE
987 300 1032 362 F
1042 294 1258 363 ATIO

546 470 592 504 ΙΝ
621 467 831 503 ECLOGAS
857 469 920 502 ET
947 442 1220 502 t‘LORILEG1A
1248 465 1524 511 SEQUENTIA.

977 595 1077 611 ³002»

289 718 363 756 Smpe
377 716 494 745 vidimus
505 721 624 744 orantem
636 714 858 753 Chrysostomum
870 736 876 749 ‚
893 720 965 751 grata
982 713 1114 741 concionis
1128 712 1374 741 admurmuratione
1387 719 1529 752 exceptum
1539 718 1563 741 et
1574 712 1703 751 frequenti
1718 712 1800 752 plau-

250 776 290 799 su,
303 775 363 792 cum
380 763 497 791 maxime
511 761 613 799 aliquid
630 761 806 800 improvisum
823 767 848 789 et
862 760 1031 799 inopinatum
1046 760 1079 788 ad
1092 770 1178 788 mores
1193 759 1368 788 instituendos
1381 760 1519 799 proferret.
1537 761 1591 788 Nec
1601 759 1690 788 minus
1701 759 1803 799 placuit

250 819 307 850 post
320 811 403 839 sancti
419 810 471 837 viri
488 809 591 837 obitum
607 807 739 847 ejusmodi
756 808 899 847 disciplina
913 807 1073 846 legentibus,
1089 807 1259 846 maximeque
1276 807 1309 836 iis
1325 807 1369 846 qui
1385 807 1560 836 concionandi
1579 817 1687 836 munere
1703 807 1803 846 funge-

249 860 356 887 bantur.
375 857 492 896 Indeque
503 857 612 891 sactum,
629 863 658 884 ut
673 855 784 894 quidam
799 866 889 895 sparsa
908 855 934 883 in
950 854 1063 883 diversis
1078 854 1197 883 homiliis
1211 854 1267 883 loca
1278 878 1285 889 ,
1305 855 1375 883 idem
1391 861 1578 893 argumentum
1596 854 1741 893 spectantia
1755 876 1762 889 ,
1775 853 1803 882 in

250 917 331 934 unum
344 905 509 943 colligerent,
522 910 545 931 et
559 913 608 942 pro
624 903 724 930 ratione
739 902 855 930 materiae
871 901 994 930 homilias
1009 901 1118 937 multas,
1137 912 1202 939 quas
1223 901 1333 940 ἐκλογὰς
1347 901 1488 938 vocabant,
1504 901 1692 929 concinnarent
1709 911 1740 928 ac
1750 899 1802 928 de·-

249 953 403 981 scriberent.
417 951 446 980 ld
460 958 528 979 certe
539 951 622 990 probe
636 950 744 985 scimus,
759 960 815 977 rem
831 959 925 988 nempe
936 949 972 977 ita
983 949 1084 977 Graecis
1098 949 1237 988 probatam
1251 949 1342 984 fuisse,
1361 955 1389 977 ut
1402 949 1539 977 innumera
1552 949 1704 987 eclogarum
1714 958 1803 976 exem-

250 1001 333 1039 plaria
347 999 540 1028 adornarentur
550 1020 556 1032 ‚
571 1004 595 1025 et
611 997 637 1025 in
652 997 712 1025 aula
727 1007 832 1034 quoque
847 997 1041 1036 Imperatorum
1057 996 1083 1024 in
1097 997 1182 1035 pretio
1194 996 1366 1025 haberentur.
1381 996 1488 1025 Visitur
1507 996 1576 1024 enim
1593 996 1620 1024 in
1635 994 1803 1024 Bibliotheca

250 1047 410 1076 Coisliniana
434 1045 526 1074 Codex
541 1044 764 1083 elegantissimus,
789 1054 862 1072 num.
878 1043 1013 1078 LXXIX,
1026 1044 1101 1082 cujus
1115 1051 1140 1072 et
1155 1043 1338 1083 inscriptiones
1350 1051 1372 1072 et
1389 1043 1503 1072 initiales
1523 1043 1605 1071 literae
1617 1053 1703 1071 aureae
1714 1048 1776 1070 sunt
1793 1052 1800 1068 t

249 1095 271 1122 is
284 1101 371 1122 autem
386 1093 526 1121 undecimo
539 1091 634 1120 saeculo
645 1097 780 1127 exaratus,
793 1091 819 1118 in
832 1101 880 1118 usu
892 1091 942 1118 fuit
956 1090 1107 1129 Nicephoro
1118 1090 1262 1118 Botaniatae
1273 1090 1442 1129 Imperatori,
1457 1089 1502 1128 qui
1520 1089 1547 1117 iu
1561 1096 1674 1128 quatuor
1688 1088 1803 1128 depictis

248 1141 348 1170 tabulis
362 1146 567 1179 repraesentatur
581 1138 669 1167 initio.

290 1189 320 1216 In
332 1188 419 1227 prima
431 1186 521 1214 tabula
533 1187 682 1224 Imperator
698 1191 839 1213 coronatus
852 1191 877 1212 ct
892 1184 918 1212 in
934 1185 999 1213 solio
1015 1184 1119 1222 sedens,
1137 1185 1234 1214 Saham
1250 1185 1409 1214 monachum
1424 1185 1548 1213 lectorem
1561 1184 1653 1218 audit,
1669 1183 1716 1221 qui
1729 1183 1803 1212 haud

247 1236 329 1264 dubie
341 1235 388 1262 has
400 1245 434 1263 ex
450 1234 640 1272 Chrysostomo
651 1239 789 1271 excerptas
802 1232 906 1270 eclogas
921 1232 996 1271 legit.
1012 1233 1043 1261 In
1058 1233 1172 1261 secunda
1185 1233 1275 1261 tabula
1291 1234 1438 1272 Imperator
1452 1238 1592 1260 coronatus
1606 1237 1658 1259 stat
1669 1237 1805 1270 sceptrum

251 1291 350 1314 tenens,
361 1289 385 1310 et
399 1293 413 1310 a
429 1281 542 1309 sinistris
557 1281 614 1319 ejus
629 1280 714 1308 Maria
727 1280 889 1319 Imperatrix
901 1287 968 1314 stat,
985 1287 1008 1308 et
1023 1281 1079 1319 ipsa
1094 1288 1228 1315 coronata,
1243 1287 1430 1319 sceptrumque
1444 1286 1528 1315 tenet;
1543 1278 1667 1307 Christus
1679 1289 1742 1307 vero
1756 1289 1804 1307 su-

252 1340 333 1369 perne
347 1329 485 1357 dexteram
508 1327 620 1366 imponit
635 1327 716 1366 capiti
732 1327 916 1366 Imperatoris,
939 1334 964 1355 et
979 1327 1113 1355 sinistram
1138 1328 1217 1366 capiti
1234 1327 1424 1365 Imperatr-icis,
1441 1326 1534 1354 ambos
1548 1336 1575 1354 se
1595 1325 1742 1364 patrocinio
1754 1325 1806 1354 'suo

251 1384 338 1415 tegere
352 1376 516 1414 significans.
541 1375 570 1402 In
589 1375 665 1402 tertia
689 1375 837 1412 Imperator
850 1374 877 1402 in
894 1374 960 1401 solio
980 1374 1083 1409 sedens,
1098 1375 1238 1402 veritatem
1250 1385 1264 1402 a
1279 1374 1393 1408 dextris,
1406 1373 1538 1413 justitiam
1553 1383 1568 1401 a
1582 1372 1705 1407 sinistris,
1724 1383 1805 1412 supra

251 1423 346 1451 solium
363 1427 544 1459 exsurgenteS,
556 1419 636 1447 habet
654 1431 658 1446 :
676 1419 786 1447 inferius
800 1429 863 1446 vero
876 1419 976 1457 positos
989 1426 1104 1456 quatuor
1116 1430 1149 1447 ex
1161 1419 1302 1459 praecipuis
1313 1419 1379 1447 aulae
1390 1419 1571 1458 Imperatoriae
1586 1418 1731 1455 ministris;
1746 1429 1805 1456 quae

250 1469 339 1497 onmia
356 1467 480 1507 pluribus
495 1466 662 1505 explicantur
684 1466 709 1493 in
726 1465 891 1493 Bibliotheca
911 1465 1073 1493 Coisliniana
1096 1466 1168 1505 typis
1184 1466 1255 1494 data.
1276 1467 1306 1494 In
1324 1472 1417 1503 quarta
1433 1465 1523 1494 tabula
1538 1466 1688 1504 Imperator
1704 1475 1805 1504 reprae-

251 1523 368 1544 sentatur
389 1515 460 1543 hunc
484 1514 583 1542 librum
599 1520 688 1541 tenens
698 1535 705 1546 ‚
721 1512 942 1551 Chrysostomum
956 1513 1056 1541 habens
1069 1524 1083 1541 a
1096 1514 1207 1550 dextris,
1222 1513 1344 1542 eumdem
1359 1514 1459 1542 librum
1475 1520 1632 1553 tangentem,
1644 1519 1669 1541 et
1682 1519 1804 1541 sanctum

251 1562 410 1591 Michaelem
427 1561 582 1589 Choniatem
600 1572 614 1588 a
630 1559 754 1587 sinistris.

292 1608 385 1637 Codex
399 1615 436 1636 est
451 1607 585 1635 undecimi
600 1606 707 1639 saeculi,
722 1612 751 1634 ut
763 1616 796 1634 ex
813 1606 966 1635 charactere
981 1607 1114 1643 arguitur.
1136 1608 1228 1645 Neque
1242 1614 1329 1636 tamen
1348 1607 1499 1646 Nicephoro
1513 1607 1659 1636 Botaniatae
1678 1613 1807 1636 exaratus

251 1656 312 1689 suit,
324 1655 369 1684 scd
384 1654 467 1688 alteri,
482 1654 527 1692 qui
543 1655 631 1693 ipsum
644 1660 822 1692 praecesserat,
838 1654 1007 1692 Imperatori.
1026 1655 1094 1682 Nam
1112 1655 1223 1693 picturae
1235 1655 1346 1694 priores,
1365 1666 1424 1693 quse
1439 1655 1466 1683 in
1481 1654 1586 1683 duobus
1600 1654 1672 1683 foliis
1683 1665 1716 1683 ex
1726 1661 1806 1683 utra-

251 1714 302 1741 que
317 1703 382 1730 facie
396 1701 508 1740 depictis
527 1707 612 1737 erant,
629 1700 724 1728 excisae
738 1700 812 1728 fuere
830 1713 835 1729 ς
852 1701 887 1728 ita
903 1707 932 1729 ut
954 1701 1054 1729 limbus
1066 1708 1136 1730 totus
1153 1702 1251 1741 prioris
1268 1702 1377 1740 pictura}
1392 1701 1558 1737 remanserit,
1576 1708 1600 1730 et
1614 1701 1673 1730 loco
1683 1701 1804 1741 priorum

253 1749 407 1776 tabellarum
417 1770 423 1779 ,
439 1758 498 1785 quae
516 1747 599 1775 alium
614 1748 805 1785 Imperatorem
819 1746 998 1783 exhibebant,
1021 1747 1062 1775 hae
1077 1758 1152 1776 novae
1169 1749 1314 1787 Nicephori
1329 1748 1475 1777 Botaniatae
1490 1748 1735 1787 agglutinarentur.
1749 1749 1806 1784 Qui

253 1795 418 1833 Nicephorus
433 1804 483 1821 non
501 1793 549 1821 diu
572 1793 717 1832 imperium
732 1793 830 1829 tenuit;
840 1803 902 1821 nam
916 1803 984 1821 anno
997 1794 1074 1823 1078
1084 1801 1233 1831 coronatus,
1248 1805 1316 1823 anno
1331 1794 1401 1823 1081
1425 1793 1561 1833 depositus
1575 1793 1638 1822 etin
1655 1794 1807 1823 monacho-

253 1852 311 1869 rum
329 1840 449 1869 ordinem
464 1839 587 1868 redactus
601 1846 647 1868 est.
865 1865 869 1867 .

294 1888 362 1916 Hinc
383 1887 474 1915 videas
496 1892 596 1924 quanto
613 1886 640 1914 in
659 1886 744 1924 pretio
768 1886 864 1925 eclogae
880 1887 935 1915 istae
950 1887 1021 1926 apud
1035 1888 1142 1916 Graecos
1154 1887 1252 1917 habitae
1269 1889 1376 1917 fuerint.
1395 1889 1537 1923 Caeterum,
1549 1894 1691 1927 postquam
1705 1888 1811 1927 priores

254 1935 356 1963 emissae
377 1934 492 1968 fuerant,
514 1932 573 1960 alite
591 1943 605 1960 a
622 1931 735 1961 diversis
751 1932 871 1971 adjectae,
888 1941 912 1962 et
927 1934 1020 1973 priscre
1036 1934 1088 1962 illae
1104 1934 1251 1963 immutatae
1266 1946 1333 1974 saepe
1345 1936 1429 1969 suere,
1446 1941 1530 1963 auctae
1542 1934 1680 1973 pluribus,
1693 1934 1810 1973 hincque

255 1990 351 2019 magna
368 1980 395 2008 in
410 1978 546 2007 codicibus
559 1978 673 2006 varietas
688 1979 813 2007 occurrit.
832 1980 890 2007 Non
906 1990 939 2007 ex
955 1980 1087 2018 germanis
1103 1980 1191 2008 solum
1211 1981 1321 2010 Joannis
1334 1980 1519 2020 Chrysostomi
1532 1980 1659 2019 operibus
1676 1979 1732 2009 haec
1747 1991 1809 2010 con—

257 2025 386 2053 sarcinata
401 2031 472 2057 sunt,
489 2023 535 2051 sed
553 2023 633 2051 etiam
648 2034 680 2051 ex
694 2023 754 2052 aliis
766 2034 826 2062 quae
840 2024 882 2052 vel
898 2024 966 2052 salso
981 2035 1076 2053 nomen
1090 2025 1275 2065 Chrysostomi
1297 2027 1498 2060 circumferunt,
1521 2026 1564 2054 vel
1579 2025 1648 2054 inter
1662 2026 1808 2055 admodum

257 2072 341 2101 dubia
356 2072 450 2100 merito
465 2071 633 2109 rejiciuntur.
649 2071 679 2099 In
696 2071 768 2099 hisce
781 2082 859 2110 porro
874 2071 972 2110 eclogis
990 2072 1105 2111 plurima
1116 2080 1177 2101 ante
1190 2073 1262 2102 dicta
1274 2081 1440 2113 repetuntur,
1457 2073 1484 2101 in
1497 2073 1605 2111 illisque
1620 2073 1736 2102 maxime
1751 2085 1810 2112 quac

258 2120 311 2148 luri
325 2118 464 2147 mandavit
476 2117 604 2153 Savilius,
619 2118 665 2155 qui
681 2119 772 2154 etiam,
791 2125 821 2147 ut
832 2118 888 2157 ipse
901 2119 1006 2155 fatetur,
1020 2119 1055 2147 ad
1068 2130 1193 2148 nauseam
1207 2131 1290 2159 usque
1303 2121 1361 2149 haec
1373 2120 1490 2157 undique
1504 2119 1623 2148 corrasit.
1640 2120 1813 2159 Quapropter

259 2177 302 2195 me
314 2165 360 2194 diu
375 2165 482 2193 haesisse
492 2164 584 2199 fateor,
600 2175 632 2192 an
646 2164 749 2203 eclogas
765 2165 825 2193 illas
837 2165 927 2193 darem
940 2172 969 2193 ut
985 2165 1011 2193 in
1025 2166 1182 2194 Morelliana
1197 2166 1328 2203 Editione,
1337 2166 1469 2195 habentur
1480 2167 1512 2194 51
1529 2176 1651 2203 numero,
1666 2167 1753 2196 missis
1765 2168 1813 2196 Sa-

260 2213 377 2247 vilianis,
390 2223 448 2250 qure
462 2212 500 2240 48
512 2222 652 2239 numerum
663 2212 808 2250 complent.
821 2213 933 2247 Verum,
946 2223 973 2240 re
988 2213 1119 2241 maturius
1131 2224 1271 2253 perpensa,
1286 2213 1437 2242 Sarilianas
1450 2213 1510 2241 illas
1525 2213 1629 2251 eclogas
1642 2224 1700 2251 quae
1712 2214 1739 2242 in
1750 2215 1814 2243 Mo-

217 2292 252 2309 lm
262 2260 373 2288 relliana
392 2268 445 2286 non
461 2265 630 2296 comparent,
648 2257 763 2296 adjicere
782 2259 869 2287 visum
885 2259 955 2296 suit,
973 2269 1004 2287 ne
1024 2260 1087 2297 quid
1106 2260 1132 2287 in
1148 2260 1200 2295 his,
1218 2260 1412 2298 qualecumque
1426 2259 1533 2288 tandem
1545 2259 1591 2296 sit,
1613 2259 1759 2289 desiderari
1774 2261 1815 2290 vi-

230 2305 238 2309 ”
260 2306 376 2334 deretur.

306 2354 372 2387 Quae
384 2353 411 2380 in
432 2351 590 2380 Morelliana
610 2350 735 2380 Editione
756 2358 864 2380 curante
886 2353 1018 2381 Frontone
1044 2353 1162 2388 Ducaeo,
1179 2353 1279 2382 emissae
1304 2360 1365 2381 sunt
1379 2354 1485 2391 eclogae,
1508 2363 1522 2381 a
1541 2352 1696 2381 Balthasare
1716 2353 1816 2383 Etzelio

262 2400 396 2428 Bremensi
411 2410 424 2427 c
439 2398 568 2427 Societate
595 2399 658 2427 Jesu
683 2399 754 2437 typis
785 2399 853 2427 datae
881 2400 985 2428 fuerant
1006 2401 1166 2438 Moguntiae,
1186 2411 1247 2428 cum
1274 2401 1489 2439 interpretatione
1511 2400 1607 2428 Latina
1621 2411 1680 2436 sua,
1697 2401 1816 2440 exceptis

260 2445 420 2484 quibusdam
443 2455 501 2482 quae
513 2456 526 2472 a
541 2444 668 2473 Matthaeo
703 2445 826 2474 Cromero
841 2452 866 2474 et
884 2457 899 2473 a
922 2446 1006 2474 Lcclio
1026 2446 1163 2475 Tifernate
1183 2457 1251 2475 cusae
1266 2453 1290 2475 et
1312 2447 1406 2475 Latine
1430 2456 1562 2475 conversae
1587 2447 1709 2483 fuerant,
1724 2454 1753 2476 ut
1767 2458 1814 2476 suo

260 2490 317 2520 loco
331 2491 507 2520 monebimus.
518 2491 621 2519 Harum
640 2491 791 2529 eclogarum
806 2492 1044 2521 consarcinatorem
1060 2493 1141 2522 fuisse
1162 2493 1256 2521 dicunt
1277 2493 1451 2521 Theodorum
1476 2492 1636 2531 Magistrum
1649 2515 1658 2530 ,
1671 2499 1701 2521 ut
1724 2493 1750 2521 in
1767 2504 1815 2522 co—

260 2539 318 2565 :licc
332 2539 462 2566 Vaticano
475 2538 570 2574 fertur,
584 2538 630 2575 qui
653 2538 732 2567 etiam
754 2539 914 2568 Thcodorus
926 2540 1115 2579 Daphnopatcs
1137 2540 1299 2576 vocabatur,
1312 2547 1340 2568 ut
1358 2540 1449 2568 rideas
1469 2539 1541 2578 apud
1555 2539 1726 2568 Lambecium
1748 2547 1773 2568 et
1788 2540 1813 2568 in

262 2585 459 2623 l’almographia
475 2591 563 2613 nostra
579 2585 672 2613 Graeca
687 2608 694 2621 ,
709 2596 768 2624 pag.
782 2587 828 2615 02.
847 2587 919 2615 Dicit
946 2594 1033 2615 autem
1049 2587 1164 2616 Etzelius
1180 2598 1207 2615 se
1221 2587 1268 2615 has
1291 2587 1394 2624 eclogas
1416 2587 1550 2625 excepisse
1568 2596 1601 2614 ex
1615 2585 1703 2614 codice
1715 2597 1811 2625 pervc—
