1906 2846
270 174 338 207 396
591 185 618 206 S.

269 258 332 276 osse.
349 247 383 275 Et
398 247 455 275 aliae
468 244 576 283 quidem
593 243 689 271 fiebant
706 253 735 270 co
750 241 934 280 permittente,
948 241 1004 269 brec
1023 252 1040 273 (j

267 301 354 322 autem
367 293 444 321 ctiam
459 291 578 329 jubente.
593 289 622 317 Si
634 298 696 326 ergo
719 287 786 316 adeo
799 288 925 326 probatos
945 287 1006 315 effi-

268 338 340 366 ciunt
359 336 511 365 tentationes
522 357 529 371 ,
546 341 575 362 ut
587 333 689 362 etiamsi
704 343 756 361 non
771 332 805 361 sit
817 342 895 361 causa
905 355 914 367 ‚
931 333 1004 361 Deus

265 394 326 411 suos
349 388 467 410 cxci-cent
490 380 621 414 athletas,
640 379 724 407 inulto
745 379 830 416 magis
847 388 894 406 nos
916 378 1004 406 omnia

264 434 367 465 oporiet
382 427 449 454 serre
463 425 574 453 sortiter.
589 426 657 453 Cum
670 434 767 462 magna
781 430 870 452 autem
883 423 1004 463 emphasi

265 473 308 501 liic
322 472 408 508 dixit,
423 473 498 500 Fide
509 472 612 500 obtulit
627 473 731 504 Isaac,
743 480 809 498 cum
825 476 1001 498 lentaretur:

264 521 338 549 nulla
359 520 428 548 enim
445 526 501 548 crat
516 519 567 547 alia
583 518 713 547 offerendi
737 528 816 546 causa
836 528 919 555 quam
936 517 1002 546 haec.

265 566 368 595 Deinde
383 566 537 594 sententiani
553 564 733 603 persequitur.
753 564 813 592 Non
827 570 946 602 poterat,
963 566 1003 591 in-

264 612 322 649 quit
331 634 339 649 ,
352 611 486 650 quispiam
501 610 591 639 dicere
604 608 674 647 quod
685 609 769 637 alium
781 608 889 637 haberet
903 608 1001 643 filium,

649 183 684 205 JO
694 183 787 204 XNNlS
817 182 997 204 ctim'sos'r.
1030 183 1046 203 A

264 665 288 686 ct
304 664 467 696 exspectaret
482 657 536 685 sore
556 663 585 684 ut
604 666 638 684 cx
657 655 703 684 illo
719 655 874 694 impleretur
885 656 1003 694 promis-

262 703 301 732 sio
313 725 321 739 ,
335 710 359 731 et
376 703 434 731 ideo
455 701 619 730 confidenter
638 712 699 730 eum
714 701 851 730 obtulerit.
874 702 915 730 Et
937 703 1002 729 uni·

262 751 391 788 genitum
402 771 408 784 ,
422 748 631 786 iuquit,filium
643 748 800 786 offerebat,
813 749 864 786 qui
874 757 1002 786 suscepe-
1019 750 1038 773 D

262 802 308 824 rat
323 797 533 834 promissiones.
550 793 627 830 Quid
640 793 710 822 dicis
726 793 916 832 unigenitum?
935 793 1003 832 quid

262 852 326 870 vero
336 864 343 876 ‚
361 841 456 869 Ismael
476 839 612 868 undenam
633 847 689 868 erat
702 840 714 868 9
729 839 905 879 Unigenitum
919 839 980 868 dico
991 863 999 874 ,

262 887 348 926 inquit
362 910 368 923 ‚
386 886 458 925 quod
475 887 569 915 attinet
593 886 628 914 ad
651 886 781 915 rationem
796 886 980 925 promissionis
994 898 999 914 :

263 941 401 973 propterea
416 933 487 961 enim
502 943 563 961 cum
575 932 708 970 dixisset,
730 934 935 971 Unigenitum,
952 932 1002 961 ad—

262 979 348 1016 didit,
363 986 392 1007 ut
405 979 525 1008 ostendat
537 978 612 1017 ‘quod
629 986 739 1018 propter
750 979 823 1007 hunc
835 978 908 1007 dicat
925 991 931 1007 ι
951 979 1004 1008 Ad

263 1036 347 1065 quem
360 1027 470 1054 dictum
482 1032 523 1054 est
537 1037 547 1053 :
564 1027 600 1053 In
617 1027 704 1053 Isaac
715 1026 874 1053 ‘vocabitur
885 1026 938 1053 tibi
957 1035 1003 1053 se—

264 1082 342 1109 men,
356 1071 407 1099 hoc
418 1078 466 1108 est,
476 1082 509 1099 ex
524 1071 592 1110 ipso.
606 1070 691 1100 Vides
704 1069 838 1108 quomodo
854 1070 1003 1098 admiretur
1012 1088 1048 1107 229

265 1117 337 1156 quod
359 1118 459 1146 sactum
472 1124 510 1145 est
524 1127 538 1145 a
562 1116 736 1155 patriarcha?
751 1117 788 1144 In
802 1117 903 1150 Isaac,
921 1115 1001 1144 audi-
1022 1116 1041 1137 Α

264 1164 322 1199 vit,
339 1165 497 1192 vocabitur
511 1164 564 1191 tibi
585 1173 699 1197 semen,
724 1168 749 1190 et
771 1162 899 1190 offerebat
913 1162 1003 1190 filium

264 1209 388 1238 hostiam.
405 1208 509 1237 Deinde
523 1219 556 1237 ne
570 1208 736 1237 existimaret
758 1208 890 1247 quispiam
902 1230 910 1242 ,
929 1208 1002 1246 quod

265 1266 327 1283 cum
350 1254 513 1294 desperasset
538 1254 588 1283 hoc
615 1254 696 1290 facit,
711 1260 736 1282 et
753 1264 799 1293 per
825 1253 875 1282 hoc
897 1255 1003 1293 jussum

265 1301 341 1329 illam
355 1300 430 1339 ejecit
446 1299 526 1328 fidem
539 1322 546 1335 ,
561 1299 607 1328 sed
623 1300 737 1328 disceret
752 1299 825 1337 quod
845 1311 936 1329 revera
953 1300 1003 1328 hoc

265 1356 373 1384 quoque
382 1346 415 1374 sit
428 1345 500 1381 fidei,
512 1345 579 1374 dicit
589 1345 659 1383 quod
675 1345 749 1373 illam
765 1356 874 1383 quoque
888 1345 1003 1373 habebat

266 1391 347 1420 fidem
360 1414 366 1427 ,
381 1402 543 1429 quamquam
558 1402 618 1420 cum
634 1391 683 1419 hac
705 1390 841 1419 videretur
857 1401 979 1430 pugnare
992 1403 1000 1429 ς

267 1438 315 1467 sed
326 1449 377 1467 non
395 1439 533 1477 pugnabat
545 1450 550 1465 :
566 1449 617 1467 non
630 1438 699 1467 enim
713 1438 838 1466 humanis
854 1438 1003 1467 rationibus

267 1485 425 1513 metiebatur
442 1485 490 1513 Dei
505 1486 634 1513 virtutem
645 1507 651 1519 ,
665 1484 710 1513 sed
728 1484 817 1512 omnia
833 1484 1004 1523 permittebat

267 1530 338 1558 fidei.
364 1530 443 1558 [nde
456 1541 508 1558 non
532 1537 569 1558 est
591 1530 691 1558 veritus
713 1529 800 1557 dicere
810 1551 819 1566 ‚
845 1531 944 1557 Etiam
969 1541 1004 1558 ea:

268 1576 388 1602 mortuis
402 1576 542 1602 suscitare
551 1581 653 1612 potens
665 1580 705 1602 est
730 1574 817 1602 Deus.
837 1574 921 1602 Unde
940 1584 1003 1603 eum

300 1680 310 1690 ³
328 1672 462 1703 [Mutianus
474 1671 557 1704 legisse
570 1672 667 1696 videtur
680 1674 715 1697 διὰ.
734 1676 776 1705 γὸρ
788 1676 853 1697 τοῦτο
876 1676 940 1698 εἰπὼν
953 1683 1021 1704 μονο-

268 1718 327 1742 γενῆ,
343 1715 478 1746 προσέθηκεν
491 1712 565 1736 inas.
582 1712 689 1742 Interpr.
707 1719 747 1734 rec
751 1727 801 1735 .....
820 1720 896 1743 quum
917 1711 1022 1735 ‹lizisscz

268 1750 353 1781 Isaac,
367 1749 466 1773 addidit
482 1749 645 1781 Unigenitum
657 1769 662 1779 ‚
687 1749 827 1780 ostendens,
843 1751 934 1782 inquil,
956 1751 1024 1782 quod

1054 182 1184 204 Rcuilii‘.
1213 182 1479 206 CONSTANTiMw.

1059 244 1109 275 ζειν
1123 243 1181 275 τοὺς
1195 245 1288 272 ἑαυτοῦ
1300 244 1426 277 ἀθλητάς·
1441 246 1530 283 πολλῷ
1543 247 1641 283 μᾶλλον
1655 249 1725 284 ἡμᾶς
1741 248 1824 287 φέρειν

1058 288 1145 317 πάντα
1156 288 1208 328 χρὴ
1222 289 1356 327 γενναίως.
1373 289 1559 328 Ἐμφαντικῶς
1573 290 1599 319 δὲ
1615 286 1686 320 εἶπεν
1701 294 1810 321 ἐνταῦθα
1820 315 1827 327 ,

1057 334 1097 362 ὅτι
1123 335 1212 363 πίστει
1233 334 1410 374 προσενηνοχε
1431 336 1473 364 τὸν
1496 335 1601 372 Ἰσαὰκ,
1625 338 1827 377 πειραζόμενος·

1057 380 1166 419 οὐδεμία
1179 380 1230 420 γὰρ
1250 381 1316 415 ἄλλη
1333 380 1403 409 αἰτία
1418 377 1450 416 ἦν
1464 382 1511 415 τῆς
1529 385 1705 421 προσαγωγῆς
1718 382 1736 417 ἢ
1752 383 1826 418 αὕτη.

1058 423 1125 456 Εἶτα
1139 426 1308 465 ἐπεξέρχεται
1328 429 1365 465 τῷ
1377 426 1499 464 νοήματι.
1518 429 1576 456 Οὐκ
1590 428 1645 466 ἔχει
1656 450 1664 463 ,
1681 428 1770 467 φησὶν,
1790 430 1827 457 εἷ-

1056 476 1126 508 πεῖν,
1139 472 1179 500 ὅτι
1195 472 1240 500 καὶ
1256 472 1334 500 ἄλλον
1354 467 1422 511 εἶχεν
1445 472 1510 508 υἱὸν,
1526 473 1571 501 καὶ
1586 473 1612 506 ἐξ
1625 473 1722 502 ἐκείνου
1743 485 1826 512 προσ-

1057 517 1135 546 εδόκα
1148 517 1195 552 τὴν
1210 517 1369 556 ἐπαγγελίαν
1380 518 1617 558 πληρωθήσεσθαι,
1634 519 1678 547 καὶ
1696 519 1738 548 διὰ
1751 523 1826 548 τοῦτο

1057 565 1159 602 θαῤῥιῗιν
1170 566 1260 592 τοῦτον
1273 564 1445 602 προσήνεγκε.
1461 564 1514 592 Καὶ
1529 565 1572 592 τὸν
1586 567 1729 603 μονογενῆ,
1744 566 1824 605 φησὶ,

1056 609 1215 648 προσέφερεν
1226 612 1239 638 ὁ
1250 609 1296 641 τὰς
1307 609 1465 648 ἐπαγγελίας
1479 610 1675 647 ἀναδεξάμενος.
1691 610 1727 639 Τί
1740 611 1824 650 λέγεις

1057 657 1201 692 μονογενῆ;
1223 655 1249 683 τί
1271 651 1314 683 οὖν
1332 657 1345 683 ὃ
1364 654 1492 692 Ἰσμαήλ;
1515 655 1592 684 πόθεν
1617 652 1664 691 {u
1687 657 1822 695 Μονογενῆ

1055 699 1124 738 λέγω
1133 723 1140 736 ,
1153 700 1241 739 φησὶν,
1252 700 1311 730 ὅσον
1324 702 1359 733 εἷς
1372 701 1415 729 τὸν
1429 703 1475 735 τῆς
1489 701 1647 739 ἐπαγγελίας
1660 701 1734 740 λόγον
1743 713 1749 719 ·
1760 706 1770 718 ²
1779 702 1822 732 διὰ

1055 745 1106 786 γὰρ
1124 750 1198 775 τοῦτο
1211 746 1384 784 προσέθηκεν,
1399 745 1479 775 εἰπὼν
1495 749 1639 784 μονογενῆ,
1662 747 1762 780 δεικνὺς
1782 747 1822 776 ὅτι

1056 792 1098 820 διὰ
1121 794 1212 820 τοῦτον
1239 792 1284 820 καὶ
1309 792 1392 830 λέγει·
1419 792 1492 831 Πρὸς
1515 792 1542 821 ὃν
1566 792 1698 828 ἐλαλήθη,
1717 792 1757 821 ὅτι
1776 792 1822 822 Ἐν

1056 837 1149 867 Ἰσαὰκ
1164 837 1325 872 κληθήσεταί
1337 849 1378 866 σοι
1390 838 1514 877 σπέρμα,
1526 838 1670 874 τουτέστιν,
1687 838 1714 872 ἐξ
1737 840 1823 868 αὐτοῦ.

1056 883 1137 923 <Ορξίς
1155 885 1210 916 πῶς
1225 884 1352 921 θαυμάζει
1372 883 1402 911 τὸ
1420 883 1493 922 παρὰ
1507 887 1551 912 τοῦ
1568 883 1733 923 πατριάρχου
1749 883 1820 922 γινό-

1057 941 1147 968 μενον;
1159 929 1206 958 Ἐν
1222 929 1329 963 Ἰσαὰκ,
1342 929 1438 964 ἤκουσε
1448 952 1455 965 ,
1468 929 1629 964 κληθήσεταί
1643 941 1684 958 σοι
1699 929 1805 968 σπέρμα
1816 951 1823 964 ,

1057 976 1101 1004 καὶ
1113 975 1257 1014 προσέφερε
1272 975 1381 1014 σφάγιον
1392 975 1436 1003 τὸν
1447 976 1511 1004 υἱόν.
1524 971 1591 1004 Εἶτα
1601 998 1608 1011 ,
1627 974 1669 1004 ἵνα
1685 975 1721 1013 μή
1734 987 1773 1008 τις
1784 987 1823 1005 νο-

1058 1021 1137 1060 μίσῃ,
1151 1021 1191 1050 ὅτι
1204 1021 1331 1059 ἀπογνοὺς
1345 1024 1421 1050 τοῦτο
1434 1021 1533 1055 ἐποίει,
1553 1021 1598 1049 καὶ
1618 1020 1660 1049 διὰ
1674 1024 1720 1050 τοῦ
1742 1032 1824 1061 προσ-

1057 1067 1189 1105 τάγματος
1210 1067 1301 1095 τούτου
1322 1066 1369 1102 τὴν
1384 1067 1472 1096 πίστιν
1486 1067 1605 1100 ἐξέῧαλεν
1622 1066 1733 1102 ἐκείνην,
1755 1066 1824 1096 ἀλλὰ

1059 1113 1129 1151 μάθῃ
1139 1135 1146 1147 ‚
1159 1112 1199 1140 ὅτι
1210 1112 1290 1145 ὄντως
1300 1112 1344 1140 καὶ
1356 1116 1431 1141 τοῦτο
1442 1112 1554 1144 πίστεως
1568 1108 1611 1147 ἦν,
1627 1112 1706 1151 φησὶν
1718 1112 1758 1141 ὅτι
1773 1114 1824 1141 κά-

1056 1158 1143 1193 κείνην
1159 1154 1213 1196 εἶχε
1228 1157 1275 1192 τὴν
1287 1157 1385 1193 πίστιν,
1401 1158 1523 1196 καίτοιγε
1538 1159 1663 1186 δοκοῦσαν
1678 1158 1759 1196 ταύτῃ
1772 1157 1824 1195 μά-

1056 1207 1150 1243 χεσθαι
1162 1215 1167 1220 ·
1184 1202 1242 1231 ἀλλ’
1257 1204 1305 1231 οὐκ
1317 1204 1443 1242 ἐμάχετο·
1458 1204 1486 1231 οὐ
1501 1203 1551 1242 γὰρ
1567 1205 1704 1242 λογισμοῖς
1722 1204 1823 1242 ἀνθρω-

1056 1249 1140 1282 πίνοις
1155 1250 1258 1288 ἐμέτρει
1269 1253 1312 1277 τοῦ
1327 1250 1396 1277 Θεοῦ
1411 1249 1458 1283 τὴν
1473 1249 1591 1286 δύναμιν,
1602 1248 1670 1277 ἀλλὰ
1685 1250 1718 1287 τῇ
1735 1248 1823 1278 πίστει

1058 1296 1145 1324 πάντα
1159 1295 1295 1333 ἐπέτρεπε.
1306 1295 1354 1323 Διὸ
1367 1294 1424 1322 οὐδὲ
1440 1294 1553 1322 δέδοικεν
1565 1296 1656 1330 εἰπεῖν,
1671 1295 1711 1323 ὅτι
1728 1295 1780 1323 Καὶ
1795 1295 1824 1323 ἐκ

1058 1343 1155 1379 νεκρῶν
1170 1340 1277 1378 ἐγείρειν
1294 1340 1400 1372 δυνατὸς
1421 1342 1433 1368 ὁ
1452 1340 1528 1372 Θεός.
1544 1339 1625 1369 “Οθεν
1641 1341 1718 1369 αὐτὸν
1733 1339 1777 1369 καὶ
1798 1341 1823 1369 ἐν

1058 1387 1196 1424 παραὲολῇ
1218 1385 1374 1422 ἐκομίσατο,
1395 1385 1539 1422 τουτέστιν,
1553 1387 1580 1414 ἐν
1595 1386 1782 1424 ὑποδείγματι·
1797 1387 1824 1414 ἐν

1058 1434 1095 1470 τῷ
1112 1434 1177 1470 κριῷ
1188 1454 1195 1467 ,
1210 1431 1283 1471 φησί.
1300 1432 1378 1467 Πῶς;
1394 1433 1448 1460 Τοῦ
1469 1431 1521 1471 γὰρ
1533 1435 1606 1471 κριοῦ
1622 1431 1824 1471 σφαγιασθέντος

1059 1474 1131 1510 οἶτος
1144 1477 1243 1511 ἐσώθη·
1260 1477 1329 1506 ὥστε
1343 1477 1386 1506 διὰ
1403 1481 1448 1506 τοῦ
1469 1481 1542 1516 κριοῦ
1557 1478 1633 1506 αὐτὸν
1648 1478 1750 1514 ἔλαὸεν,
1767 1477 1825 1506 ἀντὶ

1060 1523 1150 1552 τούτου
1174 1522 1271 1561 σφάξας
1286 1525 1392 1552 ἐκεῖνον.
1407 1525 1500 1552 Ταῦτα
1517 1523 1544 1552 δὲ
1558 1523 1635 1553 τύποι
1653 1523 1721 1557 τινὲς
1740 1519 1807 1558 ἦσαν
1818 1534 1824 1540 ·

1060 1575 1171 1603 ἐνταῦθα
1187 1573 1237 1612 γὰρ
1250 1575 1263 1602 ὁ
1279 1573 1341 1605 Υἱός
1357 1574 1412 1601 ἐστι
1435 1575 1479 1602 τοῦ
1497 1574 1566 1602 Θεοῦ
1580 1575 1593 1602 ὃ
1611 1572 1824 1612 σφαγιαζόμενος.

1068 1678 1199 1705 propterea
1211 1672 1304 1696 (lictum
1317 1677 1361 1701 est,
1373 1671 1448 1697 Im...
1458 1673 1486 1695 Α.
1494 1673 1522 1697 B.
1535 1679 1591 1695 eum
1602 1670 1724 1695 Commel.
1734 1673 1770 1697 διὰ
1781 1675 1824 1704 γὰρ

1071 1717 1137 1737 τᾶῧτθ
1150 1712 1239 1743 (τῦῧτον
1250 1710 1372 1737 Commel.
1386 1717 1411 1734 el
1423 1710 1512 1742 53711.)
1525 1713 1660 1743 π’ςοςὲθηχξν
1683 1714 1748 1736 εἰπὼν
1770 1721 1822 1743 μον,

1072 1753 1092 1775 ἰ.
1105 1754 1125 1776 ἕ.
1138 1753 1173 1776 δια
1185 1755 1251 1776 τοῦτο’
1265 1762 1323 1783 qamt,
1338 1754 1418 1784 ἑρῥὲῦη
1432 1754 1466 1776 ὅτι
1484 1754 1505 1775 ἐν
1518 1750 1563 1781 ia]

686 1854 862 1883 MUTIANO
885 1854 1140 1884 SCHOLASTICO
1162 1855 1415 1884 INTERPRETE.

266 1962 329 1982 vero
343 1952 422 1980 etiam
441 1952 499 1991 ipso
514 1951 635 1990 jubente.
652 1951 681 1980 Si
697 1951 780 1990 igitur
797 1951 833 1980 ita
853 1952 979 1990 probatos
994 1953 1149 1981 tentationes
1165 1952 1292 1989 reddunt,
1310 1960 1339 1981 ut
1354 1952 1433 1980 etiam
1450 1962 1500 1981 non
1518 1958 1637 1981 exstante
1651 1962 1737 1988 causa,
1751 1953 1824 1981 Deus

266 2007 352 2028 tamen
368 2006 489 2027 exerceat
511 2009 573 2027 suos
587 1998 699 2027 athletas
716 2010 722 2025 :
737 1998 822 2027 multo
837 1999 922 2037 magis
944 2010 991 2028 nos
1010 2007 1105 2035 cuncta
1122 2006 1224 2039 oportet
1244 1999 1347 2027 fortiter
1360 2000 1480 2027 tolerare.
1504 1999 1553 2027 Hic
1567 2006 1655 2028 autem
1671 1999 1824 2038 significans

266 2047 344 2075 etiam
358 2045 433 2074 aliud
444 2046 524 2081 dixit,
536 2046 600 2084 quia
611 2045 664 2074 fide
676 2046 773 2074 obtulit
787 2046 869 2083 Isaac,
883 2057 944 2075 cum
955 2053 1100 2075 tentaretur
1115 2059 1121 2074 :
1137 2047 1211 2075 nulla
1221 2047 1321 2085 quippe
1332 2046 1413 2075 altera
1430 2056 1507 2074 causa
1517 2046 1568 2074 fuit
1580 2047 1723 2075 oblationis
1737 2047 1823 2083 illius,

267 2093 317 2121 nisi
336 2093 401 2121 haec.
417 2092 520 2122 Deinde
534 2093 688 2130 exsequitur
701 2103 806 2121 omnem
820 2103 935 2121 sensum.
951 2094 990 2122 Ne
1008 2094 1079 2122 enim
1094 2100 1181 2132 posset
1194 2093 1335 2131 quisquam
1350 2093 1439 2121 dicere
1451 2093 1513 2131 quia
1523 2093 1606 2121 alium
1617 2093 1704 2121 filium
1717 2092 1822 2131 babuit,

267 2147 292 2169 et
307 2151 340 2168 ex
354 2140 400 2169 illo
412 2140 534 2179 sperabat
547 2139 779 2178 repromissionem
795 2140 900 2179 impleri
913 2163 920 2175 ‚
936 2147 961 2168 et
975 2148 1114 2180 propterea
1130 2140 1267 2169 confidens
1279 2140 1359 2169 istum
1373 2140 1471 2168 obtulit
1487 2152 1493 2168 ε
1512 2141 1611 2168 Etiam
1625 2140 1804 2178 unigenitum
1814 2161 1822 2176 ,

267 2188 363 2226 inquit,
378 2188 537 2227 olferebat,
550 2189 600 2226 qui
610 2189 844 2225 repromissiones
859 2194 1022 2226 acceperat.
1035 2188 1109 2223 Quid
1123 2188 1191 2217 dicis
1208 2188 1376 2226 unigenitum
1390 2187 1502 2225 ?q11id?
1518 2187 1613 2216 Ismael
1627 2198 1662 2216 ex
1677 2198 1730 2225 quo
1744 2188 1824 2217 erat?

267 2235 452 2273 Unigenitum,
467 2234 563 2272 inquit,
580 2234 640 2262 dico
652 2241 784 2272 quantum
797 2235 891 2263 attinet
906 2235 939 2263 ad
955 2236 1085 2264 rationem
1099 2236 1321 2275 repromissionis.
1338 2236 1479 2274 Propterea
1497 2246 1558 2264 cum
1572 2235 1699 2271 dixisset,
1717 2236 1825 2274 Unige-

268 2283 369 2317 nitum,
386 2281 509 2316 addidit,
526 2282 631 2314 Istum,-
657 2280 748 2309 volens
765 2280 905 2310 ostendere
925 2282 1093 2320 unigenitum
1111 2282 1189 2310 illum
1209 2292 1274 2317 esse,
1290 2281 1324 2310 de
1338 2292 1391 2320 quo
1407 2281 1509 2310 dictum
1529 2288 1586 2310 est:
1603 2282 1680 2319 Quia
1692 2283 1724 2309 in
1738 2282 1825 2311 Isaac

267 2329 421 2356 vocabitur
431 2329 483 2356 tibi
498 2338 605 2363 semen,
617 2327 669 2356 hoc
681 2334 736 2363 est,
751 2339 785 2356 ex
803 2339 841 2356 eo.
857 2329 972 2357 Intueris
985 2329 1120 2367 quomodo
1134 2329 1283 2358 admiratur
1299 2328 1368 2357 illud
1381 2328 1452 2367 quod
1464 2339 1478 2356 a
1492 2328 1642 2367 patriarcha
1658 2328 1824 2357 factumest?

268 2375 305 2401 In
320 2376 417 2410 Isaac,
434 2374 530 2412 inquit,
545 2376 700 2403 vocabitur
715 2376 768 2403 tihi
777 2386 873 2404 semen
883 2388 894 2409 ;
907 2383 932 2404 et
946 2377 1074 2405 offerebat
1088 2376 1262 2405 occidendum
1278 2376 1374 2404 filium.
1386 2375 1498 2411 Deinde,
1514 2386 1546 2404 ne
1556 2375 1616 2414 quis
1628 2381 1735 2415 putaret
1753 2385 1823 2413 quo-

269 2421 341 2449 niam
356 2421 498 2460 desperans
511 2422 561 2450 hoc
571 2422 643 2457 fecit,
654 2429 678 2451 et
691 2433 739 2461 per
754 2422 804 2451 hoc
815 2431 977 2463 praeceptum
991 2424 1072 2453 fidem
1087 2425 1162 2453 illius
1177 2424 1390 2464 repromissionis
1406 2423 1533 2460 amiserit,
1548 2429 1687 2462 cognoscat
1696 2423 1823 2461 quoniam

269 2478 359 2496 revera
374 2475 398 2496 et
416 2468 474 2504 hoc,
492 2469 589 2507 inquit,
604 2469 667 2498 fidei
686 2470 748 2506 fuit;
765 2469 811 2499 sed
826 2471 906 2499 etiam
921 2471 995 2500 illam
1010 2471 1105 2500 habuit
1119 2472 1213 2509 fidem,
1233 2472 1295 2500 licet
1309 2471 1446 2500 videretur
1460 2471 1523 2499 huic
1536 2480 1698 2510 repugnare;
1713 2470 1759 2500 sed
1770 2481 1823 2500 non

269 2514 433 2551 repugnabat
451 2526 457 2542 :
471 2525 522 2544 non
538 2516 609 2544 enim
624 2516 749 2546 humanis
767 2518 1015 2548 ratiocinationibus
1030 2519 1158 2548 virtutem
1174 2519 1225 2548 Dei
1238 2519 1376 2558 pensabat,
1391 2518 1437 2547 sed
1451 2517 1505 2546 fide
1516 2524 1609 2546 cuncta
1622 2517 1740 2556 gerebat.
1753 2518 1823 2546 Pro-

270 2566 358 2598 pterea
377 2571 427 2589 non
447 2569 553 2591 veretur
567 2563 656 2593 dicere
674 2577 680 2593 :
701 2565 777 2603 Quia
791 2572 818 2594 et
832 2576 868 2595 ex
882 2569 1002 2596 mortuis
1014 2573 1117 2607 potens
1127 2573 1170 2596 est
1184 2568 1264 2596 Deus
1280 2568 1428 2596 suscitare.
1444 2564 1523 2595 Unde
1536 2575 1596 2594 eum
1608 2571 1633 2595 ct
1647 2564 1674 2594 in
1686 2564 1822 2605 parabolis
