1906 2846
154 544 213 569 Quot
234 542 264 561 la-

123 583 140 593 cv
149 580 202 593 xnus
215 574 249 592 111-

124 613 162 630 :⁰³
177 604 266 623 siituru-

123 643 171 654 =um
194 635 264 653 luunt·-

122 673 128 683 =
135 673 170 684 nm
198 666 263 685 amis-

123 704 162 716 510.

125 848 225 869 [ζου-ν.
238 855 260 876 9.

281 181 350 214 306
607 192 635 213 5.
663 191 802 214 som-ms
829 189 1009 213 cnnvsosr.
1038 187 1193 213 suenum.
1222 189 1488 215 0011511111111101».

280 253 386 291 quando
409 260 497 281 antem
519 252 602 279 libero
620 262 667 279 suo
689 251 801 280 arbitrio
821 251 936 290 scipsum
950 252 1014 280 vitio
1069 251 1101 287 τῇ
1117 249 1196 288 κακία
1208 249 1290 285 ,ὀῦδὲ
1311 251 1446 290 δακρύων,
1461 252 1528 281 ἀλλὰ
1549 254 1648 292 θρήνων
1667 255 1737 283 ἐστὶν
1753 254 1832 290 ἄξιος,

278 299 410 337 quispiam
425 296 572 331 tlt-diderit,
590 307 642 324 uon
657 296 785 335 lacrymis
795 319 803 332 ‚
818 297 865 325 sed
882 297 1013 325 lamenta·
1071 296 1169 332 μᾶλλον
1183 295 1210 323 δὲ
1228 295 1352 333 >ml—'5625
1367 296 1486 330 πένθους·
1501 297 1558 326 ἐπεὶ
1571 298 1615 326 καὶ
1626 301 1639 326 ὁ
1652 299 1744 338 Κύριος
1755 302 1831 337 ἡμῶν

278 344 394 371 tionibus
417 349 494 379 atquc
508 342 582 369 luctu
605 348 666 369 tunc
685 342 734 369 erit
749 341 855 379 dignus.
869 343 939 370 Nam
953 343 1014 370 Do-
1069 340 1170 375 Ἰησοῦς
1191 341 1304 380 Χριστὸς
1317 341 1364 376 τὴν
1377 341 1567 380 Ἰερουσαλὴμ,
1580 343 1665 371 καίτοι
1677 344 1831 379 ἀσεῧοῢσαν,

278 389 365 416 minus
389 397 494 424 quoquc
510 393 598 414 noster
618 388 695 416 Jesus
710 387 833 415 Christus
847 387 1011 425 Jerusalem,
1067 386 1193 420 ἐπένθησε
1212 387 1257 414 καὶ
1279 387 1431 425 ἐδάκρυσεν.
1464 387 1568 420 Ὄντως
1591 387 1691 427 μυρίων
1713 389 1832 426 ὀδυρμῶν

276 433 337 460 licet
359 432 439 470 impie
454 442 481 459 sc
496 438 645 470 gerentem,
660 431 731 460 luxit
746 438 770 460 et
790 432 873 460 ssevit.
888 433 1013 462 Innume—
1067 431 1133 464 ἄξιοί
1145 433 1235 469 ἐσμεν,
1252 432 1351 488 μυρίων
1369 432 1480 471 θρήνων.
1494 433 1559 461 Ἐὰν
1574 437 1648 461 πᾶσα
1662 435 1678 468 ἡ
1691 433 1831 471 οἰκουμένη

277 478 408 506 rabilibus
429 488 519 507 revera
541 478 700 517 ejulatibus,
721 478 963 507 innumerabilibus
977 479 1012 507 la-
1067 478 1183 507 λαΕουσα
1200 479 1286 517 φωνὴν
1305 479 1350 507 καὶ
1364 479 1446 515 λίθοι,
1462 479 1506 508 καὶ
1530 479 1593 512 ξύλα
1612 491 1657 508 και
1677 479 1770 518 δένδρα
1786 480 1832 508 καὶ

277 524 483 552 mentationibus
506 524 583 561 digni
605 534 706 552 sumus.
727 524 755 552 Si
780 523 920 552 universus
940 525 1013 554 orbis
1030 530 1049 552 1)
1068 523 1159 562 θηρία,
1181 523 1226 552 καὶ
1245 525 1273 552 6
1262 526 1342 563 ρνιΟες
1368 524 1413 553 καὶ
1433 524 1531 564 ἷχθυες,
1549 537 1594 553 και
1613 525 1702 557 ἁπλῶς
1719 529 1792 553 πᾶσα
1812 527 1829 559 ἠ

277 577 364 602 terne,
382 576 405 597 et
420 569 531 608 lapides,
547 576 571 597 ct
586 569 667 607 ligna,
682 576 706 597 et
723 569 842 605 arbores,
864 577 889 598 et
904 570 972 606 serae,
989 578 1013 599 et
1067 570 1205 607 οἰκουμένη
1227 570 1271 599 ἐὰν
1291 571 1410 600 ὶαδοῧσα
1432 571 1519 610 φωνὴν
1540 573 1611 607 ἡμᾶς
1630 570 1755 609 ὀδύρηται
1771 569 1830 602 τους

276 626 349 652 aves,
366 623 401 652 et,
418 622 447 643 111
461 615 539 643 semel
555 615 653 651 dicam,
670 622 740 643 totus
757 615 830 644 orbis
850 623 936 651 terrae,
949 627 1013 645 voce
1066 616 1269 649 ἐκπεπτωκότας
1283 614 1334 645 τῶν
1351 619 1454 654 ἀγαθῶν
1471 616 1585 651 ἐκείνων,
1597 615 1670 644 οὐδὲν
1683 617 1741 644 κατ’
1756 614 1833 648 ἀξίαν

276 668 380 699 accepta
396 671 442 688 nos
457 660 551 688 defleat
573 662 619 698 qui
642 670 656 688 a
671 660 748 688 bonis
771 661 825 689 illis
847 661 1012 698 excidimus,
1066 661 1196 700 ὀδυρεῖται
1207 661 1264 690 οὐδὲ
1276 662 1407 700 Ορηνῆσει.
1418 663 1497 694 Ποῖος
1509 661 1559 699 γὰρ
1573 662 1648 700 λόγος
1659 661 1830 700 παραστῆσαι

276 706 354 742 nihil,
369 714 397 734 ut
412 717 458 744 par
477 713 532 741 cst,
548 705 656 734 deflebit
671 706 714 735 vel
726 706 927 736 lamentabitur.
944 709 1013 736 Nam
1067 707 1218 743 δυνήσεται,
1234 711 1306 739 ποῖος
1321 711 1378 740 νοῦς
1393 707 1493 742 ἐκείνην
1509 706 1557 741 τὴν
1575 706 1770 746 μακαριότητα,
1785 706 1830 734 καὶ

274 761 333 788 quae
359 751 466 779 dicendi
492 750 614 785 facultas,
635 761 693 788 quae
718 751 894 790 intelligentia
916 753 1013 792 poterit
1067 752 1114 787 τὴν
1127 752 1222 792 ἀρετὴν
1233 753 1344 788 ἐκείνην,
1352 752 1398 788 τὴν
1411 752 1518 789 ἡδονὴν,
1527 752 1575 787 τὴν
1588 751 1728 788 δόξαν,τὴν
1739 753 1830 790 εὖφρο-

274 796 409 834 explicare
433 796 505 823 illam
522 795 714 824 beatitudinem
733 803 758 825 et
773 797 902 826 virtutem
916 798 990 827 illam
1002 822 1010 835 7
1066 809 1156 834 συνην,
1163 799 1210 833 τὴν
1224 799 1415 837 ὶαμπρότητα
1424 798 1455 827 “A
1467 797 1707 837 οψθαλιιος,φησιν,
1715 808 1762 825 ουκ
1771 792 1833 833 εἶδε,

274 841 451 879 voluptatem,
467 841 589 879 gloriam,
605 842 736 880 laetitiam,
747 842 927 882 splendorem,
943 845 1012 882 Quoe
1066 855 1110 872 και
1132 847 1174 876 οῦς
1194 845 1241 872 οὐκ
1255 844 1360 880 ἤκουσε,
1380 856 1424 873 και
1444 844 1487 873 ἐπι
1505 843 1613 882 καρδιαν
1631 842 1767 881 ἀνθρώπου
1783 842 1830 870 οὗκ

273 887 372 914 oculus
386 897 444 914 non
458 888 545 921 vidit,
567 887 664 925 inquit,
681 899 744 927 quoe
758 891 837 917 auris
855 899 912 917 non
927 891 1011 918 audi·
1066 889 1183 925 ἀνέὸη,
1169 900 1185 918 α
1199 890 1326 928 ἡτοίμασε
1329 903 1341 918 ν
1353 892 1366 918 ὁ
1376 890 1444 922 Θεὸς
1455 894 1508 922 τοῖς
1520 890 1656 927 ἀγαπῶσιν
1667 886 1759 915 αὐτόν·
1753 909 1761 922 ,
1772 887 1829 915 Οὐκ

273 934 321 966 sit,
339 938 365 960 ee
385 935 416 960 in
437 942 488 961 cor·
503 934 629 962 hominis
645 945 703 962 non
718 935 928 972 ascenderunt,
947 946 1010 974 quoe
1019 964 1054 982 215
1065 931 1163 964 εἰπεν”
1147 948 1187 964 οτι
1198 937 1234 964 13.-
1226 935 1349 974 εροαίνει
1361 936 1416 964 ἀπ’]
1417 936 1469 971 ῶς,
1484 936 1552 970 ἀλλ,
1564 933 1645 962 οὐδὲ
1634 931 1754 966 ενενόησέ
1765 930 1830 959 ποτέ

268 980 446 1015 ῘηιιἸηιναιὶἰ
468 979 548 1006 Deus
570 981 605 1007 iis
625 982 676 1018 qui
695 980 823 1018 diligunt
847 991 911 1008 eum
923 983 935 1007 P
950 982 1009 1010 Non
1028 992 1045 1013 x
1063 993 1120 1016 τις,
1137 981 1152 1008 ἃ
1168 981 1310 1019 ἡτοίμασεν
1326 984 1339 1010 ὁ
1357 982 1405 1010 Θε
1386 992 1425 1012 ος
1438 986 1491 1013 τοῖς
1513 981 1650 1018 ἀγαπῶσιν
1671 976 1757 1006 αὐτόν.
1776 971 1828 1005 Ὧν

270 1023 342 1051 dixit
359 1025 446 1052 solum
468 1035 639 1063 exsuperare,
656 1024 702 1053 sed
723 1036 769 1054 nec
791 1026 953 1055 intellexisse
969 1027 1010 1055 ul-
1063 1026 1113 1064 γὰρ
1130 1027 1287 1064 ἑτοιααστνς
1306 1039 1351 1055 και
1367 1025 1587 1065 παρασκευαστὴς
1604 1027 1617 1053 ὁ
1631 1024 1699 1055 Θεὸς
1712 1022 1832 1061 ἀγαθῶν,

270 1069 327 1097 111111
349 1080 478 1107 umquam
499 1081 558 1107 quae
573 1071 646 1099 Deus
668 1071 775 1109 paravit
799 1071 832 1099 iis
854 1071 901 1109 qui
920 1072 1009 1111 ipsum
1063 1076 1126 1100 ποῖα
1141 1073 1208 1105 εἰκὸς
1219 1068 1391 1108 εἷναιταῧτα;
1402 1073 1435 1101 Εἰ
1446 1072 1497 1110 γὰρ
1508 1071 1620 1105 ποιήσας
1631 1072 1712 1107 ἡμᾶς,
1724 1067 1825 1102 εὐθέως,

269 1114 398 1152 diligunt.
415 1115 575 1153 Cujusmodi
590 1115 660 1143 enim
673 1115 743 1144 hona
755 1123 960 1144 consentaneum
971 1124 1009 1146 est
1063 1117 1162 1148 οὐδενὸς
1181 1119 1244 1156 παρ’
1264 1120 1339 1155 ἡμῶν
1358 1115 1592 1156 προϋπηργμένου,
1606 1117 1720 1143 τοσαῦτα
1732 1112 1823 1152 ἐχαρί-

269 1171 324 1188 esse
339 1171 367 1189 ea
381 1171 441 1198 quae
463 1161 536 1189 Deus
552 1168 684 1200 praeparat
701 1168 725 1189 et
747 1161 879 1190 instruit?
896 1162 925 1190 Si
939 1162 1009 1191 enim
1064 1173 1142 1197 σατο,
1157 1163 1328 1201 παράδεισον,
1350 1163 1456 1200 ὁμιλίαν
1474 1162 1521 1196 τὴν
1537 1160 1595 1199 μετ’
1611 1161 1688 1189 αὐτοῦ
1700 1182 1708 1195 ,
1729 1160 1825 1187 ἀθανα-

270 1217 330 1234 cum
347 1217 394 1234 nos
410 1206 529 1241 fecisset,
552 1207 642 1234 statim
657 1207 731 1235 nulla
751 1218 779 1236 re
795 1207 886 1236 adhuc
904 1219 918 1237 a
934 1209 1010 1237 nobis
1064 1207 1122 1236 σίαν
1143 1207 1273 1247 ὑπέσήετο
1285 1231 1291 1243 ,
1307 1209 1363 1247 βίον
1378 1208 1507 1246 μακάριον
1521 1206 1565 1235 καί
1581 1205 1724 1245 φροντίδων
1740 1204 1827 1238 ἀπηλ-

269 1258 386 1289 peracta,
405 1258 478 1280 tanta
491 1259 529 1280 est
550 1252 674 1290 largitus,
691 1253 857 1292 paradisum,
873 1264 935 1282 cum
952 1254 1009 1293 ipso
1063 1253 1192 1290 λαγμένον
1205 1266 1211 1271 ·
1223 1258 1275 1286 τοῖς
1286 1257 1401 1282 τοσαῦτα
1412 1252 1570 1286 πεποιηκόσι
1581 1247 1773 1284 καὶῆθληκόσι,
1782 1247 1828 1276 καὶ

269 1297 494 1334 colloquutionem
509 1319 517 1333 ,
542 1297 769 1327 immortalitatem
798 1305 836 1327 est
862 1299 1008 1338 pollicitus,
1063 1299 1128 1337 ὑπὲρ
1144 1301 1222 1327 αὐτοῦ
1237 1299 1407 1336 ὑπομείνασι,
1424 1297 1450 1326 τί
1464 1299 1492 1325 οὐ
1503 1301 1652 1336 χαριεῖται,
1667 1296 1722 1324 Τοῦ
1739 1295 1827 1322 Μονο-

268 1341 353 1370 vitam
367 1342 471 1371 beatam
486 1351 511 1371 et
532 1354 547 1371 a
563 1343 635 1372 curis
660 1344 772 1372 liberam
795 1357 802 1372 :
828 1345 861 1373 iis
887 1345 933 1382 qui
954 1352 1008 1373 tam
1063 1344 1162 1382 γενοῧςῖ
1172 1347 1219 1372 οὐκ
1242 1343 1364 1382 ἐφείσατο
1384 1343 1417 1371 δι’
1442 1345 1529 1380 ἡμᾶς,
1551 1341 1595 1370 τὸν
1610 1340 1673 1369 Υἱὸν
1691 1341 1768 1368 αὑτοῦ
1783 1338 1826 1366 τὸν

269 1387 352 1415 inulta
369 1388 496 1423 fecerunt,
511 1389 557 1426 qui
578 1389 643 1417 adeo
667 1397 773 1418 strenue
793 1389 962 1418 decertarunt
983 1397 1009 1418 et
1063 1389 1168 1427 γνήσιον
1184 1391 1220 1421 εἰς
1233 1389 1342 1417 Θάνατον
1354 1388 1435 1417 ἔδωκε
1447 1388 1479 1416 δι’
1495 1390 1579 1425 ἡμᾶς·
1594 1387 1616 1415 εἷ
1628 1385 1655 1414 δὲ
1667 1383 1774 1424 ἐχθροὺς
1784 1383 1826 1412 ὅν-

267 1443 317 1470 pro
343 1432 401 1471 ipso
427 1434 619 1471 sustinuerunt,
636 1433 701 1472 quid
722 1445 773 1463 non
790 1434 927 1463 donabit?
945 1435 1008 1463 Uni·
1063 1447 1109 1467 τας
1121 1434 1242 1463 τοιούτων
1258 1434 1414 1470 κατηξίωσε,
1430 1433 1499 1465 τίνος
1514 1434 1542 1462 οὗ
1561 1431 1720 1464 καταξιώσει
1736 1429 1826 1468 φίλους

268 1478 357 1516 genito
371 1489 420 1517 pro
433 1479 510 1507 nobis
525 1490 577 1507 non
590 1480 717 1518 pepercit,
730 1491 886 1518 germanum
901 1492 932 1509 ac
946 1492 1007 1520 pro·
1062 1481 1215 1519 γενομένους
1227 1493 1234 1514 ;
1251 1480 1318 1513 τίνος
1339 1481 1368 1509 οὗ
1383 1479 1530 1518 μεταδώσει
1547 1476 1712 1510 καταλλάξας
1725 1477 1824 1514 ἑαυτῷ;

267 1524 357 1562 prium
378 1525 480 1553 Filium
495 1532 604 1564 propter
618 1536 665 1554 nos
685 1526 720 1554 ad
740 1533 852 1554 mortem
872 1526 947 1555 dcdjt
964 1538 970 1554 :
985 1527 1007 1555 si
1026 1533 1043 1555 B
1063 1527 1114 1556 Καὶ
1130 1527 1252 1560 πλούσιός
1266 1528 1322 1555 ε’στι
1339 1526 1448 1565 σφόδρα,
1461 1525 1507 1553 καὶ
1519 1524 1633 1564 ἀπείρως
1645 1524 1766 1560 ἐπιθυμεῖ
1780 1520 1825 1549 καὶ

267 1579 316 1597 1105
336 1579 398 1598 cum
421 1570 522 1599 inimici
547 1581 662 1599 essemus
673 1593 680 1607 ,
706 1571 805 1600 talibus
820 1572 948 1611 dignatus
968 1578 1007 1600 est
1062 1573 1201 1605 σπουδάζει
1212 1575 1259 1607 τῆς
1273 1571 1404 1610 ἡμετέρας
1420 1570 1507 1610 φιλίας
1521 1573 1623 1609 τυχεῖν·
1636 1571 1712 1606 ἡμεῖς
1723 1566 1750 1596 δὲ
1767 1567 1824 1595 οῦδὲ

267 1615 360 1651 bonis,
378 1626 492 1653 quonam
510 1626 556 1644 nos
574 1627 626 1644 non
640 1615 796 1654 dignabitur
814 1617 860 1655 qui
878 1618 941 1646 sacti
962 1628 1006 1646 su·
1061 1619 1091 1647 τὸ
1113 1618 1258 1647 πολλοστὸν
1281 1617 1378 1646 ἐκείνου
1401 1615 1579 1653 σπουδάζομεν
1592 1637 1600 1650 ,
1624 1612 1757 1653 ἀγαπητοί
1769 1624 1775 1630 ·
1797 1612 1823 1640 τί

268 1672 330 1690 111115
340 1662 438 1691 amici?
447 1674 569 1700 quaenam
578 1673 629 1692 non
638 1663 814 1702 impertietur,
823 1675 884 1693 cum
893 1675 941 1693 nos
953 1664 1004 1693 sibi
1060 1666 1129 1702 λέγω
1137 1686 1144 1700 ,
1159 1665 1188 1691 οὐ
1202 1664 1396 1701 σπουδάζομεν,
1409 1664 1437 1691 οὐ
1449 1661 1556 1699 θέλομεν
1569 1661 1636 1689 οὕτω
1646 1663 1734 1698 τυχεῖν
1747 1658 1825 1687 αὖτοῧ

269 1708 465 1737 reconciliarit?
476 1708 509 1736 Et
518 1719 597 1747 supra
606 1708 715 1737 modum
727 1716 765 1738 est
774 1709 862 1748 dives,
871 1717 896 1739 et
903 1709 1006 1739 deside-
1058 1713 1108 1739 τῶν
1127 1711 1242 1748 ἀγαθῶν,
1257 1711 1292 1742 ὡς
1315 1709 1391 1742 αὐτὸς
1415 1708 1492 1737 Οέλει.
1506 1707 1559 1737 Καὶ
1578 1706 1618 1736 1Ε’τι
1632 1705 1710 1735 πλέον
1728 1706 1824 1736 ἐκεῖνος

679 1815 855 1843 MUTIANO
877 1814 1131 1844 SCHOLASTICO
1157 1812 1410 1843 INTERPRETE.

267 1913 347 1942 quam
370 1903 458 1942 infigit
481 1904 632 1942 iniquitati,
654 1915 739 1943 neque
765 1905 892 1945 lacrymis
911 1906 1028 1945 dignus,
1056 1906 1103 1935 sed
1120 1905 1366 1940 lamentationibus,
1387 1904 1472 1943 magis
1496 1910 1586 1932 autem
1610 1903 1693 1931 luctu.
1710 1902 1779 1931 Nam
1799 1908 1824 1930 et

268 1950 399 1979 Dominus
421 1958 509 1980 noster
531 1953 608 1981 Jesus
629 1952 753 1981 Christus
767 1953 979 1992 Jerusonmam,
1002 1954 1064 1982 licet
1088 1953 1171 1992 impie
1194 1959 1314 1991 agentem
1325 1975 1333 1987 ,
1350 1951 1422 1980 luxit
1435 1958 1463 1980 et
1479 1951 1643 1990 lacrymatus
1657 1955 1704 1978 est.
1720 1950 1822 1978 Revera

266 1996 358 2025 decem
382 1997 504 2025 millibus
518 1997 646 2037 lacrymis
668 1998 742 2037 digni
757 2009 862 2035 sumus,
878 1999 969 2028 decem
986 2000 1108 2028 millibus
1123 1999 1365 2028 lamentationibus.
1380 1998 1409 2027 Si
1423 1998 1509 2026 omnis
1522 1997 1654 2026 habitatio
1676 2003 1752 2025 terrae
1771 2005 1824 2024 ex·

269 2043 343 2071 tollat
358 2054 449 2072 vocem
464 2054 556 2081 suam,
573 2051 597 2072 et
614 2045 733 2084 lapides,
747 2052 772 2073 et
784 2045 869 2083 ligna,
887 2052 912 2074 et
932 2045 1055 2082 arbores,
1076 2053 1101 2074 et
1116 2045 1206 2074 hestiae
1216 2068 1223 2081 ,
1244 2051 1270 2073 et
1284 2044 1418 2080 volatilia,
1431 2051 1457 2072 et
1477 2044 1577 2082 pisces,
1598 2050 1623 2072 et
1638 2050 1673 2072 111-
1681 2043 1762 2072 51111111
1775 2042 1821 2071 di-

268 2100 325 2118 cam
335 2114 343 2127 ,
358 2097 428 2119 totus
443 2091 559 2120 mundus
572 2092 594 2119 si
606 2102 699 2120 vocem
714 2092 825 2121 extollat
839 2092 874 2120 ad
888 2092 1087 2121 lamentandum
1103 2103 1164 2129 nos,
1178 2092 1225 2130 qui
1239 2092 1273 2120 ab
1285 2091 1340 2119 illis
1353 2091 1430 2119 bonis
1449 2090 1600 2119 excidimus
1609 2113 1616 2126 ‚
1630 2090 1700 2118 1111111
1710 2090 1823 2128 dignum

266 2136 494 2166 lamentabuntur.
507 2138 602 2173 Qualis
615 2138 686 2166 enim
696 2149 782 2166 sermo
794 2139 944 2178 exprimere
956 2138 1062 2177 poterit,
1074 2139 1161 2177 qualis
1174 2149 1247 2166 mens
1260 2138 1334 2166 illam
1346 2136 1540 2166 beatitudinem
1552 2136 1678 2175 illamque
1688 2136 1826 2173 virtutem,

268 2183 343 2212 illam
364 2184 583 2220 delectationem,
607 2185 681 2213 illam
696 2185 825 2223 gloriam,
840 2185 916 2214 illam
932 2185 1127 2224 jucunditatem
1137 2208 1145 2222 ,
1159 2185 1234 2214 illam
1249 2184 1418 2214 claritatem?
1439 2184 1510 2222 Quoe
1525 2184 1636 2219 oculus,
1653 2183 1755 2222 inquit,
1771 2193 1827 2211 non

270 2232 360 2268 vidit,
378 2241 429 2259 nec
442 2233 523 2259 auris
540 2232 663 2268 audivit,
680 2237 707 2259 et
722 2233 753 2258 in
767 2242 817 2259 cor
836 2232 961 2259 hominis
978 2242 1035 2260 non
1051 2232 1191 2261 ascendit.
1206 2232 1266 2260 Non
1287 2231 1359 2259 dixit
1372 2230 1435 2268 quia
1451 2229 1612 2259 transcendit
1626 2240 1671 2258 oor
1690 2229 1826 2266 hominis,

271 2277 318 2305 sed
334 2278 395 2315 quia
408 2288 492 2315 neque
504 2277 635 2305 intellexit
650 2277 791 2315 quisquam
803 2277 963 2315 aliquando,
975 2288 1034 2315 quae
1047 2277 1209 2317 praeparavit
1223 2278 1297 2306 Deus
1314 2276 1490 2316 diligentibus
1508 2287 1544 2306 se.
1564 2276 1686 2311 Quorum
1697 2276 1828 2305 honorum

271 2332 432 2363 praeparator
444 2332 469 2353 et
482 2325 572 2364 opifex
584 2326 656 2353 Deus
668 2331 716 2361 est,
727 2324 817 2363 qualia
834 2335 889 2353 esse
903 2332 1014 2364 possunt
1025 2325 1038 2353 ,⁰
1051 2325 1080 2355 Si
1096 2325 1167 2354 enim
1182 2325 1280 2354 faciens
1292 2335 1355 2359 1105,
1369 2324 1459 2352 statim
1474 2323 1563 2353 adhuc
1576 2324 1653 2352 nobis
1666 2323 1736 2352 1111111
1748 2333 1828 2362 agen-

271 2370 344 2399 tibus
368 2378 440 2399 tanta
464 2371 533 2400 bona
558 2370 671 2409 largitus
693 2377 743 2407 est,
770 2371 942 2410 paradisum,
964 2371 1205 2401 confabulationem
1228 2382 1314 2406 suam,
1339 2370 1581 2407 immortalitatem,
1601 2370 1725 2409 promisit
1744 2369 1827 2398 vitam

272 2417 376 2446 beatam
390 2425 415 2446 et
429 2429 443 2446 a
458 2418 529 2447 curis
543 2418 655 2446 liberam
669 2429 674 2445 :
688 2417 725 2446 eis
747 2418 794 2456 qui
813 2425 886 2446 tanta
902 2419 1011 2447 fecerint
1033 2426 1058 2447 ct
1083 2420 1128 2457 qui
1153 2418 1312 2448 certaverint
1333 2425 1359 2446 et
1372 2418 1418 2455 qui
1438 2428 1488 2456 pro
1504 2428 1534 2446 eo
1558 2417 1747 2453 sustinuerint,
1761 2417 1825 2455 quid

273 2474 323 2491 non
338 2472 510 2502 pratstaturus
524 2465 584 2494 cst?
600 2465 746 2504 Unigenito
760 2465 817 2494 filio
832 2476 881 2494 suo
895 2476 947 2495 non
961 2466 1092 2505 pepercit,
1109 2473 1216 2506 propter
1230 2476 1277 2495 nos
1292 2465 1393 2494 Filium
1416 2475 1494 2493 suum
1516 2464 1656 2504 proprium
1672 2465 1699 2493 in
1713 2471 1825 2493 mortem

274 2509 398 2545 tradidit,
415 2518 521 2550 propter
539 2523 585 2540 nos
600 2511 721 2540 inimicos
742 2511 807 2540 dum
824 2512 925 2541 inimici
946 2523 1061 2541 essemus
1074 2525 1078 2540 :
1094 2513 1192 2551 quibus
1208 2513 1288 2542 rebus
1301 2522 1353 2541 non
1368 2521 1415 2540 nos
1431 2511 1596 2550 dignabitur,
1612 2511 1634 2540 si
1649 2512 1727 2541 amici
1741 2511 1824 2541 fueri-

274 2567 332 2585 mus
355 2557 542 2596 effecti?‹1ui‹l
565 2559 640 2588 nobis
664 2570 714 2588 non
739 2560 922 2590 trilmcfflEst
943 2561 1012 2590 enim
1036 2561 1124 2599 dives,
1140 2568 1163 2590 et
1186 2560 1321 2596 infinitus,
1336 2567 1361 2589 et
1381 2559 1511 2589 desiderat
1535 2566 1557 2588 ct
1580 2559 1685 2588 festinat
1706 2565 1821 2589 nostram
