1906 2846
120 1565 177 1585 Timz
181 1565 233 1585 ntib
236 1572 260 1585 us

121 1596 191 1616 ltcum
205 1596 261 1616 nitu!

121 1635 155 1647 mu
153 1628 164 1647 ι1
168 1631 247 1647 stum.

274 196 340 209 -ΙΙ

275 207 305 228 ³
297 213 342 239 Η

273 272 390 295 moretur
401 276 414 293 a
428 264 503 292 nubis
517 275 521 289 z
533 263 586 290 baec
602 262 663 289 I'aeit
676 262 780 289 utbonn
791 261 937 299 eligamus;
951 261 1006 295 illa,

273 318 300 339 nt
316 310 483 349 pertieinrinis
497 314 520 335 et
533 306 566 334 nil
581 306 660 333 finem
675 306 848 334 deducamus.
865 306 1007 345 Propterea

271 356 337 383 dicit
351 354 478 392 propbeta
491 364 496 378 :
514 352 627 378 Jlemor
639 361 686 378 cro
700 352 742 378 tui
758 351 794 378 de
809 357 887 378 terra
899 351 1008 378 Jorda—

272 404 326 431 ηις,
339 407 364 427 et
381 399 562 426 Ilcrmoniim
579 407 597 424 a
613 403 711 423 monte
726 397 847 424 modico.
867 396 929 424 Haec
942 395 1009 424 dicit

270 446 384 485 populus
392 444 438 482 qui
450 450 504 471 erat
518 444 543 471 in
554 442 701 481 Babylone,
715 442 757 470 lbi
772 443 887 470 Memor
896 453 944 470 ero
958 445 1008 470 tui.

309 493 336 519 l..
349 491 420 528 Ergo
435 496 461 518 et
474 500 530 523 nos,
545 496 573 516 ut
589 489 634 526 qui
650 489 734 516 simus
750 488 777 515 in
793 488 941 525 Babylone,
953 488 1010 517 haec

268 537 399 565 dicamus.
426 535 483 563 Etsi
507 534 576 562 enim
599 544 650 561 nor.
677 532 800 561 sedemus
822 533 891 561 inter
905 533 1008 570 hostes,

269 592 360 610 sumus
373 588 457 609 tamen
470 580 538 607 inter
550 578 678 607 inimicos.
693 579 762 606 Nam
773 588 806 606 ex
817 578 871 606 illis
883 578 930 606 alii
943 579 1009 616 qni-

268 628 329 656 tlem
353 626 478 655 sedebant
498 632 632 661 tamquam
655 623 773 661 captivi,
795 623 841 651 alii
864 630 952 651 autem
976 634 1008 651 ne

268 673 414 701 sentiebant
428 670 537 709 quidem
549 669 743 708 captivitatem,
756 675 784 697 ut
798 668 940 705 Daniel,ut
956 676 1008 697 tres
1024 676 1041 698 C

271 719 345 757 pueri
362 730 367 745 ι
381 717 425 755 qui
444 716 522 744 etiam
541 726 602 743 cum
623 721 708 743 essent
726 715 753 742 in
769 714 935 754 captivitate,
950 715 1008 753 ipso

270 774 343 802 rege,
360 763 405 800 qui
426 772 469 789 eos
491 760 642 788 abduxerat
666 760 693 788 in
718 760 918 799 captivitatem,
933 767 1008 789 erant

269 809 295 836 in
311 808 356 836 illa
366 808 420 846 ipsa
433 806 538 844 regione
546 805 670 833 clariores
684 817 689 832 :
704 805 800 833 etenim
812 806 931 844 captivos
944 805 1007 833 ado·

269 853 344 880 rabat
368 853 389 880 is
414 852 459 889 qui
489 850 605 879 abduxit
629 850 655 878 in
684 850 879 888 captivitatem.
906 850 1008 879 Vidisti

267 905 364 936 quanta
387 908 427 925 res
446 897 480 925 sit
495 897 582 924 virtus
596 896 609 923 ,⁰
625 895 714 923 Etiam
733 906 794 923 eum
813 902 898 924 essent
917 895 943 923 in
964 906 1008 923 ca-

268 944 392 983 ptivitate
411 942 541 971 adorabat
564 949 700 979 tamquam
721 940 853 969 dominos.
875 941 925 969 Ille
945 951 1008 979 ergo

268 997 323 1018 erat
340 989 463 1028 captivus
482 988 568 1026 magis
589 998 668 1025 quam
690 987 729 1016 hi.
748 987 807 1015 Non
827 987 918 1015 suisset
936 997 1010 1025 aeque

268 1035 433 1071 mirandum,
449 1035 471 1062 si
492 1045 553 1062 eum
566 1040 651 1061 essent
669 1033 696 1060 in
715 1043 762 1060 sua
781 1033 879 1071 patria,
895 1032 941 1060 ille
959 1043 1010 1061 ve-

269 1081 344 1109 niens
358 1091 401 1109 cos
415 1080 559 1113 adorasset,
571 1085 616 1106 aut
631 1078 653 1106 si
665 1077 721 1105 illie
737 1084 888 1115 regnassent
903 1089 908 1105 :
927 1078 1008 1105 mira-

269 1127 324 1155 bile
337 1133 376 1154 est
389 1133 477 1154 autem
489 1124 561 1162 quod
580 1134 640 1152 eum
657 1133 700 1151 eos
715 1122 862 1157 vinxisset,
877 1129 903 1150 et
921 1123 1008 1160 capti-

268 1183 315 1200 vos
331 1172 356 1199 in
372 1177 499 1210 potestate
513 1180 559 1198 sua
574 1169 700 1204 haberet,
714 1167 839 1196 omnibus
854 1167 1008 1195 videntibus
1024 1176 1042 1198 D

268 1227 320 1244 non
335 1215 432 1255 puduit
445 1225 487 1243 eos
501 1214 624 1247 adorare,
639 1219 664 1241 et
679 1214 775 1241 Manaa
789 1211 884 1240 libare.
901 1212 1007 1241 Videtis

267 1261 340 1300 quod
365 1261 411 1290 Dei
432 1271 473 1288 res
497 1266 558 1288 sunt
577 1269 668 1287 revera
691 1258 842 1297 praeclmm,
856 1268 897 1286 res
917 1265 1006 1286 autem

271 1308 393 1335 humanae
413 1312 474 1334 sunt
488 1304 605 1333 umbra?
620 1303 762 1342 Ignorabat
776 1313 838 1341 ergo
853 1313 880 1331 se
895 1303 945 1331 sibi
959 1303 1006 1331 do-

270 1353 356 1381 minos
379 1351 528 1385 adducere,
548 1357 573 1379 et
600 1360 665 1388 quos
688 1356 743 1377 erat
765 1349 943 1383 adoraturus,
962 1359 1006 1376 eos
1014 1381 1049 1393 w»

270 1398 340 1437 ipsos
353 1397 379 1425 in
394 1397 525 1425 fornacem
541 1396 648 1434 injicere
666 1407 674 1431 ;
689 1394 735 1422 sed
749 1394 832 1422 instar
845 1394 940 1421 somnii
955 1394 1004 1421 hoc
1015 1388 1049 1429 'js

269 1444 323 1471 illis
345 1449 410 1471 erat.
426 1442 581 1471 Timeamus
602 1451 683 1479 ergo,
700 1452 715 1468 0
739 1439 829 1467 dilecti
843 1462 849 1473 ,
864 1439 1005 1466 timeamus

270 1491 356 1518 Deum
368 1502 374 1516 :
388 1490 450 1518 licet
465 1490 548 1517 simus
564 1489 591 1516 in
604 1488 764 1527 captivitate,
776 1487 875 1514 erimus
886 1486 1005 1514 omnium

270 1535 437 1564 clarissimi:
453 1534 523 1562 adsit
544 1535 623 1562 timor
639 1533 705 1567 Dei,
718 1539 742 1560 et
765 1531 833 1559 nibil
850 1531 900 1559 erit
918 1532 1004 1560 mole—-

270 1588 356 1615 stum,
373 1581 430 1609 sive
453 1580 554 1608 dixeris
576 1585 774 1618 paupertatem,
793 1578 850 1606 site
868 1577 1003 1615 morbum,

305 1685 316 1695 ⁴¹
332 1680 410 1708 μανκὲ
419 1677 535 1708 exprimit
545 1674 693 1699 Hebraicam
711 1682 797 1698 vocem
810 1677 904 1703 rh'fln,
916 1673 1017 1703 donum,

270 1715 372 1739 oblatio.
388 1715 510 1739 Marianus
523 1715 597 1737 xer-tit
610 1721 702 1745 agnum
715 1713 855 1744 immolare,-
867 1712 903 1737 sic
915 1712 956 1737 ille
969 1721 1020 1737 rem

600 202 627 224 S.
658 202 795 224 JOANMS
822 201 1001 224 cunYSOST.
1031 200 1185 224 ARCtttEP.
1215 199 1482 224 CONSTANTOEOP.

1799 264 1819 273 υ

1063 264 1156 298 ἡμῶν·
1178 264 1254 291 τοῦτο
1275 266 1344 290 ποιεῖ
1362 264 1491 300 αἱρεῖσθαι
1507 263 1540 290 τὰ
1563 264 1665 299 ἀγαθὰ,
1689 264 1771 292 ἐκεῖνο
1798 275 1821 290 02

1063 307 1148 335 ἀνύειν
1164 308 1209 336 καὶ
1228 309 1264 339 εἷς
1279 307 1352 339 τέλος
1372 307 1454 345 ἄγειν.
1471 307 1522 335 Διὰ
1540 308 1615 336 τοῦτό
1629 320 1707 346 φησιν
1722 311 1735 336 6
1759 320 1822 346 προ-

1061 353 1159 390 φήτης,
1181 352 1376 390 Μνησθήσομαί
1405 363 1450 380 σου
1475 354 1504 380 ἐκ
1529 354 1577 390 γῆς
1606 353 1738 391 Ἰορδάνου
1748 376 1755 389 ,
1779 355 1823 381 καὶ

1060 397 1225 435 Ἕρμωνιεὶμ
1245 398 1297 426 ἀπὸ
1316 398 1390 436 ὄρους
1411 400 1515 436 μικροῦ.
1527 397 1621 426 Ταῦτά
1640 409 1718 436 φησιν
1732 399 1745 426 6
1763 399 1825 430 λαὸς

1060 445 1073 471 6
1088 444 1114 471 ἐν
1128 443 1281 477 Βαῧυλῶνι,
1294 444 1367 471 Ἐκεῖ
1379 443 1414 471 ὧν
1431 442 1616 480 μνησθήσομαί
1630 454 1685 471 σου.

1100 488 1153 517 Καὶ
1173 490 1250 525 ἡμεῖς
1273 488 1359 516 τοίνυν
1377 488 1467 527 ὥσπερ
1489 489 1514 516 ἐν
1537 487 1677 516 Βαὸυλῶνι
1699 487 1772 520 ὄντες
1793 488 1825 516 τὰ

1061 533 1125 562 αὐτὰ
1139 533 1266 571 λέγωμεν.
1282 533 1315 561 Εἰ
1330 534 1380 572 γὰρ
1395 533 1440 561 καὶ
1456 533 1492 571 μὴ
1516 532 1611 570 μεταξὺ
1627 534 1679 560 τῶν
1691 533 1824 570 πολεμίιι)ν

1060 579 1211 616 καθήμεθα,
1226 578 1294 607 ἀλλὰ
1318 578 1414 616 μεταξὺ
1432 581 1483 607 τῶν
1503 580 1602 617 ἐχθρῶν
1626 579 1759 616 ἐσμεν.οἱ
1777 577 1824 615 μὲν

1060 624 1110 663 γὰρ
1123 626 1158 656 ὡς
1173 624 1337 663 αἰχμάλωτοι
1354 624 1493 659 ἐκάθηντο,
1509 626 1532 652 οἱ
1555 623 1582 652 δὲ
1605 623 1664 652 οὐδὲ
1682 623 1825 662 ᾐσθάνοντο

1059 673 1106 705 τῆς
1123 670 1305 709 αἰχμαλωσίας
1316 692 1322 703 ,
1335 671 1370 701 ὡς
1384 672 1397 698 6
1411 669 1527 704 Δανιὴλ,
1541 671 1576 701 ὡς
1592 671 1616 698 οἱ
1632 673 1702 709 τρεῖς
1715 669 1807 700 παῖδες
1819 681 1825 686 ·

1059 715 1084 744 οἳ
1097 716 1142 744 καὶ
1159 718 1185 744 ἐν
1201 716 1370 754 αἰχμαλωσίᾳ
1385 716 1468 750 ὄντες,
1485 717 1563 743 αὐτοῦ
1577 717 1621 743 τοῦ
1636 713 1822 753 αἷχμαλωτεύ-

1060 773 1152 794 σαντος
1178 762 1270 794 αὐτοὺς
1297 761 1423 799 βασιλέως
1451 761 1569 799 ἐγένοντο
1594 760 1773 799 λαμπρότεροι
1796 762 1822 788 ἐν

1060 809 1126 845 αὐτῇ
1147 809 1180 844 τῇ
1195 806 1272 845 χώρᾳ
1290 806 1388 844 ἐκείνῃ·
1408 807 1452 834 καὶ
1465 806 1524 838 τοὺς
1541 805 1726 844 αἰχμαλώτους
1745 805 1796 844 γὰρ
1809 808 1824 834 ὃ

1060 852 1278 891 αἷχμα)ο)-.εύσας
1292 852 1455 890 προσεκύνει.
1472 848 1576 884 E'ffizq'
1561 863 1620 880 οσον
1641 850 1722 890 ἀρετή
1737 852 1824 886 ἔστω,

1060 900 1086 926 ἐν
1101 899 1166 937 αὒτῆ
1181 911 1213 936 τῃ
1227 911 1252 926 α.
1245 898 1427 937 [trah-mix*
1413 909 1487 929 οιτας
1501 897 1697 935 ἐθεράπευσεν”
1684 908 1718 928 ως
1730 896 1824 925 δεσπό-

1060 956 1120 976 τας·
1137 944 1188 982 ἄρα
1209 946 1304 976 ἐκεῖνος
1319 946 1332 972 6
1347 943 1487 982 αἷχυ.ά)ωτ
1489 955 1515 975 ος
1528 945 1569 978 ἠν,
1585 943 1684 980 μα’λλον
1705 941 1722 977 ἦ
1743 944 1822 971 οὗτοι.

1061 991 1119 1018 Ουκ
1138 993 1170 1024 ἠν
1192 1002 1259 1018 ουτω
1281 988 1442 1026 θαυμαστὸν,
1468 990 1490 1016 εἷ
1514 990 1541 1016 ἐν
1563 1000 1595 1027 τῃ
1620 987 1728 1026 πατρίδι
1750 987 1825 1020 ὄντας

1060 1035 1140 1064 ἐλθὼν
1155 1035 1334 1074 προσεκύνησε
1350 1037 1382 1073 τῇ
1400 1036 1509 1069 ἑαυτῶν,
1523 1033 1541 1068 ἢ
1556 1033 1740 1071 βασιλεύοντας
1754 1033 1824 1061 ἐκεῖ·

1060 1080 1089 1108 τὸ
1106 1080 1132 1109 δὲ
1155 1080 1316 1117 θαυμαστὸν,
1333 1079 1372 1108 ὅτι
1387 1079 1530 1116 δεσμεύσας
1552 1078 1655 1112 αὐτοὺς,
1670 1078 1715 1106 καὶ
1735 1077 1824 1107 λαὸὼν

1061 1125 1261 1164 αἰχμαλώτους,
1280 1125 1325 1152 καὶ
1340 1124 1408 1162 ἔχων
1429 1125 1455 1151 ἐν
1469 1125 1502 1161 τῇ
1517 1125 1610 1151 ἑαυτοῦ
1625 1122 1741 1161 ἐξουσίᾳ,
1755 1123 1824 1150 πάν-

1060 1183 1110 1198 των
1125 1170 1245 1209 ὁρώντων
1262 1172 1309 1198 οὐκ
1327 1169 1456 1208 ᾐσχύνετο
1474 1171 1671 1208 προσκυνῆσαι,
1686 1168 1731 1196 καὶ
1745 1171 1755 1184 ⁸
1769 1180 1823 1205 μα-

1059 1217 1109 1245 ναὰ
1123 1220 1239 1245 σπεῖσαι.
1250 1215 1348 1253 (Ορδίτε
1361 1215 1403 1244 ὅτι
1415 1214 1448 1242 τὰ
1462 1214 1541 1245 ὄντως
1554 1213 1665 1251 λαμπρὰ
1678 1213 1824 1250 πράγματα

1059 1261 1092 1290 τὰ
1107 1262 1175 1290 κατὰ
1189 1261 1256 1290 Θεόν
1271 1262 1342 1295 ἐστι,
1362 1260 1395 1288 τὰ
1417 1260 1444 1287 δὲ
1457 1258 1608 1297 ἀνθρώπινα
1623 1257 1702 1292 σκιά,
1716 1257 1823 1295 Ἤγνόει

1059 1308 1110 1345 ἄρα
1122 1306 1248 1338 δεσπότας
1264 1305 1372 1342 ἀπάγων
1386 1306 1484 1342 ἑαυτῷ,
1494 1303 1539 1331 καὶ
1551 1302 1594 1335 οὒς
1606 1302 1699 1340 ἔμελλε
1709 1313 1823 1340 προσκυ-

1058 1357 1110 1380 νεῖν
1125 1351 1245 1380 {vigam
1261 1352 1297 1382 εἷς
1312 1350 1436 1388 κάμινον·
1451 1350 1507 1378 ἀλλ’
1523 1350 1558 1381 ὡς
1577 1349 1641 1387 ὄναρ
1654 1350 1737 1376 ταῦτα
1751 1347 1822 1377 ἐκεί-

1059 1409 1112 1429 νοις
1125 1399 1166 1431 ἦν.
1175 1396 1342 1433 Φοὸηῡωμεν
1356 1397 1412 1429 οὖν,
1428 1394 1576 1432 ἂγαπητοι,
1587 1393 1631 1422 τὸν
1646 1393 1726 1429 Θεὸν,
1740 1392 1824 1432 906⁷,-

1060 1444 1158 1479 θῶμεν·
1174 1453 1222 1470 καν
1247 1442 1272 1468 ἐν
1293 1440 1464 1479 αἰχμα)ωσία
1485 1442 1566 1476 tiis-av,
1586 1438 1691 1467 πάντων
1711 1438 1823 1494 ιἐσομεθοι

1058 1487 1252 1525 λαμπρότεροι·
1268 1485 1346 1524 φόοος
1359 1485 1482 1524 παρέο-ω
1502 1486 1586 1520 Θεου,
1601 1496 1646 1513 και
1663 1483 1736 1512 οὖδεν
1748 1484 1823 1512 ἔσται

1060 1533 1185 1572 λυπηρὸν,
1200 1531 1247 1560 κᾶν
1262 1531 1352 1559 πενίαν
1374 1530 1462 1569 εἴπῃς,
1477 1530 1526 1558 κᾶν
1549 1530 1636 1565 νόσον,
1655 1529 1704 1557 κᾶν
1720 1530 1823 1567 ᾳῖχμα-

1059 1578 1168 1613 λωσιάν,
1181 1577 1228 1605 κᾶν
1242 1576 1370 1612 δουλείαν,
1380 1576 1428 1604 κᾶν
1442 1578 1526 1604 ὁτιοῦν
1538 1578 1590 1604 τῶν
1603 1577 1741 1613 λυπηρῶν·
1755 1573 1824 1602 ἀλλὰ

1069 1673 1157 1698 lectori
1170 1672 1270 1705 planam
1283 1672 1364 1697 facere
1377 1671 1463 1703 voluit,
1477 1679 1555 1704 neque
1567 1676 1683 1695 accurate
1695 1675 1789 1695 tamen.

669 1815 842 1843 MUTIANO
858 1815 1113 1844 SCHOLASTICO
1136 1812 1387 1844 INTERPRETE.

272 1926 332 1954 gere
346 1914 424 1949 bona,
439 1912 508 1941 illud
523 1919 611 1940 autem
628 1912 771 1951 impetrare
783 1919 808 1941 et
827 1912 859 1941 ad
875 1913 997 1942 effectum
1012 1913 1165 1952 perducere.
1181 1913 1322 1952 Propterea
1337 1912 1407 1940 dixit
1417 1911 1547 1951 propheta
1561 1923 1567 1939 ε
1585 1911 1769 1941 Recordabar
1781 1913 1823 1940 tui

271 1963 307 1990 de
320 1968 398 1990 terra
409 1960 560 1995 Iordanis,
575 1966 603 1987 et
618 1960 802 1988 Hermoniim
816 1961 853 1988 de
867 1967 964 1988 monle
976 1970 1078 1999 parvo.
1092 1960 1155 1988 Haec
1165 1959 1237 1988 dixit
1250 1959 1366 1999 populus
1379 1959 1406 1988 in
1422 1958 1572 1998 Babylonia
1588 1958 1756 1995 constitutus,
1768 1960 1822 1988 Re-

271 2009 414 2037 cordabor
423 2009 474 2035 tui.

274 2072 289 2092 '3
310 2054 345 2082 Et
361 2065 407 2082 nos
421 2053 504 2092 igitur
519 2059 657 2090 tamquam
673 2052 700 2081 in
714 2053 864 2092 Babylonia
879 2054 1070 2082 constituti***
1085 2064 1115 2082 ac
1133 2054 1156 2082 si
1171 2064 1224 2082 non
1239 2053 1266 2081 in
1280 2052 1370 2081 medio
1384 2052 1503 2080 hostium
1519 2052 1702 2088 considemus,
1715 2063 1825 2082 verum-

271 2107 358 2128 tamen
377 2100 445 2128 inter
455 2099 576 2127 inimicos
592 2109 694 2128 sumus.
713 2099 769 2128 Alii
785 2099 893 2138 quidem
911 2107 1047 2138 tamquam
1061 2100 1162 2139 captivi
1177 2099 1317 2135 sedebant,
1334 2099 1380 2126 alii
1393 2105 1483 2127 autem
1503 2108 1589 2136 neque
1610 2098 1757 2127 sentiebant
1779 2109 1824 2127 ea-

272 2147 435 2186 ptivitatem,
452 2147 520 2175 sieut
537 2146 643 2181 Daniel,
660 2146 730 2174 sieut
749 2153 802 2175 tres
822 2147 909 2186 pueri,
923 2147 969 2185 qni
988 2148 1015 2175 in
1035 2147 1188 2186 captivitate
1208 2157 1314 2185 quoque
1333 2146 1483 2180 constituti,
1495 2145 1530 2174 ab
1548 2146 1607 2185 ipso
1628 2155 1690 2184 rege
1709 2146 1757 2183 qui
1779 2156 1824 2175 eos

273 2195 392 2234 captivos
410 2194 524 2222 hahebat
545 2193 669 2222 clariores
684 2201 758 2222 erant
779 2195 885 2222 effecti:
902 2195 930 2223 in
944 2194 1001 2234 ipsa
1021 2195 1066 2222 illa
1085 2195 1235 2234 provincia,
1251 2205 1304 2232 qua
1321 2193 1421 2233 captivi
1441 2200 1526 2228 erant,
1538 2192 1727 2221 adorabantur.
1739 2193 1825 2223 Vides

275 2250 404 2280 quantum
421 2241 510 2270 virtus
531 2241 632 2269 est?in
654 2241 711 2280 ipsa
731 2242 887 2280 captivitate
901 2242 1058 2270 constitutos
1073 2243 1184 2271 curabat
1204 2249 1233 2271 ut
1248 2242 1381 2276 dominos,
1395 2241 1431 2269 ita
1451 2248 1481 2269 ut
1500 2247 1607 2280 putares
1626 2240 1705 2268 illum
1723 2240 1824 2280 magis,

275 2301 355 2328 quam
373 2289 432 2318 illos
450 2299 506 2317 esse
525 2288 670 2327 captivum.
687 2289 788 2327 Nempe
803 2289 925 2317 mirabile
945 2296 1010 2323 erat,
1025 2300 1097 2327 eum,
1114 2290 1136 2318 si
1151 2290 1178 2318 in
1197 2300 1244 2318 sua
1266 2289 1353 2328 patria
1373 2295 1459 2317 essent
1477 2287 1614 2316 constituti
1633 2293 1659 2317 et
1674 2294 1823 2326 regnarent,

275 2337 381 2366 veniens
398 2336 520 2365 adoraret
538 2346 582 2364 eos
593 2335 606 2364 ἶ)
617 2335 699 2370 Quod
711 2343 799 2364 autem
818 2336 906 2366 adhue
925 2337 1049 2365 mirabile
1062 2344 1130 2373 erat,
1145 2337 1208 2375 quia
1226 2337 1313 2375 ligans
1329 2347 1373 2365 eos
1392 2342 1417 2364 ct
1431 2345 1536 2364 sumens
1551 2341 1581 2363 ut
1595 2335 1715 2373 captivos
1729 2341 1756 2363 et
1774 2334 1825 2363 ba-

275 2383 338 2411 bens
356 2382 384 2411 in
407 2393 453 2411 sua
475 2388 620 2421 potestate,
635 2382 759 2410 omnibus
777 2381 932 2411 videntibus
954 2394 1007 2412 non
1030 2384 1137 2412 erubuit
1155 2394 1199 2412 eos
1217 2383 1338 2417 adorare,
1353 2389 1379 2411 et
1399 2392 1498 2420 agnum
1516 2380 1664 2409 immolare.
1680 2380 1823 2409 Intuemini

275 2429 338 2465 quia
355 2438 446 2456 revera
467 2438 508 2456 res
530 2428 584 2456 illae
605 2438 674 2456 verae
693 2434 766 2464 sunt,
782 2438 842 2466 quae
858 2428 894 2456 ad
904 2430 991 2457 Deum
1012 2430 1145 2468 pertinent
1159 2441 1167 2466 ;
1181 2440 1223 2458 res
1243 2440 1307 2458 vero
1327 2429 1451 2457 humanae
1471 2427 1575 2456 umhrae
1592 2433 1663 2455 sunt.
1677 2426 1824 2465 Ignorabat

275 2474 357 2512 igitur
369 2474 440 2511 quod
454 2474 503 2502 sihi
518 2474 640 2503 dominos
653 2473 836 2511 adducebant,
848 2482 873 2503 et
888 2486 954 2513 quos
972 2476 1132 2506 adoraturus
1146 2484 1202 2505 erat
1213 2488 1222 2514 ;
1238 2476 1311 2505 misit
1327 2486 1372 2505 eos
1386 2475 1485 2514 quippe
1496 2475 1524 2503 in
1537 2473 1672 2503 caminum
1685 2484 1692 2500 τ
1707 2473 1753 2501 sed
1772 2473 1824 2502 sie-

277 2528 306 2549 ut
319 2521 451 2549 somnium
465 2522 516 2550 hoc
531 2522 585 2550 illis
599 2529 663 2551 erat.
681 2522 835 2552 Timeamus
849 2523 936 2562 itaque
946 2547 953 2559 ‚
967 2523 1144 2561 dilectissimi,
1156 2524 1317 2561 Dominum,
1335 2524 1492 2559 timeamus,
1509 2532 1540 2550 ac
1555 2521 1577 2549 si
1589 2520 1669 2549 etiam
1686 2520 1714 2549 in
1737 2521 1824 2560 eapti-

278 2567 357 2595 vitate
378 2567 470 2601 simus,
483 2569 606 2597 omnibus
625 2569 723 2598 erimus
744 2570 867 2599 clariores
883 2583 889 2599 :
907 2571 986 2600 timor
1003 2571 1072 2600 adsit
1088 2573 1153 2607 Dei,
1168 2578 1193 2600 et
1208 2571 1275 2600 nihil
1287 2571 1337 2600 erit
1347 2571 1429 2599 triste.
1445 2567 1562 2599 Tametsi
1574 2574 1757 2608 paupertatem
1773 2567 1820 2597 di—

1871 2058 1883 2266 ὲ
