1886 2846
278 162 295 175 ’Ἰ

279 177 295 182 ..
562 160 590 181 S.
618 159 757 182 JOANNIS
783 157 963 180 ctttu'sosr.

233 161 272 195 ¹9

226 231 336 250 munere
356 220 522 255 sacerdotali,
544 226 569 248 ct
585 219 708 259 deinceps
729 219 806 248 sedit.
828 219 868 248 Nc
891 217 962 246 enim

226 266 361 295 existimes
384 276 444 294 cum
468 272 536 294 stare
546 265 616 304 apud
631 276 740 304 superos
750 288 756 299 ,
771 271 796 293 et
809 274 863 292 csse
879 262 960 291 inini-

228 319 329 343 strum,
345 310 459 340 ostendit
475 321 530 338 rem
546 321 601 339 esse
620 309 833 349 dispensationis.
850 309 918 336 Nam
935 314 964 334 ut

228 358 277 386 fuit
294 367 386 385 servus
404 378 412 393 ‚
429 356 465 384 ita
488 355 566 384 ctiam
587 355 708 384 sacerdos
725 362 750 382 ct
765 353 884 382 minister
900 350 963 379 :sed

228 404 294 432 sicut
310 413 371 431 cum
384 403 471 431 factus
482 409 549 431 esset
560 413 653 431 servus
666 424 673 435 ‚
688 411 738 429 non
754 399 849 427 mansit
858 408 962 434 servus,

228 450 263 477 ita
277 449 356 477 ctiam
371 458 431 476 cum
454 448 539 476 sactus
561 454 627 476 esset
644 445 783 477 minister,
801 454 852 472 non
868 443 1009 489 m³⁰⁵i²135

229 494 368 523 minister:
380 504 431 522 non
447 500 485 521 est
499 493 569 521 cuim
584 490 697 519 minis-ui
709 488 813 525 St’dct·,e
828 488 874 517 scd
886 495 964 517 state.
984 500 1001 521 Α

229 540 286 568 Hoc
295 550 358 578 crgo
370 539 413 567 hic
427 538 577 566 subindicat
590 511 941 572 magnitudinem⁷sac1tficn
956 558 963 572 ‚

229 585 316 623 quod,
331 595 414 613 unum
431 595 491 612 cum
514 589 595 617 essct,
611 580 725 616 suffecit,
741 587 765 608 et
789 581 870 609 semel
886 581 965 609 obla-

229 637 286 658 tum
301 637 403 658 tantum
416 628 510 667 potuit,
524 633 653 664 quantum
675 636 727 654 non
742 632 886 664 potuerunt
901 637 965 655 cun-

230 683 279 704 cta.
302 676 354 705 Sed
365 676 398 703 dc
418 675 458 702 his
476 672 595 701 nondum
610 684 616 699 :
630 679 732 701 tantum
748 673 818 700 enim
841 683 911 702 nunc
923 673 966 701 di-

230 723 265 752 cit
282 735 287 750 :
305 724 367 750 lloc
386 724 462 749 enim
471 720 559 748 semel
569 721 649 758 fecit.
665 719 806 754 Quodnam
818 720 831 748 ἶ)
844 721 966 749 Necesse

229 775 286 803 est,
304 767 516 804 in‹1uit‚haber·e
531 767 619 793 etiam
635 766 713 793 hunc
728 765 853 804 aliquid,
866 765 964 804 inquit,

229 814 306 852 quod
326 813 457 851 offena,-
477 821 529 839 non
552 821 602 850 pro
625 811 710 850 seipso
723 823 730 839 z
743 811 875 849 quomodo
895 812 966 840 enim

228 869 277 897 pro
299 868 326 885 se
349 857 476 886 offerebat
491 867 552 885 cum
572 857 754 896 impeccabilis
768 857 843 885 erat?
857 857 904 886 sed
918 868 966 897 pro

228 904 336 943 populo.
351 903 424 938 Quid
439 903 530 932 dicis?
541 910 567 931 et
579 913 631 932 non
643 914 710 943 opus
721 904 801 932 habct
812 904 907 932 offerre
919 915 966 944 pro

227 961 256 979 so
269 951 338 989 ipso,
360 957 385 979 et
405 956 509 978 tantum
522 951 626 989 potest?
638 951 726 988 Certe,
741 951 837 989 inquit.
850 952 919 980 Nam
935 963 967 980 ne

227 996 393 1025 existimares
412 995 482 1024 illud
492 1018 500 1029 ,
517 997 601 1024 Fecit
615 997 704 1024 semel
718 1019 726 1031 ,
739 997 773 1025 dc
789 997 846 1036 ipso
861 1007 968 1036 quoque

227 1041 329 1070 (lictum
344 1052 399 1070 csse
410 1063 417 1077 ‚
431 1041 497 1069 audi
518 1040 584 1079 quid
600 1041 671 1070 dicat
688 1054 694 1068 :
710 1043 771 1070 Lex
785 1045 861 1070 enim
876 1044 968 1071 homi-

230 1098 278 1116 nes
298 1089 447 1116 constituit
470 1087 632 1116 sacerdotes
651 1088 791 1116 habentes
808 1089 964 1126 infirmita·
986 1089 1003 1111 B

229 1140 285 1161 tem
295 1145 307 1166 ‚·
321 1140 346 1161 et
356 1133 416 1162 ideo
432 1133 512 1162 ctiam
527 1143 575 1171 pro
599 1143 627 1161 sc
647 1144 749 1172 semper
763 1134 881 1162 offerunt
897 1146 903 1161 :
919 1145 968 1173 po—

229 1186 285 1207 tens
297 1185 386 1207 autem
401 1178 447 1206 ilte
459 1201 467 1215 ,
486 1185 511 1206 et
527 1178 637 1216 quinon
652 1179 732 1208 hahet
746 1186 883 1219 peccatum
893 1203 901 1218 ‚
921 1191 969 1210 cur

229 1236 278 1264 pro
290 1236 317 1253 se
329 1225 426 1253 offerat
435 1225 450 1252 ?
461 1224 533 1263 Ergo
548 1235 600 1252 non
615 1235 664 1264 pro
677 1225 765 1264 seipso
777 1248 784 1261 ‚
796 1226 843 1254 scd
856 1237 905 1265 pro
920 1237 969 1266 po-

229 1271 293 1309 pulo
301 1270 407 1307 obtulit,
417 1268 497 1308 idque
507 1271 595 1298 semel.
609 1272 657 1300 228.
673 1271 770 1300 Sermo
781 1278 876 1300 aulem
887 1274 972 1312 juris-

224 1318 352 1356 jurandi
364 1319 414 1356 qui
424 1324 489 1356 post
501 1317 590 1356 legem
605 1324 657 1354 est,
668 1319 779 1346 Filium
791 1320 822 1345 in
833 1325 972 1346 [eternum

227 1363 396 1402 perfectum.
418 1362 493 1396 Quid
518 1369 566 1396 cst,
596 1363 764 1401 Perfectum
778 1366 790 1391 Ρ
813 1364 872 1391 Non
895 1364 972 1403 ponit

229 1409 327 1436 Paulus
351 1408 472 1447 proprias
487 1418 547 1445 ‹111ae
571 1415 744 1446 opponuntur
765 1403 969 1438 distinctiones:

229 1465 290 1482 nan]
307 1464 367 1482 cum
379 1453 505 1489 dixisset,
517 1455 666 1482 Habentes
686 1455 901 1493 infirmitatem,
917 1465 968 1483 non

229 1501 317 1535 dixit,
340 1500 442 1528 Filium
460 1507 593 1539 potentem
605 1523 612 1536 ‚
632 1500 676 1529 sed
691 1523 698 1534 ,
720 1502 901 1540 Perfectum,
919 1502 970 1530 hoc

230 1552 268 1574 est
279 1568 286 1581 ‚
299 1552 431 1585 potentem
442 1557 449 1582 ;
462 1546 537 1583 quasi
552 1545 625 1574 dicas
636 1568 643 1580 ‚
658 1546 717 1574 Non
733 1546 808 1575 vides
830 1546 903 1585 quod
924 1557 971 1575 no-

230 1602 289 1620 men
303 1614 310 1628 ,
330 1592 425 1620 Filius
435 1614 442 1628 ,
458 1591 560 1620 dictum
571 1592 621 1628 sit,
638 1599 667 1620 ut
678 1603 738 1621 eum
762 1603 837 1622 servo
852 1601 969 1632 opponat
986 1601 1003 1623 c

263 1690 272 1701 ἓ
291 1683 351 1715 [περὶ
363 1684 445 1708 τούτων
458 1683 498 1713 A]

995 156 1150 178 Attcttttit’.
1179 155 1448 180 CONSTANTINOP-

1019 216 1047 245 τὸ
1068 217 1243 256 μεγαλεῖον,ἣ
1263 217 1357 255 ἤρκεσε
1379 218 1425 255 μία
1445 213 1518 253 οῧσα,
1530 219 1575 247 καὶ
1593 218 1661 251 ἅπαξ
1682 227 1778 256 προσε-

1017 265 1152 301 νεχθεῖσα,
1166 264 1286 291 τοσοῦτον
1301 262 1360 291 ὅσον
1376 264 1402 291 αἱ
1416 267 1499 291 πᾶσαι
1516 265 1562 292 οὐκ
1575 264 1696 302 ἴσχυσαν.
1711 262 1779 290 Ἀλλ’

1018 307 1089 336 οὔπω
1108 312 1118 322 ““·
1132 308 1191 346 περὶ
1203 308 1293 337 τούτου
1305 320 1310 325 ·
1326 312 1445 337 τοσοῦτον
1465 308 1492 338 δὲ
1512 309 1576 341 τέως
1599 310 1678 347 φησί·
1695 310 1781 337 Τοῦτο

1017 353 1067 392 γὰρ
1082 353 1201 389 ἐποίησεν
1217 353 1328 392 ἐφάπαξ.
1340 355 1441 389 Τοῦτο,
1456 359 1528 383 ποῖον
1542 367 1548 389 ;
1564 354 1716 393 Ἀναγκαῖον
1730 352 1780 391 γὰρ

1018 399 1096 438 ἔχειν,
1112 399 1189 437 φησὶ,
1201 399 1226 427 τὶ
1243 400 1288 427 καὶ
1300 401 1389 428 τοῦτον
1404 399 1417 428 ὃ
1431 399 1592 439 προσενέγκῃ
1603 412 1608 417 ·
1621 401 1650 428 οὗ
1665 400 1695 428 τὸ
1716 397 1782 436 ὑπὲρ

1020 446 1128 473 {otu-:0¹3¹
1142 446 1197 477 πῶς
1217 444 1267 483 γὰρ
1285 444 1350 484 ὑπὲρ
1372 446 1463 473 ἑαυτοῦ
1486 445 1643 484 προσέφερεν
1664 443 1782 482 ἀναμάρ-

1019 502 1097 525 τητος
1117 490 1168 525 ὤν;
1188 492 1246 519 ἀλλ’
1266 491 1331 529 ὑπὲρ
1352 494 1397 519 τοῦ
1418 491 1491 519 λαοῦ.
1513 489 1548 518 Τί
1570 489 1669 528 λέγεις;
1687 489 1732 518 καὶ
1753 489 1781 517 οὐ

1020 537 1102 564 δεῖται
1120 548 1165 565 του
1186 535 1340 575 προσφέρειν
1356 535 1404 564 ὗπὲ
1406 547 1422 592 ρ
1446 537 1554 570 ἑαυτοῦ,
1567 536 1624 563 ἀλλ’
1638 535 1722 573 ἰσχύει
1740 545 1781 562 το-

1020 594 1125 618 σουτον;
1139 582 1205 617 Nm,
1220 581 1306 621 φησίν.
1318 581 1374 610 Ἵνα
1385 581 1436 620 γὰρ
1451 580 1487 618 μὴ
1503 580 1612 618 νομίσῃς
1623 591 1663 615 το,
1675 579 1784 614 Ἐποίη-

1022 640 1064 656 σεν
1086 628 1204 667 ἐφάπαξ,
1223 627 1268 656 καὶ
1289 627 1349 666 περὶ
1372 629 1449 655 αὐτοῦ
1472 628 1605 666 εἰρησΟαι,
1628 625 1737 654 ἄκουσον
1759 624 1784 652 τί

1152 673 1185 703 O
1211 673 1289 710 νόυος
1314 672 1364 711 γὰρ
1387 671 1538 711 ἀνθρώπους
1560 670 1713 706 καθίστησιν
1735 671 1783 708 ἀρ-

1021 724 1117 758 χιερεῖς
1137 719 1244 759 ἔχοντας
1265 719 1410 750 ἀσθένειαν,
1426 718 1476 746 Διὰ
1496 721 1571 746 τοῦτο
1596 716 1640 745 καὶ
1660 715 1700 745 ἀεὶ
1720 715 1787 754 ὑπὲρ

1022 685 1130 712 ΞπῖΖΥΞῑ’

1022 767 1120 794 ἑαυτῶν
1141 765 1346 804 προοφερουσιν·
1366 767 1379 793 ὁ
1401 763 1488 802 μέντοι
1515 762 1621 795 δυνατὸς
1645 761 1690 797 ὢν,
1711 762 1724 790 ὅ
1748 761 1785 799 μὴ

1022 811 1089 849 ἔχων
1105 811 1246 850 ἁμαρτίαν,
1258 810 1325 843 τίνος
1344 810 1428 839 ἕνεκεν
1444 808 1508 849 ὑπὲρ
1523 811 1615 837 ἑαυτοῦ
1631 806 1786 847 προσφέρει;

1021 856 1087 895 Ἄρα
1101 857 1148 895 οὐχ
1163 856 1228 895 ὑπὲρ
1241 858 1341 891 ἑαυτοῦ,
1353 856 1410 884 ἀλλ’
1424 854 1490 894 ὑπὲρ
1501 857 1545 883 τοῦ
1556 855 1620 882 λαοῦ
1634 852 1787 891 προσέφερε·

1022 902 1067 931 καὶ
1086 906 1162 931 τοῦτο
1179 901 1290 940 ἐφάπαξ.
1305 901 1339 930 Ὁ
1361 901 1435 939 λόγος
1451 900 1478 929 δὲ
1494 901 1540 934 τῆς
1558 897 1722 939 ὁρκωμοσίας
1743 900 1790 932 τῆς

1023 948 1090 986 μετὰ
1105 948 1147 977 τὸν
1170 948 1258 986 νόμον,
1274 946 1336 976 Υἱὸν
1353 948 1388 979 εἷς
1414 946 1457 974 τὸν
1475 946 1558 974 αἰῶνα
1579 942 1790 981 τετελειωμένον.

1023 993 1230 1030 Τετελειωμένον
1250 993 1275 1020 τί
1292 993 1378 1027 ἐστιν;
1393 990 1467 1031 ςΌραι
1478 1003 1483 1007 ·
1499 992 1527 1019 οὗ
1542 990 1629 1025 τίθησι
1648 988 1695 1021 τὰς
1714 990 1788 1017 ἀντι-

1023 1039 1161 1071 διαστολὰς
1180 1041 1193 1066 ὁ
1214 1039 1320 1070 Παῦλος
1345 1038 1448 1076 κυρίας·
1470 1036 1549 1066 εἰπὼν
1570 1036 1638 1075 γὰρ,
1659 1034 1790 1074 Ἔχοντας

1023 1084 1166 1119 ἀσθένειαν,
1180 1087 1226 1113 οὐκ
1242 1079 1312 1112 εἶπεν
1330 1083 1392 1112 Υἱὸν
1416 1082 1533 1118 δυνατὸν,
1549 1082 1629 1116 ἀλλὰ,
1641 1081 1790 1109 Τετελειω-

1025 1130 1110 1168 μένον,
1124 1130 1258 1166 τουτέστι,
1273 1129 1392 1165 δυνατὸν,
1408 1130 1443 1161 ὡς
1461 1128 1491 1156 ἂν
1506 1128 1574 1157 εἴποι
1588 1139 1637 1159 τις.
1654 1125 1736 1164 (Ορᾷς
1749 1125 1789 1154 ὅτι

1023 1175 1063 1211 τὸ,
1078 1176 1153 1211 Υἱὸς,
1166 1176 1248 1213 ὄνομα
1263 1176 1326 1214 πρὸς
1341 1174 1538 1209 ἀντιδιαστολὴν
1553 1176 1598 1201 τοῦ
1611 1171 1701 1201 δούλου
1719 1171 1790 1210 εἴρῃ,

1024 1234 1080 1257 ται;
1099 1221 1243 1250 Ἀσθένειαν
1264 1220 1291 1250 δὲ
1314 1220 1331 1255 ἢ
1355 1219 1401 1255 τὴν
1428 1219 1559 1258 ἁμαρτίαν
1590 1217 1682 1256 φησιν,
1705 1216 1723 1251 ἢ
1746 1217 1790 1245 τὸν

1025 1268 1143 1296 θάνατον.
1163 1267 1198 1295 Τί
1223 1267 1303 1299 ἔστιν,
1324 1267 1371 1297 Εἰς
1393 1266 1436 1294 τὸν
1458 1267 1557 1299 αἰῶνας
1578 1265 1618 1292 Οὐ
1643 1265 1688 1292 νῦν
1713 1262 1789 1300 μόνον

1025 1313 1218 1352 ἀναμάρτητον,
1228 1312 1317 1350 φησὶν,
1326 1312 1382 1339 ἀλλ’
1399 1310 1448 1339 ἀεί.
1461 1311 1493 1339 Εἰ
1503 1309 1588 1338 τοίνυν
1600 1309 1696 1342 τέλειός
1710 1310 1790 1345 ἔστιν,

1024 1361 1046 1387 εἰ
1061 1358 1192 1396 μηδέποτε
1208 1356 1368 1397 ἁμαρτάνει,
1380 1357 1402 1385 εἰ
1417 1356 1457 1385 ἀεὶ
1472 1357 1514 1394 ζῇ,
1525 1355 1593 1388 τίνος
1608 1354 1694 1383 ἕνεκεν
1707 1366 1790 1394 προσ-

1023 1404 1089 1432 οίσει
1109 1403 1238 1435 πολλάκις
1259 1401 1325 1441 ὑπὲρ
1347 1403 1423 1440 ἡμῶν
1446 1401 1548 1436 θυσίαςς
1560 1400 1639 1430 Αλλὰ
1658 1400 1723 1432 τέως
1741 1398 1788 1438 μὲν

1023 1449 1088 1488 ὑπὲρ
1103 1449 1193 1478 τούτου
1209 1449 1256 1478 οὐκ
1268 1448 1442 1487 ἰσχυρίζεται·
1453 1447 1520 1487 ὓπὲρ
1534 1447 1561 1476 δὲ
1572 1458 1615 1475 του
1628 1445 1664 1484 μὴ
1676 1457 1788 1485 προσεμ-

1025 1508 1051 1534 ρε
1041 1508 1076 1524 ιν
1092 1495 1168 1524 αὐτὸν
1184 1495 1250 1533 ὑπὲρ
1263 1495 1365 1530 ἑαυτοῦ,
1379 1496 1455 1522 τοῦτο
1469 1493 1638 1533 ἰσχυρίζεται.
1653 1491 1730 1521 Επεὶ
1744 1493 1788 1520 οὖν

1023 1547 1136 1573 τοιοῦτον
1158 1542 1253 1582 ἔχομεν
1278 1542 1416 1581 ἀρχιερέα,
1437 1540 1615 1580 μιμησόμεθα
1637 1539 1724 1576 αὐτὸν,
1743 1538 1788 1567 καὶ

1023 1593 1083 1622 κατ’
1100 1594 1171 1632 ἴχνος
1185 1594 1262 1622 αὐτοῦ
1281 1592 1423 1630 βαίνωμεν.
1439 1592 1498 1620 Οὔκ
1521 1590 1590 1619 ἔστιν
1611 1590 1678 1625 ἄλλη
1699 1588 1783 1618 θυσία·

645 1785 697 1812 ML·
704 1784 819 1813 TIANO
842 1785 1096 1814 SCHOLASTICO
1119 1784 1369 1814 INTERPRETE.

228 1882 284 1919 jam
299 1880 426 1908 considet.
440 1881 480 1909 Nc
493 1887 568 1919 putes
582 1890 643 1909 eum
661 1891 767 1910 sursum
782 1888 867 1919 stare,
879 1889 904 1911 et
918 1882 1071 1911 ministrum
1088 1893 1152 1912 esse.
1175 1883 1254 1912 Unde
1275 1881 1390 1911 ostendit
1402 1904 1411 1919 ,

1435 1881 1498 1919 quia
1522 1880 1727 1920 dispensationis
1745 1891 1786 1909 rcs

231 1928 299 1955 sacta
312 1933 359 1954 est.
374 1926 451 1955 Sicut
465 1927 535 1954 enim
548 1937 640 1955 servus
651 1927 736 1955 factus
752 1934 808 1965 est,
824 1928 862 1956 sic
882 1935 907 1957 et
923 1929 1043 1968 pontifex
1055 1936 1081 1958 et
1095 1929 1236 1965 minister;
1251 1928 1298 1958 sed
1312 1928 1381 1957 sicut
1402 1938 1494 1956 servus
1508 1928 1609 1961 factus,
1626 1937 1679 1956 non
1690 1927 1787 1956 mansit

231 1983 334 2009 servus,
352 1973 390 2001 sic
401 1979 426 2001 et
439 1972 561 2001 minister
569 1973 668 2009 factus,
681 1983 733 2002 non
746 1974 844 2002 mansit
860 1974 981 2003 minister
997 1987 1002 2002 :
1016 1985 1068 2004 non
1089 1975 1160 2004 enim
1181 1975 1299 2004 ministri
1319 1981 1358 2003 est
1379 1975 1486 2012 sedere,
1499 1973 1545 2002 sed
1558 1980 1638 2002 stare.
1654 1973 1711 2002 Hoc
1723 1984 1786 2012 ergo

232 2021 276 2049 hic
301 2020 434 2059 significat
458 2020 674 2058 magnitudinem
695 2021 832 2056 sacrificii,
847 2022 987 2051 ostendens
1009 2022 1083 2060 quod
1099 2023 1231 2057 sufficiat,
1248 2022 1372 2060 quamvis
1386 2032 1472 2050 unum
1493 2028 1559 2049 esset
1574 2027 1600 2049 et
1619 2021 1699 2049 semel
1720 2027 1787 2049 esset

232 2068 352 2096 oblatum
364 2088 373 2102 ‚
390 2073 416 2094 et
426 2072 530 2094 tantum
542 2067 687 2106 praevaluit
698 2089 706 2104 ‚
722 2075 852 2104 quantum
865 2069 954 2097 omnia
970 2075 1062 2097 caetera
1075 2079 1127 2097 non
1142 2069 1276 2097 valebant.
1293 2068 1348 2097 Sed
1362 2068 1475 2097 necdum
1488 2078 1521 2096 nc
1531 2067 1566 2096 de
1580 2067 1638 2096 istis
1654 2067 1785 2105 loquitur.

232 2117 289 2144 Hoc
303 2115 373 2143 enim
388 2113 451 2142 fecit
461 2135 470 2151 ,
483 2113 586 2152 inquit,
595 2114 646 2143 hoc
657 2114 718 2142 fecit
729 2114 768 2152 [1.
780 2116 845 2143 Hoc
858 2117 933 2144 en1'm
944 2117 1034 2144 semel
1046 2117 1129 2155 fecit,
1144 2117 1240 2155 inquit.
1259 2116 1402 2151 Quodnam
1416 2115 1467 2144 hoc
1480 2115 1542 2143 fecit.
1554 2115 1586 2152 Ρ]
1602 2115 1786 2144 Necessarium

232 2162 302 2190 enim
315 2160 426 2195 habuit,
443 2159 546 2197 inquit,
564 2160 644 2188 ctiam
660 2160 711 2188 hoc
722 2160 794 2198 quod
809 2161 932 2199 offerret,
949 2173 1001 2190 non
1012 2173 1060 2201 pro
1075 2173 1102 2191 se
1117 2163 1269 2201 :quomodo
1284 2163 1355 2191 enim
1367 2173 1415 2201 pro
1429 2172 1456 2190 sc
1470 2161 1601 2190 offerret?
1615 2160 1661 2189 sed
1674 2172 1723 2200 pro
1738 2171 1786 2200 po-

233 2209 306 2248 pulo.
322 2206 396 2243 Quid
409 2206 499 2235 dicis?
512 2206 547 2235 Et
561 2207 633 2235 valet
645 2207 695 2235 hoc
708 2207 789 2235 etiam
800 2230 806 2241 ,
822 2208 918 2246 inquit.
933 2210 994 2237 Lex
1008 2212 1086 2238 enim
1100 2211 1230 2238 homines
1242 2211 1391 2238 constituit
1403 2209 1568 2237 sacerdotes
1584 2208 1787 2247 infirmitatem

233 2257 382 2283 hahentes.
404 2255 458 2282 Iste
477 2260 564 2282 autem
579 2263 631 2281 non
654 2264 704 2292 pro
725 2264 751 2282 se
765 2254 861 2283 offerre
875 2265 943 2294 opus
963 2255 1079 2284 habuit?
1092 2256 1164 2293 Non,
1180 2256 1278 2294 inquit.
1292 2257 1332 2284 Ne
1346 2255 1416 2284 euim
1432 2262 1510 2295 putes
1525 2255 1552 2283 in
1566 2265 1597 2283 eo
1611 2254 1684 2293 quod
1698 2254 1784 2291 dixit,

236 2304 329 2332 Semel
339 2303 421 2341 fecit,
435 2302 514 2330 etiam
531 2300 565 2329 de
583 2311 613 2329 eo
627 2300 681 2329 dici
699 2301 823 2330 ostendit.
837 2302 911 2331 Audi
925 2314 988 2342 ergo
1004 2303 1071 2341 quid
1085 2303 1150 2332 dicit
1166 2305 1263 2338 :Le.t,
1280 2303 1367 2342 inquit
1379 2325 1386 2339 ‚
1402 2304 1531 2331 homines
1549 2304 1700 2332 constituit
1711 2314 1786 2342 pon-

236 2352 326 2390 tifices
338 2351 476 2379 habentes
489 2349 700 2387 infirmitatem.
714 2349 856 2388 Propterea
866 2357 890 2379 et
903 2361 1007 2390 semper
1019 2362 1067 2390 pro
1084 2362 1111 2380 se
1127 2352 1243 2380 usserunt
1259 2363 1265 2379 :
1279 2351 1327 2380 istc
1339 2358 1429 2379 autem
1445 2357 1553 2389 potenS,
1570 2350 1616 2388 qui
1635 2360 1687 2378 non
1706 2350 1786 2379 habet

237 2404 372 2436 peccatum
383 2419 390 2432 ‚
406 2407 487 2434 quare
501 2407 564 2435 crgo
578 2406 627 2436 pro
640 2407 667 2425 se
680 2397 785 2425 offerret
797 2397 810 2425 ἶ)
822 2408 871 2437 pro
885 2399 946 2427 aliis
959 2406 1048 2428 autem
1067 2399 1185 2428 fortassis
1199 2399 1278 2428 habet
1290 2399 1427 2427 rationem.
1443 2399 1542 2427 Sermo
1556 2404 1667 2433 autem,
1679 2397 1783 2436 inquit,

234 2445 441 2483 jurisjurandi,
452 2446 502 2483 qni
510 2451 573 2483 post
585 2444 674 2483 legem
691 2450 748 2481 est,
761 2446 870 2474 Filium
880 2449 1028 2475 constituit
1040 2449 1071 2475 in
1083 2453 1249 2486 perpetuum
1259 2447 1430 2486 perfectum.
1444 2444 1517 2480 Quid
1529 2452 1579 2479 cst,
1593 2445 1760 2484 Perfectum
1771 2449 1785 2472 P

239 2492 294 2519 Non
319 2491 392 2529 ponit
420 2491 520 2519 Paulus
541 2491 731 2521 distinctiones.
758 2494 900 2531 Postquam
917 2493 987 2522 enim
1005 2494 1089 2530 dixit,
1106 2496 1254 2523 Habentes
1271 2495 1491 2533 irtfit-rtzitatem,
1508 2502 1559 2520 non
1577 2491 1659 2529 dixit,
1685 2492 1786 2522 Filium

239 2543 383 2574 potentem,
399 2536 459 2574 scd,
479 2539 662 2575 Perfectum:
680 2538 729 2568 hoc
743 2546 796 2574 cst,
812 2547 954 2579 potentem.
973 2541 1124 2579 Tamquam
1143 2541 1164 2570 si
1179 2540 1277 2570 diceret
1295 2554 1299 2569 :
1318 2539 1401 2569 Vides
1418 2539 1543 2578 quoniam
1564 2538 1626 2568 Filii
1642 2549 1735 2569 nomen
1751 2539 1783 2568 ad
