<?xml version="1.0" encoding="UTF-8"?>
<!DOCTYPE html PUBLIC "-//W3C//DTD XHTML 1.0 Transitional//EN"
    "http://www.w3.org/TR/xhtml1/DTD/xhtml1-transitional.dtd">
<html xmlns="http://www.w3.org/1999/xhtml" xml:lang="en" lang="en">
 <head>
  <title>
</title>
<meta http-equiv="Content-Type" content="text/html;charset=utf-8" />
  <meta name='ocr-system' content='tesseract 3.04.00' />
  <meta name='ocr-capabilities' content='ocr_page ocr_carea ocr_par ocr_line ocrx_word'/>
</head>
<body>
  <div class='ocr_page' id='page_1' title='image "./operaomniaquaeex12johnuoft/operaomniaquaeex12johnuoft_0045.png"; bbox 0 0 1886 2846; ppageno 0'>
   <div class='ocr_carea' id='block_1_1' title="bbox 485 167 654 189">
    <p class='ocr_par' dir='ltr' id='par_1_1' title="bbox 485 167 654 189">
     <span class='ocr_line' id='line_1_1' title="bbox 485 167 654 189; baseline 0 0"><span class='ocrx_word' id='word_1_1' title='bbox 485 167 518 189; x_wconf 85' lang='lat' dir='ltr'>IN</span> <span class='ocrx_word' id='word_1_2' title='bbox 547 167 654 189; x_wconf 68' lang='lat' dir='ltr'>EPtST.</span> 
     </span>
    </p>
   </div>
   <div class='ocr_carea' id='block_1_2' title="bbox 685 166 924 189">
    <p class='ocr_par' dir='ltr' id='par_1_2' title="bbox 685 166 924 189">
     <span class='ocr_line' id='line_1_2' title="bbox 685 166 924 189; baseline -0.004 0"><span class='ocrx_word' id='word_1_3' title='bbox 685 167 730 189; x_wconf 75' lang='lat' dir='ltr'>AD</span> <span class='ocrx_word' id='word_1_4' title='bbox 757 166 924 189; x_wconf 70' lang='lat' dir='ltr'>llEBRAEOS.</span> 
     </span>
    </p>
   </div>
   <div class='ocr_carea' id='block_1_3' title="bbox 955 157 1678 189">
    <p class='ocr_par' dir='ltr' id='par_1_3' title="bbox 955 157 1678 189">
     <span class='ocr_line' id='line_1_3' title="bbox 955 157 1678 189; baseline 0 -1"><span class='ocrx_word' id='word_1_5' title='bbox 955 165 1032 188; x_wconf 63' lang='lat' dir='ltr'>car.</span> <span class='ocrx_word' id='word_1_6' title='bbox 1064 167 1086 188; x_wconf 89' lang='grc' dir='ltr'>ι.</span> <span class='ocrx_word' id='word_1_7' title='bbox 1641 157 1678 189; x_wconf 77' lang='lat'>&#39;⁴31</span> 
     </span>
    </p>
   </div>
   <div class='ocr_carea' id='block_1_4' title="bbox 1117 167 1302 190">
    <p class='ocr_par' dir='ltr' id='par_1_4' title="bbox 1117 167 1302 190">
     <span class='ocr_line' id='line_1_4' title="bbox 1117 167 1302 190; baseline 0.011 -2"><span class='ocrx_word' id='word_1_8' title='bbox 1117 167 1234 190; x_wconf 81' lang='lat' dir='ltr'>qutL.</span> <span class='ocrx_word' id='word_1_9' title='bbox 1267 169 1302 190; x_wconf 88' lang='grc'>11.</span> 
     </span>
    </p>
   </div>
   <div class='ocr_carea' id='block_1_5' title="bbox 116 227 1684 268">
    <p class='ocr_par' dir='ltr' id='par_1_5' title="bbox 116 227 1684 268">
     <span class='ocr_line' id='line_1_5' title="bbox 116 227 1684 268; baseline 0 -11"><span class='ocrx_word' id='word_1_10' title='bbox 116 230 167 268; x_wconf 83' lang='grc' dir='ltr'>ρόν.</span> <span class='ocrx_word' id='word_1_11' title='bbox 181 229 256 264; x_wconf 86' lang='grc' dir='ltr'>Πλὴν</span> <span class='ocrx_word' id='word_1_12' title='bbox 281 231 302 257; x_wconf 76' lang='grc' dir='ltr'>εἱ</span> <span class='ocrx_word' id='word_1_13' title='bbox 322 230 359 257; x_wconf 73' lang='grc' dir='ltr'>δεῖ</span> <span class='ocrx_word' id='word_1_14' title='bbox 378 229 446 267; x_wconf 75' lang='grc' dir='ltr'>μέγα</span> <span class='ocrx_word' id='word_1_15' title='bbox 468 233 580 268; x_wconf 70' lang='grc' dir='ltr'>φρονεῖν,</span> <span class='ocrx_word' id='word_1_16' title='bbox 603 229 646 257; x_wconf 77' lang='grc' dir='ltr'>ἐπὶ</span> <span class='ocrx_word' id='word_1_17' title='bbox 662 228 737 267; x_wconf 80' lang='grc' dir='ltr'>πενίᾳ</span> <span class='ocrx_word' id='word_1_18' title='bbox 748 251 754 263; x_wconf 88' lang='grc'><strong><em>,</em></strong></span> <span class='ocrx_word' id='word_1_19' title='bbox 770 229 817 257; x_wconf 75' lang='grc' dir='ltr'>οὐκ</span> <span class='ocrx_word' id='word_1_20' title='bbox 841 227 883 257; x_wconf 77' lang='grc' dir='ltr'>ἐπὶ</span> <span class='ocrx_word' id='word_1_21' title='bbox 899 249 922 267; x_wconf 58' lang='lat'>,2</span> <span class='ocrx_word' id='word_1_22' title='bbox 940 227 1071 256; x_wconf 80' lang='lat' dir='ltr'><em>meliora.</em></span> <span class='ocrx_word' id='word_1_23' title='bbox 1088 228 1174 258; x_wconf 81' lang='lat' dir='ltr'>Ambo</span> <span class='ocrx_word' id='word_1_24' title='bbox 1190 229 1272 268; x_wconf 81' lang='lat' dir='ltr'>igitur</span> <span class='ocrx_word' id='word_1_25' title='bbox 1283 235 1345 258; x_wconf 89' lang='lat' dir='ltr'>sunt</span> <span class='ocrx_word' id='word_1_26' title='bbox 1358 228 1445 257; x_wconf 87' lang='lat' dir='ltr'>utilia.</span> <span class='ocrx_word' id='word_1_27' title='bbox 1464 228 1620 266; x_wconf 78' lang='lat' dir='ltr'>Arrogantia</span> <span class='ocrx_word' id='word_1_28' title='bbox 1636 240 1684 257; x_wconf 88' lang='lat' dir='ltr'>au-</span> 
     </span>
    </p>
   </div>
   <div class='ocr_carea' id='block_1_6' title="bbox 114 274 884 359">
    <p class='ocr_par' dir='ltr' id='par_1_6' title="bbox 114 274 884 359">
     <span class='ocr_line' id='line_1_6' title="bbox 115 274 884 314; baseline -0.004 -10"><span class='ocrx_word' id='word_1_29' title='bbox 115 275 219 314; x_wconf 82' lang='grc' dir='ltr'>πλούτῳ</span> <span class='ocrx_word' id='word_1_30' title='bbox 235 276 283 303; x_wconf 77' lang='grc' dir='ltr'>δεῖ.</span> <span class='ocrx_word' id='word_1_31' title='bbox 300 274 351 303; x_wconf 78' lang='grc' dir='ltr'>Διὰ</span> <span class='ocrx_word' id='word_1_32' title='bbox 366 274 390 302; x_wconf 85' lang='grc' dir='ltr'>τί</span> <span class='ocrx_word' id='word_1_33' title='bbox 402 286 409 309; x_wconf 83' lang='lat'>;</span> <span class='ocrx_word' id='word_1_34' title='bbox 419 274 484 303; x_wconf 71' lang='lat' dir='ltr'>“Ort</span> <span class='ocrx_word' id='word_1_35' title='bbox 497 278 510 304; x_wconf 85' lang='grc' dir='ltr'>ὁ</span> <span class='ocrx_word' id='word_1_36' title='bbox 523 277 548 304; x_wconf 79' lang='grc' dir='ltr'>ἐν</span> <span class='ocrx_word' id='word_1_37' title='bbox 561 275 656 314; x_wconf 74' lang='grc' dir='ltr'>ὀλίγοις</span> <span class='ocrx_word' id='word_1_38' title='bbox 669 277 715 314; x_wconf 74' lang='grc' dir='ltr'>ζῇν</span> <span class='ocrx_word' id='word_1_39' title='bbox 729 274 884 312; x_wconf 78' lang='grc' dir='ltr'>δυνάμενος,</span> 
     </span>
     <span class='ocr_line' id='line_1_7' title="bbox 114 320 884 359; baseline -0.001 -10"><span class='ocrx_word' id='word_1_40' title='bbox 114 323 158 349; x_wconf 70' lang='grc' dir='ltr'>τοῦ</span> <span class='ocrx_word' id='word_1_41' title='bbox 176 320 212 359; x_wconf 82' lang='grc' dir='ltr'>μὴ</span> <span class='ocrx_word' id='word_1_42' title='bbox 229 320 372 359; x_wconf 77' lang='grc' dir='ltr'>δυναμένου</span> <span class='ocrx_word' id='word_1_43' title='bbox 390 322 479 359; x_wconf 77' lang='grc' dir='ltr'>πολλῷ</span> <span class='ocrx_word' id='word_1_44' title='bbox 495 320 589 359; x_wconf 77' lang='grc' dir='ltr'>μείζων</span> <span class='ocrx_word' id='word_1_45' title='bbox 606 321 651 350; x_wconf 76' lang='grc' dir='ltr'>καὶ</span> <span class='ocrx_word' id='word_1_46' title='bbox 666 320 792 359; x_wconf 78' lang='grc' dir='ltr'>κρείττων</span> <span class='ocrx_word' id='word_1_47' title='bbox 806 320 884 349; x_wconf 80' lang='grc' dir='ltr'>ἐστίν.</span> 
     </span>
    </p>
   </div>
   <div class='ocr_carea' id='block_1_7' title="bbox 117 554 893 1561">
    <p class='ocr_par' dir='ltr' id='par_1_7' title="bbox 117 554 893 1561">
     <span class='ocr_line' id='line_1_8' title="bbox 159 554 886 595; baseline -0.007 -8"><span class='ocrx_word' id='word_1_48' title='bbox 159 557 227 587; x_wconf 77' lang='grc' dir='ltr'>Εἰπὲ</span> <span class='ocrx_word' id='word_1_49' title='bbox 242 556 291 595; x_wconf 84' lang='grc' dir='ltr'>γάρ</span> <span class='ocrx_word' id='word_1_50' title='bbox 314 567 376 593; x_wconf 76' lang='grc' dir='ltr'>μοι,</span> <span class='ocrx_word' id='word_1_51' title='bbox 392 557 414 584; x_wconf 84' lang='grc' dir='ltr'>εἷ</span> <span class='ocrx_word' id='word_1_52' title='bbox 434 555 582 590; x_wconf 67' lang='grc' dir='ltr'>κληθέντων</span> <span class='ocrx_word' id='word_1_53' title='bbox 604 556 639 587; x_wconf 86' lang='grc' dir='ltr'>εἷς</span> <span class='ocrx_word' id='word_1_54' title='bbox 655 554 795 592; x_wconf 80' lang='grc' dir='ltr'>βασιλικὴν</span> <span class='ocrx_word' id='word_1_55' title='bbox 810 554 886 583; x_wconf 85' lang='grc' dir='ltr'>πόλιν</span> 
     </span>
     <span class='ocr_line' id='line_1_9' title="bbox 119 599 887 640; baseline -0.005 -8"><span class='ocrx_word' id='word_1_56' title='bbox 119 605 205 639; x_wconf 79' lang='grc' dir='ltr'>τινῶν,</span> <span class='ocrx_word' id='word_1_57' title='bbox 216 604 239 632; x_wconf 81' lang='grc' dir='ltr'>οἱ</span> <span class='ocrx_word' id='word_1_58' title='bbox 262 601 308 640; x_wconf 78' lang='grc' dir='ltr'>μὲν</span> <span class='ocrx_word' id='word_1_59' title='bbox 328 603 412 630; x_wconf 72' lang='grc' dir='ltr'>αὑτῶν</span> <span class='ocrx_word' id='word_1_60' title='bbox 437 601 503 639; x_wconf 82' lang='grc' dir='ltr'>μήτε</span> <span class='ocrx_word' id='word_1_61' title='bbox 524 600 668 638; x_wconf 76' lang='grc' dir='ltr'>ὑποζυγίων</span> <span class='ocrx_word' id='word_1_62' title='bbox 691 599 804 633; x_wconf 80' lang='grc' dir='ltr'>δέοιντο,</span> <span class='ocrx_word' id='word_1_63' title='bbox 820 600 887 638; x_wconf 78' lang='grc' dir='ltr'>μήτε</span> 
     </span>
     <span class='ocr_line' id='line_1_10' title="bbox 117 646 887 686; baseline -0.004 -10"><span class='ocrx_word' id='word_1_64' title='bbox 117 651 234 685; x_wconf 81' lang='grc' dir='ltr'>οἰκετῶν,</span> <span class='ocrx_word' id='word_1_65' title='bbox 247 647 314 686; x_wconf 78' lang='grc' dir='ltr'>μήτε</span> <span class='ocrx_word' id='word_1_66' title='bbox 328 647 463 682; x_wconf 57' lang='lat' dir='ltr'>exinea-w,</span> <span class='ocrx_word' id='word_1_67' title='bbox 474 646 541 684; x_wconf 78' lang='grc' dir='ltr'>μήτε</span> <span class='ocrx_word' id='word_1_68' title='bbox 553 646 736 684; x_wconf 78' lang='grc' dir='ltr'>καταγωγίων,</span> <span class='ocrx_word' id='word_1_69' title='bbox 748 646 814 683; x_wconf 79' lang='grc' dir='ltr'>μήτε</span> <span class='ocrx_word' id='word_1_70' title='bbox 826 648 887 675; x_wconf 78' lang='grc' dir='ltr'>ὓπο-</span> 
     </span>
     <span class='ocr_line' id='line_1_11' title="bbox 118 691 887 733; baseline -0.007 -9"><span class='ocrx_word' id='word_1_71' title='bbox 118 695 258 733; x_wconf 79' lang='grc' dir='ltr'>δημοὶτων,</span> <span class='ocrx_word' id='word_1_72' title='bbox 278 693 344 731; x_wconf 84' lang='grc' dir='ltr'>μήτε</span> <span class='ocrx_word' id='word_1_73' title='bbox 368 694 479 728; x_wconf 80' lang='grc' dir='ltr'>σκευῶν,</span> <span class='ocrx_word' id='word_1_74' title='bbox 494 693 552 720; x_wconf 75' lang='grc' dir='ltr'>ἀλλ’</span> <span class='ocrx_word' id='word_1_75' title='bbox 576 691 682 731; x_wconf 73' lang='grc' dir='ltr'>ἀπόχρη</span> <span class='ocrx_word' id='word_1_76' title='bbox 704 693 789 724; x_wconf 76' lang='grc' dir='ltr'>αὐτοῖς</span> <span class='ocrx_word' id='word_1_77' title='bbox 810 691 887 730; x_wconf 73' lang='grc' dir='ltr'>ἄρτον</span> 
     </span>
     <span class='ocr_line' id='line_1_12' title="bbox 119 738 888 779; baseline -0.004 -10"><span class='ocrx_word' id='word_1_78' title='bbox 119 741 196 778; x_wconf 85' lang='grc' dir='ltr'>μόνον</span> <span class='ocrx_word' id='word_1_79' title='bbox 207 740 287 779; x_wconf 73' lang='grc' dir='ltr'>ἔχειν,</span> <span class='ocrx_word' id='word_1_80' title='bbox 298 739 343 768; x_wconf 75' lang='grc' dir='ltr'>καὶ</span> <span class='ocrx_word' id='word_1_81' title='bbox 356 738 426 777; x_wconf 75' lang='grc' dir='ltr'>ὕδωρ</span> <span class='ocrx_word' id='word_1_82' title='bbox 441 739 470 767; x_wconf 83' lang='grc' dir='ltr'>ἐκ</span> <span class='ocrx_word' id='word_1_83' title='bbox 481 739 533 766; x_wconf 77' lang='grc' dir='ltr'>τῶν</span> <span class='ocrx_word' id='word_1_84' title='bbox 548 739 639 775; x_wconf 71' lang='grc' dir='ltr'>πηγῶν</span> <span class='ocrx_word' id='word_1_85' title='bbox 650 738 794 776; x_wconf 68' lang='grc' dir='ltr'>λαμῧοίνειν</span> <span class='ocrx_word' id='word_1_86' title='bbox 803 749 808 755; x_wconf 90' lang='grc'><strong>·</strong></span> <span class='ocrx_word' id='word_1_87' title='bbox 823 739 888 766; x_wconf 81' lang='grc' dir='ltr'>ἐκεῖ·</span> 
     </span>
     <span class='ocr_line' id='line_1_13' title="bbox 119 782 888 824; baseline -0.004 -9"><span class='ocrx_word' id='word_1_88' title='bbox 119 798 156 815; x_wconf 90' lang='grc' dir='ltr'>νοι</span> <span class='ocrx_word' id='word_1_89' title='bbox 180 786 206 815; x_wconf 75' lang='grc' dir='ltr'>δὲ</span> <span class='ocrx_word' id='word_1_90' title='bbox 226 785 335 823; x_wconf 83' lang='grc' dir='ltr'>λέγοιεν,</span> <span class='ocrx_word' id='word_1_91' title='bbox 347 784 386 813; x_wconf 71' lang='grc' dir='ltr'>ὅτι</span> <span class='ocrx_word' id='word_1_92' title='bbox 411 784 455 813; x_wconf 81' lang='grc' dir='ltr'>ἐὰν</span> <span class='ocrx_word' id='word_1_93' title='bbox 478 784 514 822; x_wconf 84' lang='grc' dir='ltr'>μὴ</span> <span class='ocrx_word' id='word_1_94' title='bbox 536 782 580 813; x_wconf 80' lang='grc' dir='ltr'>καὶ</span> <span class='ocrx_word' id='word_1_95' title='bbox 604 784 729 824; x_wconf 71' lang='grc' dir='ltr'>ὀχήματα</span> <span class='ocrx_word' id='word_1_96' title='bbox 754 785 819 813; x_wconf 74' lang='grc' dir='ltr'>δῶτε</span> <span class='ocrx_word' id='word_1_97' title='bbox 844 784 888 813; x_wconf 75' lang='grc' dir='ltr'>καὶ</span> 
     </span>
     <span class='ocr_line' id='line_1_14' title="bbox 119 830 889 871; baseline -0.003 -11"><span class='ocrx_word' id='word_1_98' title='bbox 119 831 260 871; x_wconf 82' lang='grc' dir='ltr'>στρωμνὴν</span> <span class='ocrx_word' id='word_1_99' title='bbox 278 830 393 867; x_wconf 77' lang='grc' dir='ltr'>ἁπαλὴν,</span> <span class='ocrx_word' id='word_1_100' title='bbox 413 831 441 859; x_wconf 79' lang='grc' dir='ltr'>οὐ</span> <span class='ocrx_word' id='word_1_101' title='bbox 462 830 594 870; x_wconf 75' lang='grc' dir='ltr'>δυνάμεθα</span> <span class='ocrx_word' id='word_1_102' title='bbox 617 831 823 870; x_wconf 67' lang='grc' dir='ltr'>παραγενέσθαι,</span> <span class='ocrx_word' id='word_1_103' title='bbox 844 830 889 859; x_wconf 69' lang='grc' dir='ltr'>ἐὰν</span> 
     </span>
     <span class='ocr_line' id='line_1_15' title="bbox 121 875 889 915; baseline -0.001 -9"><span class='ocrx_word' id='word_1_104' title='bbox 121 877 157 915; x_wconf 85' lang='grc' dir='ltr'>μὴ</span> <span class='ocrx_word' id='word_1_105' title='bbox 171 877 216 906; x_wconf 79' lang='grc' dir='ltr'>καὶ</span> <span class='ocrx_word' id='word_1_106' title='bbox 231 877 342 909; x_wconf 79' lang='grc' dir='ltr'>πολλοὺς</span> <span class='ocrx_word' id='word_1_107' title='bbox 358 876 461 915; x_wconf 73' lang='grc' dir='ltr'>ἔχωμεν</span> <span class='ocrx_word' id='word_1_108' title='bbox 479 876 538 910; x_wconf 78' lang='grc' dir='ltr'>τοὺς</span> <span class='ocrx_word' id='word_1_109' title='bbox 555 878 776 913; x_wconf 77' lang='grc' dir='ltr'>ἀκολουθοῦντας,</span> <span class='ocrx_word' id='word_1_110' title='bbox 791 876 836 905; x_wconf 80' lang='grc' dir='ltr'>ἐὰν</span> <span class='ocrx_word' id='word_1_111' title='bbox 853 875 889 914; x_wconf 73' lang='grc' dir='ltr'>μὴ</span> 
     </span>
     <span class='ocr_line' id='line_1_16' title="bbox 120 921 889 962; baseline -0.003 -10"><span class='ocrx_word' id='word_1_112' title='bbox 120 925 236 962; x_wconf 74' lang='grc' dir='ltr'>συνεχῶς</span> <span class='ocrx_word' id='word_1_113' title='bbox 251 922 293 961; x_wconf 80' lang='grc' dir='ltr'>ἐξῇ</span> <span class='ocrx_word' id='word_1_114' title='bbox 320 922 543 958; x_wconf 74' lang='grc' dir='ltr'>διαναπαύεσθαι,</span> <span class='ocrx_word' id='word_1_115' title='bbox 565 923 593 951; x_wconf 83' lang='grc' dir='ltr'>οὐ</span> <span class='ocrx_word' id='word_1_116' title='bbox 620 922 763 958; x_wconf 79' lang='grc' dir='ltr'>δυνάμεθα,</span> <span class='ocrx_word' id='word_1_117' title='bbox 786 922 831 951; x_wconf 70' lang='grc' dir='ltr'>ἐὰν</span> <span class='ocrx_word' id='word_1_118' title='bbox 853 921 889 960; x_wconf 75' lang='grc' dir='ltr'>μὴ</span> 
     </span>
     <span class='ocr_line' id='line_1_17' title="bbox 120 967 891 1007; baseline -0.004 -9"><span class='ocrx_word' id='word_1_119' title='bbox 120 969 268 1007; x_wconf 79' lang='grc' dir='ltr'>ὓποζυγίοις</span> <span class='ocrx_word' id='word_1_120' title='bbox 288 968 430 1007; x_wconf 79' lang='grc' dir='ltr'>χρώμεθα,</span> <span class='ocrx_word' id='word_1_121' title='bbox 447 968 491 996; x_wconf 82' lang='grc' dir='ltr'>καὶ</span> <span class='ocrx_word' id='word_1_122' title='bbox 510 968 602 1006; x_wconf 71' lang='grc' dir='ltr'>μικρὸν</span> <span class='ocrx_word' id='word_1_123' title='bbox 617 967 746 1005; x_wconf 78' lang='grc' dir='ltr'>ὁδεύωμεν</span> <span class='ocrx_word' id='word_1_124' title='bbox 761 969 809 1002; x_wconf 77' lang='grc' dir='ltr'>τῆς</span> <span class='ocrx_word' id='word_1_125' title='bbox 822 967 891 1005; x_wconf 79' lang='grc' dir='ltr'>ἡμέ-</span> 
     </span>
     <span class='ocr_line' id='line_1_18' title="bbox 122 1012 891 1054; baseline -0.001 -12"><span class='ocrx_word' id='word_1_126' title='bbox 122 1026 168 1053; x_wconf 88' lang='grc' dir='ltr'>ρας</span> <span class='ocrx_word' id='word_1_127' title='bbox 190 1014 281 1054; x_wconf 81' lang='grc' dir='ltr'>μέρος·</span> <span class='ocrx_word' id='word_1_128' title='bbox 297 1015 335 1042; x_wconf 85' lang='grc' dir='ltr'>δεῖ</span> <span class='ocrx_word' id='word_1_129' title='bbox 351 1013 378 1042; x_wconf 78' lang='grc' dir='ltr'>δὲ</span> <span class='ocrx_word' id='word_1_130' title='bbox 402 1016 467 1051; x_wconf 79' lang='grc' dir='ltr'>ἡμῖν</span> <span class='ocrx_word' id='word_1_131' title='bbox 486 1013 530 1041; x_wconf 81' lang='grc' dir='ltr'>καὶ</span> <span class='ocrx_word' id='word_1_132' title='bbox 547 1013 642 1051; x_wconf 82' lang='grc' dir='ltr'>ἑτέρων</span> <span class='ocrx_word' id='word_1_133' title='bbox 662 1012 804 1041; x_wconf 82' lang='grc' dir='ltr'>πλειόνων·</span> <span class='ocrx_word' id='word_1_134' title='bbox 820 1012 891 1045; x_wconf 78' lang='grc' dir='ltr'>τίνας</span> 
     </span>
     <span class='ocr_line' id='line_1_19' title="bbox 120 1057 891 1099; baseline -0.004 -10"><span class='ocrx_word' id='word_1_135' title='bbox 120 1061 151 1089; x_wconf 85' lang='grc' dir='ltr'>ἂν</span> <span class='ocrx_word' id='word_1_136' title='bbox 171 1060 371 1099; x_wconf 79' lang='grc' dir='ltr'>οαυμάσαιμεν;</span> <span class='ocrx_word' id='word_1_137' title='bbox 381 1058 505 1094; x_wconf 77' lang='grc' dir='ltr'>ἐκείνους,</span> <span class='ocrx_word' id='word_1_138' title='bbox 517 1058 534 1093; x_wconf 89' lang='grc' dir='ltr'>ἢ</span> <span class='ocrx_word' id='word_1_139' title='bbox 548 1058 666 1093; x_wconf 52' lang='grc' dir='ltr'>τούτους</span> <span class='ocrx_word' id='word_1_140' title='bbox 677 1059 764 1094; x_wconf 79' lang='grc' dir='ltr'>Δῆλον</span> <span class='ocrx_word' id='word_1_141' title='bbox 777 1057 817 1087; x_wconf 78' lang='grc' dir='ltr'>ὅτι</span> <span class='ocrx_word' id='word_1_142' title='bbox 833 1058 891 1087; x_wconf 73' lang='grc' dir='ltr'>τού-</span> 
     </span>
     <span class='ocr_line' id='line_1_20' title="bbox 120 1103 890 1143; baseline -0.004 -8"><span class='ocrx_word' id='word_1_143' title='bbox 120 1118 178 1139; x_wconf 80' lang='grc' dir='ltr'>τους</span> <span class='ocrx_word' id='word_1_144' title='bbox 193 1105 252 1138; x_wconf 79' lang='grc' dir='ltr'>τοὺς</span> <span class='ocrx_word' id='word_1_145' title='bbox 273 1105 373 1138; x_wconf 82' lang='grc' dir='ltr'>οὐδενὸς</span> <span class='ocrx_word' id='word_1_146' title='bbox 394 1104 538 1143; x_wconf 80' lang='grc' dir='ltr'>δεομένους.</span> <span class='ocrx_word' id='word_1_147' title='bbox 553 1103 632 1133; x_wconf 72' lang='grc' dir='ltr'>Οὕτω</span> <span class='ocrx_word' id='word_1_148' title='bbox 653 1104 683 1140; x_wconf 83' lang='grc' dir='ltr'>δὴ</span> <span class='ocrx_word' id='word_1_149' title='bbox 705 1103 750 1133; x_wconf 79' lang='grc' dir='ltr'>καὶ</span> <span class='ocrx_word' id='word_1_150' title='bbox 766 1104 890 1140; x_wconf 77' lang='grc' dir='ltr'>ἐνταῦθα,</span> 
     </span>
     <span class='ocr_line' id='line_1_21' title="bbox 120 1149 889 1191; baseline -0.005 -9"><span class='ocrx_word' id='word_1_151' title='bbox 120 1154 144 1182; x_wconf 80' lang='grc' dir='ltr'>οἷ</span> <span class='ocrx_word' id='word_1_152' title='bbox 157 1151 203 1190; x_wconf 80' lang='grc' dir='ltr'>μὲν</span> <span class='ocrx_word' id='word_1_153' title='bbox 216 1151 281 1191; x_wconf 77' lang='grc' dir='ltr'>πρὸς</span> <span class='ocrx_word' id='word_1_154' title='bbox 294 1151 342 1187; x_wconf 78' lang='grc' dir='ltr'>τὴν</span> <span class='ocrx_word' id='word_1_155' title='bbox 355 1151 412 1180; x_wconf 75' lang='grc' dir='ltr'>ὁδὸν</span> <span class='ocrx_word' id='word_1_156' title='bbox 424 1153 468 1179; x_wconf 74' lang='grc' dir='ltr'>τοῦ</span> <span class='ocrx_word' id='word_1_157' title='bbox 482 1150 539 1189; x_wconf 82' lang='grc' dir='ltr'>βίου</span> <span class='ocrx_word' id='word_1_158' title='bbox 550 1150 643 1179; x_wconf 83' lang='grc' dir='ltr'>τούτου</span> <span class='ocrx_word' id='word_1_159' title='bbox 656 1151 760 1179; x_wconf 79' lang='grc' dir='ltr'>πολλῶν</span> <span class='ocrx_word' id='word_1_160' title='bbox 776 1149 889 1186; x_wconf 79' lang='grc' dir='ltr'>δέονται,</span> 
     </span>
     <span class='ocr_line' id='line_1_22' title="bbox 120 1195 889 1236; baseline -0.003 -9"><span class='ocrx_word' id='word_1_161' title='bbox 120 1200 144 1227; x_wconf 82' lang='grc' dir='ltr'>οἱ</span> <span class='ocrx_word' id='word_1_162' title='bbox 161 1197 188 1227; x_wconf 80' lang='grc' dir='ltr'>δὲ</span> <span class='ocrx_word' id='word_1_163' title='bbox 207 1197 316 1230; x_wconf 73' lang='grc' dir='ltr'>οὐδενός.</span> <span class='ocrx_word' id='word_1_164' title='bbox 336 1197 418 1225; x_wconf 65' lang='lat' dir='ltr'>‘&#39;ssot-².</span> <span class='ocrx_word' id='word_1_165' title='bbox 437 1195 517 1229; x_wconf 64' lang='grc' dir='ltr'>ς’τοὺς</span> <span class='ocrx_word' id='word_1_166' title='bbox 532 1196 576 1225; x_wconf 72' lang='grc' dir='ltr'>ἐπὶ</span> <span class='ocrx_word' id='word_1_167' title='bbox 596 1196 673 1236; x_wconf 76' lang='grc' dir='ltr'>πενίᾳ</span> <span class='ocrx_word' id='word_1_168' title='bbox 688 1197 788 1234; x_wconf 83' lang='grc' dir='ltr'>μᾶλλον</span> <span class='ocrx_word' id='word_1_169' title='bbox 809 1198 889 1236; x_wconf 72' lang='grc' dir='ltr'>ἐχρῆν</span> 
     </span>
     <span class='ocr_line' id='line_1_23' title="bbox 123 1242 892 1284; baseline -0.003 -11"><span class='ocrx_word' id='word_1_170' title='bbox 123 1245 190 1283; x_wconf 81' lang='grc' dir='ltr'>μέγα</span> <span class='ocrx_word' id='word_1_171' title='bbox 205 1248 316 1284; x_wconf 77' lang='grc' dir='ltr'>φρονεῖν,</span> <span class='ocrx_word' id='word_1_172' title='bbox 327 1244 351 1272; x_wconf 87' lang='grc' dir='ltr'>εἴ</span> <span class='ocrx_word' id='word_1_173' title='bbox 367 1256 396 1282; x_wconf 86' lang='grc' dir='ltr'>γε</span> <span class='ocrx_word' id='word_1_174' title='bbox 412 1243 457 1272; x_wconf 78' lang='grc' dir='ltr'>καὶ</span> <span class='ocrx_word' id='word_1_175' title='bbox 471 1245 561 1282; x_wconf 73' lang='grc' dir='ltr'>ἐχρῆν,</span> <span class='ocrx_word' id='word_1_176' title='bbox 576 1242 645 1272; x_wconf 77' lang='grc' dir='ltr'>Ἀλλ’</span> <span class='ocrx_word' id='word_1_177' title='bbox 664 1243 892 1282; x_wconf 80' lang='grc' dir='ltr'>εὐκαταφρόνητός</span> 
     </span>
     <span class='ocr_line' id='line_1_24' title="bbox 122 1289 890 1329; baseline 0 -11"><span class='ocrx_word' id='word_1_178' title='bbox 122 1291 193 1319; x_wconf 83' lang='grc' dir='ltr'>ἐστιν</span> <span class='ocrx_word' id='word_1_179' title='bbox 216 1293 230 1319; x_wconf 82' lang='grc' dir='ltr'>ὑ</span> <span class='ocrx_word' id='word_1_180' title='bbox 251 1290 345 1326; x_wconf 79' lang='grc' dir='ltr'>πένης,</span> <span class='ocrx_word' id='word_1_181' title='bbox 357 1290 446 1329; x_wconf 85' lang='grc' dir='ltr'>φησίν.</span> <span class='ocrx_word' id='word_1_182' title='bbox 461 1290 520 1319; x_wconf 85' lang='grc' dir='ltr'>Οὐκ</span> <span class='ocrx_word' id='word_1_183' title='bbox 540 1290 653 1325; x_wconf 76' lang='grc' dir='ltr'>ἐκεῖνος,</span> <span class='ocrx_word' id='word_1_184' title='bbox 674 1290 732 1318; x_wconf 88' lang='grc' dir='ltr'>ἀλλ’</span> <span class='ocrx_word' id='word_1_185' title='bbox 752 1290 776 1319; x_wconf 81' lang='grc' dir='ltr'>οἱ</span> <span class='ocrx_word' id='word_1_186' title='bbox 799 1289 890 1319; x_wconf 77' lang='grc' dir='ltr'>τούτου</span> 
     </span>
     <span class='ocr_line' id='line_1_25' title="bbox 123 1335 890 1376; baseline -0.001 -10"><span class='ocrx_word' id='word_1_187' title='bbox 123 1339 354 1376; x_wconf 70' lang='grc' dir='ltr'>καταφρονοῦντες.</span> <span class='ocrx_word' id='word_1_188' title='bbox 366 1335 417 1365; x_wconf 78' lang='grc' dir='ltr'>Διὰ</span> <span class='ocrx_word' id='word_1_189' title='bbox 433 1335 459 1364; x_wconf 85' lang='grc' dir='ltr'>τί</span> <span class='ocrx_word' id='word_1_190' title='bbox 472 1336 523 1375; x_wconf 76' lang='grc' dir='ltr'>γὰρ</span> <span class='ocrx_word' id='word_1_191' title='bbox 538 1335 590 1375; x_wconf 81' lang='grc' dir='ltr'>ἐγὼ</span> <span class='ocrx_word' id='word_1_192' title='bbox 612 1336 649 1374; x_wconf 85' lang='grc' dir='ltr'>μὴ</span> <span class='ocrx_word' id='word_1_193' title='bbox 664 1338 820 1375; x_wconf 73' lang='grc' dir='ltr'>καταφρονῶ</span> <span class='ocrx_word' id='word_1_194' title='bbox 838 1339 890 1365; x_wconf 85' lang='grc' dir='ltr'>τῶν</span> 
     </span>
     <span class='ocr_line' id='line_1_26' title="bbox 123 1382 891 1423; baseline -0.001 -11"><span class='ocrx_word' id='word_1_195' title='bbox 123 1384 170 1412; x_wconf 73' lang='grc' dir='ltr'>οὐκ</span> <span class='ocrx_word' id='word_1_196' title='bbox 184 1383 288 1412; x_wconf 77' lang='grc' dir='ltr'>εἰδότων</span> <span class='ocrx_word' id='word_1_197' title='bbox 311 1382 452 1421; x_wconf 59' lang='grc' dir='ltr'>(θαυμάζειν</span> <span class='ocrx_word' id='word_1_198' title='bbox 468 1382 484 1411; x_wconf 87' lang='grc' dir='ltr'>ἃ</span> <span class='ocrx_word' id='word_1_199' title='bbox 499 1382 567 1421; x_wconf 61' lang='grc' dir='ltr'>χρής</span> <span class='ocrx_word' id='word_1_200' title='bbox 586 1382 654 1411; x_wconf 80' lang='grc' dir='ltr'>Ἀλλ’</span> <span class='ocrx_word' id='word_1_201' title='bbox 671 1382 702 1411; x_wconf 77' lang='grc' dir='ltr'>ἂν</span> <span class='ocrx_word' id='word_1_202' title='bbox 718 1383 766 1421; x_wconf 80' lang='grc' dir='ltr'>μὲν</span> <span class='ocrx_word' id='word_1_203' title='bbox 786 1383 891 1423; x_wconf 83' lang='grc' dir='ltr'>ζωγρά-</span> 
     </span>
     <span class='ocr_line' id='line_1_27' title="bbox 123 1425 892 1468; baseline 0.001 -11"><span class='ocrx_word' id='word_1_204' title='bbox 123 1440 168 1467; x_wconf 86' lang='grc' dir='ltr'>φος</span> <span class='ocrx_word' id='word_1_205' title='bbox 187 1425 204 1468; x_wconf 69' lang='grc' dir='ltr'>ᾗ</span> <span class='ocrx_word' id='word_1_206' title='bbox 226 1428 395 1465; x_wconf 83' lang='grc' dir='ltr'>τις,πᾶντων</span> <span class='ocrx_word' id='word_1_207' title='bbox 415 1428 624 1467; x_wconf 76' lang='grc' dir='ltr'>καταγελάσεται</span> <span class='ocrx_word' id='word_1_208' title='bbox 644 1430 697 1458; x_wconf 79' lang='grc' dir='ltr'>τῶν</span> <span class='ocrx_word' id='word_1_209' title='bbox 718 1429 892 1458; x_wconf 83' lang='grc' dir='ltr'>σκωπτόντων</span> 
     </span>
     <span class='ocr_line' id='line_1_28' title="bbox 124 1469 892 1514; baseline 0.001 -11"><span class='ocrx_word' id='word_1_210' title='bbox 124 1475 210 1509; x_wconf 83' lang='grc' dir='ltr'>αὐτὸν,</span> <span class='ocrx_word' id='word_1_211' title='bbox 226 1474 274 1507; x_wconf 79' lang='grc' dir='ltr'>ἕως</span> <span class='ocrx_word' id='word_1_212' title='bbox 295 1474 325 1503; x_wconf 80' lang='grc' dir='ltr'>ἂν</span> <span class='ocrx_word' id='word_1_213' title='bbox 342 1469 406 1502; x_wconf 69' lang='grc' dir='ltr'>ὦσιν</span> <span class='ocrx_word' id='word_1_214' title='bbox 422 1476 547 1512; x_wconf 68' lang='grc' dir='ltr'>ἀμαθεῖς,</span> <span class='ocrx_word' id='word_1_215' title='bbox 564 1474 608 1503; x_wconf 76' lang='grc' dir='ltr'>καὶ</span> <span class='ocrx_word' id='word_1_216' title='bbox 623 1474 681 1504; x_wconf 78' lang='grc' dir='ltr'>οὔτε</span> <span class='ocrx_word' id='word_1_217' title='bbox 696 1475 760 1514; x_wconf 76' lang='grc' dir='ltr'>πρὸς</span> <span class='ocrx_word' id='word_1_218' title='bbox 778 1475 811 1503; x_wconf 86' lang='grc' dir='ltr'>τὰ</span> <span class='ocrx_word' id='word_1_219' title='bbox 830 1477 892 1514; x_wconf 83' lang='grc' dir='ltr'>παρ’</span> 
     </span>
     <span class='ocr_line' id='line_1_29' title="bbox 124 1520 893 1561; baseline 0.003 -12"><span class='ocrx_word' id='word_1_220' title='bbox 124 1521 229 1549; x_wconf 80' lang='grc' dir='ltr'>ἐκείνων</span> <span class='ocrx_word' id='word_1_221' title='bbox 244 1520 374 1559; x_wconf 77' lang='grc' dir='ltr'>λεγόμενα</span> <span class='ocrx_word' id='word_1_222' title='bbox 388 1521 585 1560; x_wconf 66' lang='grc' dir='ltr'>ἐπιστρέφεται,</span> <span class='ocrx_word' id='word_1_223' title='bbox 601 1521 669 1550; x_wconf 76' lang='grc' dir='ltr'>ἀλλὰ</span> <span class='ocrx_word' id='word_1_224' title='bbox 684 1523 716 1560; x_wconf 69' lang='grc' dir='ltr'>τῇ</span> <span class='ocrx_word' id='word_1_225' title='bbox 733 1523 826 1551; x_wconf 76' lang='grc' dir='ltr'>ἑαυτοῦ</span> <span class='ocrx_word' id='word_1_226' title='bbox 843 1523 893 1561; x_wconf 80' lang='grc' dir='ltr'>ἀρ-</span> 
     </span>
    </p>
   </div>
   <div class='ocr_carea' id='block_1_8' title="bbox 159 1611 554 1648">
    <p class='ocr_par' dir='ltr' id='par_1_8' title="bbox 159 1611 554 1648">
     <span class='ocr_line' id='line_1_30' title="bbox 159 1611 554 1648; baseline 0.003 -13"><span class='ocrx_word' id='word_1_227' title='bbox 159 1620 168 1631; x_wconf 82' lang='grc'><em>·</em></span> <span class='ocrx_word' id='word_1_228' title='bbox 187 1611 274 1644; x_wconf 79' lang='lat' dir='ltr'>[Fon.</span> <span class='ocrx_word' id='word_1_229' title='bbox 289 1612 340 1637; x_wconf 78' lang='lat' dir='ltr'>del,</span> <span class='ocrx_word' id='word_1_230' title='bbox 355 1614 412 1641; x_wconf 63' lang='grc' dir='ltr'>τοὺς.</span> <span class='ocrx_word' id='word_1_231' title='bbox 424 1612 554 1648; x_wconf 68' lang='lat' dir='ltr'>Dunaeus.1</span> 
     </span>
    </p>
   </div>
   <div class='ocr_carea' id='block_1_9' title="bbox 903 274 1694 1562">
    <p class='ocr_par' dir='ltr' id='par_1_9' title="bbox 903 274 1684 546">
     <span class='ocr_line' id='line_1_31' title="bbox 903 274 1683 313; baseline 0.001 -12"><span class='ocrx_word' id='word_1_232' title='bbox 903 277 922 299; x_wconf 83' lang='grc' dir='ltr'>Α</span> <span class='ocrx_word' id='word_1_233' title='bbox 939 279 993 302; x_wconf 90' lang='lat' dir='ltr'>tem</span> <span class='ocrx_word' id='word_1_234' title='bbox 1012 283 1144 312; x_wconf 82' lang='lat' dir='ltr'>nusquam</span> <span class='ocrx_word' id='word_1_235' title='bbox 1158 281 1197 303; x_wconf 88' lang='lat' dir='ltr'>est</span> <span class='ocrx_word' id='word_1_236' title='bbox 1208 275 1294 313; x_wconf 85' lang='lat' dir='ltr'>bona,</span> <span class='ocrx_word' id='word_1_237' title='bbox 1306 274 1353 304; x_wconf 82' lang='lat' dir='ltr'>sed</span> <span class='ocrx_word' id='word_1_238' title='bbox 1370 275 1472 312; x_wconf 87' lang='lat' dir='ltr'>ubique</span> <span class='ocrx_word' id='word_1_239' title='bbox 1487 280 1526 302; x_wconf 90' lang='lat' dir='ltr'>est</span> <span class='ocrx_word' id='word_1_240' title='bbox 1541 274 1646 302; x_wconf 85' lang='lat' dir='ltr'>inutilis</span> <span class='ocrx_word' id='word_1_241' title='bbox 1658 282 1683 303; x_wconf 80' lang='lat' dir='ltr'>et</span> 
     </span>
     <span class='ocr_line' id='line_1_32' title="bbox 939 319 1682 360; baseline 0.001 -12"><span class='ocrx_word' id='word_1_242' title='bbox 939 319 1029 349; x_wconf 87' lang='lat' dir='ltr'>noxia.</span> <span class='ocrx_word' id='word_1_243' title='bbox 1045 320 1178 349; x_wconf 69' lang='lat' dir='ltr'>Caeterum</span> <span class='ocrx_word' id='word_1_244' title='bbox 1193 321 1213 350; x_wconf 90' lang='lat' dir='ltr'>si</span> <span class='ocrx_word' id='word_1_245' title='bbox 1228 321 1317 350; x_wconf 86' lang='lat' dir='ltr'>esserri</span> <span class='ocrx_word' id='word_1_246' title='bbox 1332 327 1358 350; x_wconf 88' lang='lat' dir='ltr'>et</span> <span class='ocrx_word' id='word_1_247' title='bbox 1371 321 1423 349; x_wconf 86' lang='lat' dir='ltr'>sibi</span> <span class='ocrx_word' id='word_1_248' title='bbox 1444 321 1547 360; x_wconf 78' lang='lat' dir='ltr'>placere</span> <span class='ocrx_word' id='word_1_249' title='bbox 1561 327 1682 360; x_wconf 75' lang='lat' dir='ltr'>oportet,</span> 
     </span>
     <span class='ocr_line' id='line_1_33' title="bbox 940 369 1683 408; baseline 0 -12"><span class='ocrx_word' id='word_1_250' title='bbox 940 374 1048 407; x_wconf 86' lang='lat' dir='ltr'>propter</span> <span class='ocrx_word' id='word_1_251' title='bbox 1071 375 1254 408; x_wconf 74' lang='lat' dir='ltr'><strong>paupertatem</strong></span> <span class='ocrx_word' id='word_1_252' title='bbox 1277 369 1329 398; x_wconf 90' lang='lat' dir='ltr'>sibi</span> <span class='ocrx_word' id='word_1_253' title='bbox 1352 369 1457 408; x_wconf 86' lang='lat' dir='ltr'>placere</span> <span class='ocrx_word' id='word_1_254' title='bbox 1480 375 1582 407; x_wconf 90' lang='lat' dir='ltr'>oportet</span> <span class='ocrx_word' id='word_1_255' title='bbox 1595 390 1604 405; x_wconf 91' lang='lat'><em>‚</em></span> <span class='ocrx_word' id='word_1_256' title='bbox 1632 378 1683 397; x_wconf 89' lang='lat' dir='ltr'>non</span> 
     </span>
     <span class='ocr_line' id='line_1_34' title="bbox 940 413 1683 454; baseline -0.001 -11"><span class='ocrx_word' id='word_1_257' title='bbox 940 421 1049 454; x_wconf 85' lang='lat' dir='ltr'>propter</span> <span class='ocrx_word' id='word_1_258' title='bbox 1081 413 1203 444; x_wconf 80' lang='lat' dir='ltr'>divitias.</span> <span class='ocrx_word' id='word_1_259' title='bbox 1233 415 1440 450; x_wconf 74' lang='lat' dir='ltr'>Quamobrem?</span> <span class='ocrx_word' id='word_1_260' title='bbox 1466 415 1602 451; x_wconf 87' lang='lat' dir='ltr'>Quoniam</span> <span class='ocrx_word' id='word_1_261' title='bbox 1636 414 1683 453; x_wconf 90' lang='lat' dir='ltr'>qui</span> 
     </span>
     <span class='ocr_line' id='line_1_35' title="bbox 940 460 1684 500; baseline -0.001 -11"><span class='ocrx_word' id='word_1_262' title='bbox 940 460 1033 499; x_wconf 79' lang='lat' dir='ltr'>paucis</span> <span class='ocrx_word' id='word_1_263' title='bbox 1046 466 1133 500; x_wconf 86' lang='lat' dir='ltr'>potest</span> <span class='ocrx_word' id='word_1_264' title='bbox 1142 461 1246 497; x_wconf 81' lang='lat' dir='ltr'>vivere,</span> <span class='ocrx_word' id='word_1_265' title='bbox 1257 467 1295 490; x_wconf 87' lang='lat' dir='ltr'>est</span> <span class='ocrx_word' id='word_1_266' title='bbox 1307 461 1392 490; x_wconf 91' lang='lat' dir='ltr'>multo</span> <span class='ocrx_word' id='word_1_267' title='bbox 1408 461 1493 500; x_wconf 87' lang='lat' dir='ltr'>major</span> <span class='ocrx_word' id='word_1_268' title='bbox 1507 467 1531 489; x_wconf 86' lang='lat' dir='ltr'>et</span> <span class='ocrx_word' id='word_1_269' title='bbox 1546 460 1641 489; x_wconf 88' lang='lat' dir='ltr'>melior</span> <span class='ocrx_word' id='word_1_270' title='bbox 1655 471 1684 489; x_wconf 88' lang='lat' dir='ltr'>eo</span> 
     </span>
     <span class='ocr_line' id='line_1_36' title="bbox 939 506 1159 546; baseline 0.005 -11"><span class='ocrx_word' id='word_1_271' title='bbox 939 506 1049 545; x_wconf 90' lang='lat' dir='ltr'>quinon</span> <span class='ocrx_word' id='word_1_272' title='bbox 1064 513 1159 546; x_wconf 87' lang='lat' dir='ltr'>potest.</span> 
     </span>
    </p>

    <p class='ocr_par' dir='ltr' id='par_1_10' title="bbox 910 552 1694 1375">
     <span class='ocr_line' id='line_1_37' title="bbox 981 552 1683 593; baseline -0.001 -11"><span class='ocrx_word' id='word_1_273' title='bbox 981 553 1008 582; x_wconf 87' lang='lat'>5.</span> <span class='ocrx_word' id='word_1_274' title='bbox 1024 554 1092 582; x_wconf 87' lang='lat' dir='ltr'>Nam</span> <span class='ocrx_word' id='word_1_275' title='bbox 1103 553 1149 582; x_wconf 90' lang='lat' dir='ltr'>dic</span> <span class='ocrx_word' id='word_1_276' title='bbox 1161 554 1238 589; x_wconf 90' lang='lat' dir='ltr'>mihi,</span> <span class='ocrx_word' id='word_1_277' title='bbox 1249 554 1271 583; x_wconf 91' lang='lat' dir='ltr'>si</span> <span class='ocrx_word' id='word_1_278' title='bbox 1282 553 1422 593; x_wconf 75' lang='lat' dir='ltr'>aliquibus</span> <span class='ocrx_word' id='word_1_279' title='bbox 1432 553 1534 583; x_wconf 80' lang='lat' dir='ltr'>vocatis</span> <span class='ocrx_word' id='word_1_280' title='bbox 1547 553 1574 582; x_wconf 91' lang='lat' dir='ltr'>in</span> <span class='ocrx_word' id='word_1_281' title='bbox 1587 552 1683 582; x_wconf 84' lang='lat' dir='ltr'>urbem</span> 
     </span>
     <span class='ocr_line' id='line_1_38' title="bbox 941 598 1683 640; baseline 0.001 -13"><span class='ocrx_word' id='word_1_282' title='bbox 941 598 1054 638; x_wconf 80' lang='lat' dir='ltr'>regiam,</span> <span class='ocrx_word' id='word_1_283' title='bbox 1069 599 1116 629; x_wconf 85' lang='lat' dir='ltr'>alii</span> <span class='ocrx_word' id='word_1_284' title='bbox 1130 600 1240 639; x_wconf 90' lang='lat' dir='ltr'>quidem</span> <span class='ocrx_word' id='word_1_285' title='bbox 1255 611 1289 630; x_wconf 74' lang='lat' dir='ltr'>ex</span> <span class='ocrx_word' id='word_1_286' title='bbox 1303 600 1337 629; x_wconf 90' lang='lat' dir='ltr'>iis</span> <span class='ocrx_word' id='word_1_287' title='bbox 1351 610 1398 629; x_wconf 91' lang='lat' dir='ltr'>nec</span> <span class='ocrx_word' id='word_1_288' title='bbox 1408 599 1539 640; x_wconf 88' lang='lat' dir='ltr'>jumentis</span> <span class='ocrx_word' id='word_1_289' title='bbox 1549 609 1618 639; x_wconf 87' lang='lat' dir='ltr'>opus</span> <span class='ocrx_word' id='word_1_290' title='bbox 1640 599 1683 628; x_wconf 84' lang='lat' dir='ltr'>ba-</span> 
     </span>
     <span class='ocr_line' id='line_1_39' title="bbox 942 645 1685 684; baseline -0.001 -10"><span class='ocrx_word' id='word_1_291' title='bbox 942 645 1031 682; x_wconf 83' lang='lat' dir='ltr'>beant,</span> <span class='ocrx_word' id='word_1_292' title='bbox 1045 655 1093 675; x_wconf 91' lang='lat' dir='ltr'>nec</span> <span class='ocrx_word' id='word_1_293' title='bbox 1107 646 1222 684; x_wconf 81' lang='lat' dir='ltr'>famulis,</span> <span class='ocrx_word' id='word_1_294' title='bbox 1237 657 1285 676; x_wconf 84' lang='lat' dir='ltr'>nee</span> <span class='ocrx_word' id='word_1_295' title='bbox 1298 646 1435 683; x_wconf 85' lang='lat' dir='ltr'>umbellis,</span> <span class='ocrx_word' id='word_1_296' title='bbox 1448 656 1496 675; x_wconf 81' lang='lat' dir='ltr'>nec</span> <span class='ocrx_word' id='word_1_297' title='bbox 1517 645 1685 679; x_wconf 83' lang='lat' dir='ltr'>diversoriis,</span> 
     </span>
     <span class='ocr_line' id='line_1_40' title="bbox 942 692 1687 732; baseline 0 -12"><span class='ocrx_word' id='word_1_298' title='bbox 942 702 990 720; x_wconf 89' lang='lat' dir='ltr'>nec</span> <span class='ocrx_word' id='word_1_299' title='bbox 1005 692 1110 730; x_wconf 84' lang='lat' dir='ltr'>calceis,</span> <span class='ocrx_word' id='word_1_300' title='bbox 1127 703 1213 732; x_wconf 89' lang='lat' dir='ltr'>neque</span> <span class='ocrx_word' id='word_1_301' title='bbox 1237 693 1319 731; x_wconf 86' lang='lat' dir='ltr'>vasis,</span> <span class='ocrx_word' id='word_1_302' title='bbox 1340 692 1386 722; x_wconf 88' lang='lat' dir='ltr'>scd</span> <span class='ocrx_word' id='word_1_303' title='bbox 1404 693 1441 722; x_wconf 89' lang='lat' dir='ltr'>eis</span> <span class='ocrx_word' id='word_1_304' title='bbox 1455 692 1572 722; x_wconf 85' lang='lat' dir='ltr'>sufficiat</span> <span class='ocrx_word' id='word_1_305' title='bbox 1588 692 1687 721; x_wconf 86' lang='lat' dir='ltr'>babere</span> 
     </span>
     <span class='ocr_line' id='line_1_41' title="bbox 943 738 1686 777; baseline 0.001 -12"><span class='ocrx_word' id='word_1_306' title='bbox 943 748 1048 777; x_wconf 86' lang='lat' dir='ltr'>panem,</span> <span class='ocrx_word' id='word_1_307' title='bbox 1062 745 1087 768; x_wconf 92' lang='lat' dir='ltr'>et</span> <span class='ocrx_word' id='word_1_308' title='bbox 1097 749 1195 777; x_wconf 87' lang='lat' dir='ltr'>aquam</span> <span class='ocrx_word' id='word_1_309' title='bbox 1211 749 1314 768; x_wconf 88' lang='lat' dir='ltr'>sumere</span> <span class='ocrx_word' id='word_1_310' title='bbox 1328 749 1363 768; x_wconf 83' lang='lat' dir='ltr'>ex</span> <span class='ocrx_word' id='word_1_311' title='bbox 1376 739 1496 768; x_wconf 86' lang='lat' dir='ltr'>fontibus</span> <span class='ocrx_word' id='word_1_312' title='bbox 1508 750 1516 777; x_wconf 90' lang='lat'>;</span> <span class='ocrx_word' id='word_1_313' title='bbox 1532 738 1580 768; x_wconf 81' lang='lat' dir='ltr'>alii</span> <span class='ocrx_word' id='word_1_314' title='bbox 1596 745 1686 767; x_wconf 87' lang='lat' dir='ltr'>autem</span> 
     </span>
     <span class='ocr_line' id='line_1_42' title="bbox 942 783 1684 820; baseline 0 -8"><span class='ocrx_word' id='word_1_315' title='bbox 942 783 1044 819; x_wconf 86' lang='lat' dir='ltr'>dicant,</span> <span class='ocrx_word' id='word_1_316' title='bbox 1060 785 1118 813; x_wconf 92' lang='lat' dir='ltr'>Nisi</span> <span class='ocrx_word' id='word_1_317' title='bbox 1133 784 1261 814; x_wconf 86' lang='lat' dir='ltr'>dederitis</span> <span class='ocrx_word' id='word_1_318' title='bbox 1276 785 1410 820; x_wconf 82' lang='lat' dir='ltr'>vehicula,</span> <span class='ocrx_word' id='word_1_319' title='bbox 1427 791 1452 814; x_wconf 87' lang='lat' dir='ltr'>et</span> <span class='ocrx_word' id='word_1_320' title='bbox 1466 791 1579 814; x_wconf 88' lang='lat' dir='ltr'>stratum</span> <span class='ocrx_word' id='word_1_321' title='bbox 1594 784 1684 819; x_wconf 83' lang='lat' dir='ltr'>molle,</span> 
     </span>
     <span class='ocr_line' id='line_1_43' title="bbox 943 831 1688 870; baseline 0 -12"><span class='ocrx_word' id='word_1_322' title='bbox 943 840 994 859; x_wconf 88' lang='lat' dir='ltr'>non</span> <span class='ocrx_word' id='word_1_323' title='bbox 1005 841 1147 870; x_wconf 87' lang='lat' dir='ltr'>possumus</span> <span class='ocrx_word' id='word_1_324' title='bbox 1156 831 1264 867; x_wconf 89' lang='lat' dir='ltr'>adesse;</span> <span class='ocrx_word' id='word_1_325' title='bbox 1277 831 1326 860; x_wconf 87' lang='lat' dir='ltr'>nisi</span> <span class='ocrx_word' id='word_1_326' title='bbox 1338 831 1417 859; x_wconf 85' lang='lat' dir='ltr'>etiam</span> <span class='ocrx_word' id='word_1_327' title='bbox 1428 831 1526 860; x_wconf 89' lang='lat' dir='ltr'>multos</span> <span class='ocrx_word' id='word_1_328' title='bbox 1540 831 1688 860; x_wconf 76' lang='lat' dir='ltr'>habeamus</span> 
     </span>
     <span class='ocr_line' id='line_1_44' title="bbox 944 876 1685 915; baseline 0 -11"><span class='ocrx_word' id='word_1_329' title='bbox 944 876 990 914; x_wconf 87' lang='lat' dir='ltr'>qui</span> <span class='ocrx_word' id='word_1_330' title='bbox 1005 886 1052 905; x_wconf 91' lang='lat' dir='ltr'>nos</span> <span class='ocrx_word' id='word_1_331' title='bbox 1065 883 1210 915; x_wconf 88' lang='lat' dir='ltr'>sequantur</span> <span class='ocrx_word' id='word_1_332' title='bbox 1219 900 1227 913; x_wconf 87' lang='lat'>,</span> <span class='ocrx_word' id='word_1_333' title='bbox 1241 877 1292 906; x_wconf 87' lang='lat' dir='ltr'>nisi</span> <span class='ocrx_word' id='word_1_334' title='bbox 1318 876 1426 905; x_wconf 81' lang='lat' dir='ltr'>assidue</span> <span class='ocrx_word' id='word_1_335' title='bbox 1440 876 1519 905; x_wconf 87' lang='lat' dir='ltr'>liceat</span> <span class='ocrx_word' id='word_1_336' title='bbox 1540 876 1685 915; x_wconf 89' lang='lat' dir='ltr'>quiescere,</span> 
     </span>
     <span class='ocr_line' id='line_1_45' title="bbox 944 921 1688 961; baseline -0.001 -11"><span class='ocrx_word' id='word_1_337' title='bbox 944 931 996 950; x_wconf 87' lang='lat' dir='ltr'>non</span> <span class='ocrx_word' id='word_1_338' title='bbox 1007 932 1167 961; x_wconf 86' lang='lat' dir='ltr'>possumus;</span> <span class='ocrx_word' id='word_1_339' title='bbox 1183 922 1235 951; x_wconf 91' lang='lat' dir='ltr'>nisi</span> <span class='ocrx_word' id='word_1_340' title='bbox 1251 929 1360 950; x_wconf 88' lang='lat' dir='ltr'>utamur</span> <span class='ocrx_word' id='word_1_341' title='bbox 1374 921 1515 961; x_wconf 87' lang='lat' dir='ltr'>jumentis,</span> <span class='ocrx_word' id='word_1_342' title='bbox 1531 922 1583 951; x_wconf 90' lang='lat' dir='ltr'>nisi</span> <span class='ocrx_word' id='word_1_343' title='bbox 1606 921 1688 950; x_wconf 87' lang='lat' dir='ltr'>etiam</span> 
     </span>
     <span class='ocr_line' id='line_1_46' title="bbox 945 967 1688 1007; baseline 0.001 -13"><span class='ocrx_word' id='word_1_344' title='bbox 945 977 1056 1006; x_wconf 83' lang='lat' dir='ltr'>parvam</span> <span class='ocrx_word' id='word_1_345' title='bbox 1070 967 1124 996; x_wconf 89' lang='lat' dir='ltr'>diei</span> <span class='ocrx_word' id='word_1_346' title='bbox 1136 974 1237 1006; x_wconf 83' lang='lat' dir='ltr'>partem</span> <span class='ocrx_word' id='word_1_347' title='bbox 1254 968 1441 1005; x_wconf 87' lang='lat' dir='ltr'>ambulemus;</span> <span class='ocrx_word' id='word_1_348' title='bbox 1458 978 1526 1007; x_wconf 90' lang='lat' dir='ltr'>opus</span> <span class='ocrx_word' id='word_1_349' title='bbox 1541 974 1580 996; x_wconf 86' lang='lat' dir='ltr'>est</span> <span class='ocrx_word' id='word_1_350' title='bbox 1600 974 1688 996; x_wconf 86' lang='lat' dir='ltr'>autem</span> 
     </span>
     <span class='ocr_line' id='line_1_47' title="bbox 945 1012 1690 1052; baseline 0.001 -12"><span class='ocrx_word' id='word_1_351' title='bbox 945 1012 1022 1041; x_wconf 86' lang='lat' dir='ltr'>nobis</span> <span class='ocrx_word' id='word_1_352' title='bbox 1032 1013 1111 1041; x_wconf 88' lang='lat' dir='ltr'>etiam</span> <span class='ocrx_word' id='word_1_353' title='bbox 1123 1013 1248 1052; x_wconf 87' lang='lat' dir='ltr'>pluribus</span> <span class='ocrx_word' id='word_1_354' title='bbox 1259 1013 1331 1042; x_wconf 84' lang='lat' dir='ltr'>aliis:</span> <span class='ocrx_word' id='word_1_355' title='bbox 1339 1024 1470 1052; x_wconf 87' lang='lat' dir='ltr'>quosnam</span> <span class='ocrx_word' id='word_1_356' title='bbox 1480 1013 1690 1048; x_wconf 84' lang='lat' dir='ltr'>admirabimur,</span> 
     </span>
     <span class='ocr_line' id='line_1_48' title="bbox 944 1058 1690 1098; baseline 0.001 -12"><span class='ocrx_word' id='word_1_357' title='bbox 944 1058 1016 1096; x_wconf 85' lang='lat' dir='ltr'>illos,</span> <span class='ocrx_word' id='word_1_358' title='bbox 1031 1069 1064 1087; x_wconf 87' lang='lat' dir='ltr'>an</span> <span class='ocrx_word' id='word_1_359' title='bbox 1079 1059 1128 1087; x_wconf 89' lang='lat' dir='ltr'>hos</span> <span class='ocrx_word' id='word_1_360' title='bbox 1139 1059 1152 1086; x_wconf 74' lang='grc' dir='ltr'>Ξ)</span> <span class='ocrx_word' id='word_1_361' title='bbox 1170 1059 1225 1087; x_wconf 86' lang='lat' dir='ltr'>Hos</span> <span class='ocrx_word' id='word_1_362' title='bbox 1239 1065 1309 1087; x_wconf 85' lang='lat' dir='ltr'>certe</span> <span class='ocrx_word' id='word_1_363' title='bbox 1331 1060 1378 1097; x_wconf 91' lang='lat' dir='ltr'>qui</span> <span class='ocrx_word' id='word_1_364' title='bbox 1402 1059 1476 1089; x_wconf 91' lang='lat' dir='ltr'>nullo</span> <span class='ocrx_word' id='word_1_365' title='bbox 1499 1059 1632 1098; x_wconf 85' lang='lat' dir='ltr'>indigent.</span> <span class='ocrx_word' id='word_1_366' title='bbox 1650 1060 1690 1087; x_wconf 83' lang='lat' dir='ltr'>Ita</span> 
     </span>
     <span class='ocr_line' id='line_1_49' title="bbox 945 1103 1692 1143; baseline 0 -11"><span class='ocrx_word' id='word_1_367' title='bbox 945 1104 989 1132; x_wconf 88' lang='lat' dir='ltr'>hic</span> <span class='ocrx_word' id='word_1_368' title='bbox 1003 1115 1109 1143; x_wconf 84' lang='lat' dir='ltr'>quoque</span> <span class='ocrx_word' id='word_1_369' title='bbox 1126 1104 1166 1132; x_wconf 84' lang='lat' dir='ltr'>illi</span> <span class='ocrx_word' id='word_1_370' title='bbox 1180 1103 1289 1142; x_wconf 88' lang='lat' dir='ltr'>quidem</span> <span class='ocrx_word' id='word_1_371' title='bbox 1303 1104 1337 1132; x_wconf 88' lang='lat' dir='ltr'>ad</span> <span class='ocrx_word' id='word_1_372' title='bbox 1353 1104 1434 1143; x_wconf 86' lang='lat' dir='ltr'>hujus</span> <span class='ocrx_word' id='word_1_373' title='bbox 1447 1105 1510 1134; x_wconf 80' lang='lat' dir='ltr'>vitoe</span> <span class='ocrx_word' id='word_1_374' title='bbox 1524 1105 1598 1135; x_wconf 84' lang='lat' dir='ltr'>viam</span> <span class='ocrx_word' id='word_1_375' title='bbox 1620 1105 1692 1133; x_wconf 87' lang='lat' dir='ltr'>mul-</span> 
     </span>
     <span class='ocr_line' id='line_1_50' title="bbox 946 1150 1693 1191; baseline 0.001 -12"><span class='ocrx_word' id='word_1_376' title='bbox 946 1151 979 1179; x_wconf 83' lang='lat' dir='ltr'>tis</span> <span class='ocrx_word' id='word_1_377' title='bbox 995 1150 1171 1189; x_wconf 83' lang='lat' dir='ltr'>indigent:hi</span> <span class='ocrx_word' id='word_1_378' title='bbox 1188 1161 1252 1179; x_wconf 85' lang='lat' dir='ltr'>vero</span> <span class='ocrx_word' id='word_1_379' title='bbox 1268 1150 1353 1179; x_wconf 88' lang='lat' dir='ltr'>nullo.</span> <span class='ocrx_word' id='word_1_380' title='bbox 1377 1151 1561 1185; x_wconf 86' lang='lat' dir='ltr'>Quamobrem</span> <span class='ocrx_word' id='word_1_381' title='bbox 1587 1158 1693 1191; x_wconf 81' lang='lat' dir='ltr'>oportet</span> 
     </span>
     <span class='ocr_line' id='line_1_51' title="bbox 944 1196 1690 1236; baseline -0.001 -11"><span class='ocrx_word' id='word_1_382' title='bbox 944 1206 988 1226; x_wconf 89' lang='lat' dir='ltr'>eos</span> <span class='ocrx_word' id='word_1_383' title='bbox 1003 1197 1039 1225; x_wconf 89' lang='lat' dir='ltr'>ob</span> <span class='ocrx_word' id='word_1_384' title='bbox 1051 1203 1236 1236; x_wconf 75' lang='lat' dir='ltr'>paupertatem</span> <span class='ocrx_word' id='word_1_385' title='bbox 1251 1196 1337 1235; x_wconf 80' lang='lat' dir='ltr'>magis</span> <span class='ocrx_word' id='word_1_386' title='bbox 1351 1196 1440 1224; x_wconf 78' lang='lat' dir='ltr'>efferri</span> <span class='ocrx_word' id='word_1_387' title='bbox 1457 1203 1482 1224; x_wconf 89' lang='lat' dir='ltr'>et</span> <span class='ocrx_word' id='word_1_388' title='bbox 1500 1196 1552 1224; x_wconf 83' lang='lat' dir='ltr'>sibi</span> <span class='ocrx_word' id='word_1_389' title='bbox 1574 1197 1690 1236; x_wconf 84' lang='lat' dir='ltr'>plaeere,</span> 
     </span>
     <span class='ocr_line' id='line_1_52' title="bbox 944 1242 1692 1283; baseline -0.003 -11"><span class='ocrx_word' id='word_1_390' title='bbox 944 1243 966 1272; x_wconf 85' lang='lat' dir='ltr'>si</span> <span class='ocrx_word' id='word_1_391' title='bbox 980 1243 1031 1272; x_wconf 90' lang='lat' dir='ltr'>sibi</span> <span class='ocrx_word' id='word_1_392' title='bbox 1046 1243 1150 1282; x_wconf 87' lang='lat' dir='ltr'>placere</span> <span class='ocrx_word' id='word_1_393' title='bbox 1167 1249 1280 1283; x_wconf 81' lang='lat' dir='ltr'>oportet.</span> <span class='ocrx_word' id='word_1_394' title='bbox 1296 1244 1330 1271; x_wconf 89' lang='lat' dir='ltr'>At</span> <span class='ocrx_word' id='word_1_395' title='bbox 1340 1253 1454 1282; x_wconf 87' lang='lat' dir='ltr'>pauper,</span> <span class='ocrx_word' id='word_1_396' title='bbox 1471 1242 1570 1280; x_wconf 88' lang='lat' dir='ltr'>inquit,</span> <span class='ocrx_word' id='word_1_397' title='bbox 1590 1249 1629 1271; x_wconf 91' lang='lat' dir='ltr'>est</span> <span class='ocrx_word' id='word_1_398' title='bbox 1644 1242 1692 1271; x_wconf 92' lang='lat' dir='ltr'>de-</span> 
     </span>
     <span class='ocr_line' id='line_1_53' title="bbox 944 1288 1690 1330; baseline -0.001 -12"><span class='ocrx_word' id='word_1_399' title='bbox 944 1290 1094 1330; x_wconf 87' lang='lat' dir='ltr'>spicabilis.</span> <span class='ocrx_word' id='word_1_400' title='bbox 1119 1290 1180 1319; x_wconf 93' lang='lat' dir='ltr'>Non</span> <span class='ocrx_word' id='word_1_401' title='bbox 1209 1290 1256 1319; x_wconf 89' lang='lat' dir='ltr'>ille</span> <span class='ocrx_word' id='word_1_402' title='bbox 1269 1312 1276 1326; x_wconf 91' lang='lat'>,</span> <span class='ocrx_word' id='word_1_403' title='bbox 1297 1288 1344 1318; x_wconf 88' lang='lat' dir='ltr'>sed</span> <span class='ocrx_word' id='word_1_404' title='bbox 1368 1289 1415 1328; x_wconf 90' lang='lat' dir='ltr'>qui</span> <span class='ocrx_word' id='word_1_405' title='bbox 1439 1299 1500 1318; x_wconf 87' lang='lat' dir='ltr'>eum</span> <span class='ocrx_word' id='word_1_406' title='bbox 1527 1288 1690 1328; x_wconf 84' lang='lat' dir='ltr'>despiciunt.</span> 
     </span>
     <span class='ocr_line' id='line_1_54' title="bbox 910 1335 1694 1375; baseline -0.001 -11"><span class='ocrx_word' id='word_1_407' title='bbox 910 1342 928 1364; x_wconf 92' lang='lat' dir='ltr'>C</span> <span class='ocrx_word' id='word_1_408' title='bbox 946 1337 1002 1366; x_wconf 86' lang='lat' dir='ltr'>Cur</span> <span class='ocrx_word' id='word_1_409' title='bbox 1025 1336 1097 1365; x_wconf 88' lang='lat' dir='ltr'>enim</span> <span class='ocrx_word' id='word_1_410' title='bbox 1119 1346 1168 1375; x_wconf 80' lang='lat' dir='ltr'>ego</span> <span class='ocrx_word' id='word_1_411' title='bbox 1196 1346 1250 1365; x_wconf 90' lang='lat' dir='ltr'>non</span> <span class='ocrx_word' id='word_1_412' title='bbox 1271 1335 1390 1374; x_wconf 87' lang='lat' dir='ltr'>despicio</span> <span class='ocrx_word' id='word_1_413' title='bbox 1415 1345 1458 1364; x_wconf 86' lang='lat' dir='ltr'>eos</span> <span class='ocrx_word' id='word_1_414' title='bbox 1470 1357 1478 1373; x_wconf 83' lang='lat'><em>‚</em></span> <span class='ocrx_word' id='word_1_415' title='bbox 1500 1335 1547 1373; x_wconf 89' lang='lat' dir='ltr'>qui</span> <span class='ocrx_word' id='word_1_416' title='bbox 1572 1335 1694 1364; x_wconf 78' lang='lat' dir='ltr'>nesciunt</span> 
     </span>
    </p>

    <p class='ocr_par' dir='ltr' id='par_1_11' title="bbox 946 1381 1694 1422">
     <span class='ocr_line' id='line_1_55' title="bbox 946 1381 1694 1422; baseline 0 -12"><span class='ocrx_word' id='word_1_417' title='bbox 946 1381 1074 1411; x_wconf 85' lang='lat' dir='ltr'>admirari</span> <span class='ocrx_word' id='word_1_418' title='bbox 1083 1393 1112 1411; x_wconf 83' lang='lat' dir='ltr'>oa</span> <span class='ocrx_word' id='word_1_419' title='bbox 1123 1393 1184 1420; x_wconf 82' lang='lat' dir='ltr'>quae</span> <span class='ocrx_word' id='word_1_420' title='bbox 1196 1382 1319 1422; x_wconf 78' lang='lat' dir='ltr'>oportet?</span> <span class='ocrx_word' id='word_1_421' title='bbox 1330 1381 1385 1410; x_wconf 88' lang='lat' dir='ltr'>Sed</span> <span class='ocrx_word' id='word_1_422' title='bbox 1399 1381 1420 1409; x_wconf 91' lang='lat' dir='ltr'>si</span> <span class='ocrx_word' id='word_1_423' title='bbox 1433 1381 1468 1410; x_wconf 86' lang='lat' dir='ltr'>sit</span> <span class='ocrx_word' id='word_1_424' title='bbox 1484 1381 1592 1420; x_wconf 86' lang='lat' dir='ltr'>quidem</span> <span class='ocrx_word' id='word_1_425' title='bbox 1608 1381 1694 1421; x_wconf 89' lang='lat' dir='ltr'>pictor</span> 
     </span>
    </p>

    <p class='ocr_par' dir='ltr' id='par_1_12' title="bbox 946 1428 1693 1562">
     <span class='ocr_line' id='line_1_56' title="bbox 946 1428 1693 1470; baseline -0.001 -12"><span class='ocrx_word' id='word_1_426' title='bbox 946 1430 1093 1470; x_wconf 82' lang='lat' dir='ltr'>quispiam,</span> <span class='ocrx_word' id='word_1_427' title='bbox 1106 1441 1150 1459; x_wconf 90' lang='lat' dir='ltr'>eos</span> <span class='ocrx_word' id='word_1_428' title='bbox 1161 1429 1208 1469; x_wconf 89' lang='lat' dir='ltr'>qui</span> <span class='ocrx_word' id='word_1_429' title='bbox 1220 1430 1309 1470; x_wconf 88' lang='lat' dir='ltr'>ipsum</span> <span class='ocrx_word' id='word_1_430' title='bbox 1325 1429 1412 1458; x_wconf 83' lang='lat' dir='ltr'>rident</span> <span class='ocrx_word' id='word_1_431' title='bbox 1423 1428 1693 1468; x_wconf 79' lang='lat' dir='ltr'>i1·r1debit‚quamdiu</span> 
     </span>
     <span class='ocr_line' id='line_1_57' title="bbox 948 1475 1693 1516; baseline -0.004 -10"><span class='ocrx_word' id='word_1_432' title='bbox 948 1477 1048 1507; x_wconf 85' lang='lat' dir='ltr'>suerint</span> <span class='ocrx_word' id='word_1_433' title='bbox 1063 1476 1141 1506; x_wconf 87' lang='lat' dir='ltr'>rudes</span> <span class='ocrx_word' id='word_1_434' title='bbox 1153 1483 1178 1505; x_wconf 84' lang='lat' dir='ltr'>et</span> <span class='ocrx_word' id='word_1_435' title='bbox 1192 1476 1321 1516; x_wconf 81' lang='lat' dir='ltr'>imperiti,</span> <span class='ocrx_word' id='word_1_436' title='bbox 1337 1483 1362 1505; x_wconf 84' lang='lat' dir='ltr'>ct</span> <span class='ocrx_word' id='word_1_437' title='bbox 1377 1486 1462 1514; x_wconf 87' lang='lat' dir='ltr'>neque</span> <span class='ocrx_word' id='word_1_438' title='bbox 1476 1476 1643 1505; x_wconf 80' lang='lat' dir='ltr'>convertitur</span> <span class='ocrx_word' id='word_1_439' title='bbox 1659 1475 1693 1504; x_wconf 80' lang='lat' dir='ltr'>ad</span> 
     </span>
     <span class='ocr_line' id='line_1_58' title="bbox 948 1521 1692 1562; baseline -0.001 -11"><span class='ocrx_word' id='word_1_440' title='bbox 948 1533 978 1551; x_wconf 87' lang='lat' dir='ltr'>ea</span> <span class='ocrx_word' id='word_1_441' title='bbox 993 1533 1053 1562; x_wconf 79' lang='lat' dir='ltr'>qua·</span> <span class='ocrx_word' id='word_1_442' title='bbox 1068 1523 1102 1551; x_wconf 79' lang='lat' dir='ltr'>ab</span> <span class='ocrx_word' id='word_1_443' title='bbox 1118 1522 1171 1552; x_wconf 89' lang='lat' dir='ltr'>illis</span> <span class='ocrx_word' id='word_1_444' title='bbox 1192 1522 1331 1559; x_wconf 81' lang='lat' dir='ltr'>dicuntur,</span> <span class='ocrx_word' id='word_1_445' title='bbox 1347 1521 1391 1550; x_wconf 81' lang='lat' dir='ltr'>sed</span> <span class='ocrx_word' id='word_1_446' title='bbox 1417 1528 1556 1551; x_wconf 83' lang='lat' dir='ltr'>contentus</span> <span class='ocrx_word' id='word_1_447' title='bbox 1581 1528 1619 1550; x_wconf 87' lang='lat' dir='ltr'>cst</span> <span class='ocrx_word' id='word_1_448' title='bbox 1645 1532 1692 1550; x_wconf 84' lang='lat' dir='ltr'>suo</span> 
     </span>
    </p>
   </div>
   <div class='ocr_carea' id='block_1_10' title="bbox 0 0 60 2846">
    <p class='ocr_par' dir='ltr' id='par_1_13' title="bbox 0 0 60 2846">
     <span class='ocr_line' id='line_1_59' title="bbox 0 0 60 2846; baseline 0 0"><span class='ocrx_word' id='word_1_449' title='bbox 0 0 60 2846; x_wconf 95' lang='lat' dir='ltr'> </span> 
     </span>
    </p>
   </div>
   <div class='ocr_carea' id='block_1_11' title="bbox 546 1708 1275 1740">
    <p class='ocr_par' dir='ltr' id='par_1_14' title="bbox 546 1708 1275 1740">
     <span class='ocr_line' id='line_1_60' title="bbox 546 1708 1275 1740; baseline 0 -3"><span class='ocrx_word' id='word_1_450' title='bbox 546 1709 722 1738; x_wconf 82' lang='lat' dir='ltr'><strong>MUTIANO</strong></span> <span class='ocrx_word' id='word_1_451' title='bbox 744 1709 1000 1740; x_wconf 79' lang='lat' dir='ltr'><strong>SCHOLASTICO</strong></span> <span class='ocrx_word' id='word_1_452' title='bbox 1021 1708 1275 1739; x_wconf 85' lang='lat' dir='ltr'><strong>INTERPRETE.</strong></span> 
     </span>
    </p>
   </div>
   <div class='ocr_carea' id='block_1_12' title="bbox 126 1797 1699 2596">
    <p class='ocr_par' dir='ltr' id='par_1_15' title="bbox 126 1797 1693 1982">
     <span class='ocr_line' id='line_1_61' title="bbox 126 1797 1693 1840; baseline -0.003 -9"><span class='ocrx_word' id='word_1_453' title='bbox 126 1802 270 1831; x_wconf 81' lang='lat' dir='ltr'>utilitatem</span> <span class='ocrx_word' id='word_1_454' title='bbox 293 1810 379 1829; x_wconf 84' lang='lat' dir='ltr'>suam.</span> <span class='ocrx_word' id='word_1_455' title='bbox 395 1799 430 1828; x_wconf 85' lang='lat' dir='ltr'>Et</span> <span class='ocrx_word' id='word_1_456' title='bbox 449 1799 487 1828; x_wconf 87' lang='lat' dir='ltr'>sic</span> <span class='ocrx_word' id='word_1_457' title='bbox 502 1799 580 1828; x_wconf 88' lang='lat' dir='ltr'>etiam</span> <span class='ocrx_word' id='word_1_458' title='bbox 597 1799 624 1828; x_wconf 89' lang='lat' dir='ltr'>in</span> <span class='ocrx_word' id='word_1_459' title='bbox 639 1800 740 1829; x_wconf 78' lang='lat' dir='ltr'>caeteris</span> <span class='ocrx_word' id='word_1_460' title='bbox 754 1801 924 1839; x_wconf 80' lang='lat' dir='ltr'>passionibus</span> <span class='ocrx_word' id='word_1_461' title='bbox 938 1801 1085 1837; x_wconf 89' lang='lat' dir='ltr'>invenitur,</span> <span class='ocrx_word' id='word_1_462' title='bbox 1101 1800 1122 1829; x_wconf 92' lang='lat' dir='ltr'>si</span> <span class='ocrx_word' id='word_1_463' title='bbox 1141 1810 1188 1840; x_wconf 89' lang='lat' dir='ltr'>per</span> <span class='ocrx_word' id='word_1_464' title='bbox 1207 1810 1250 1829; x_wconf 86' lang='lat' dir='ltr'>eas</span> <span class='ocrx_word' id='word_1_465' title='bbox 1265 1797 1457 1828; x_wconf 85' lang='lat' dir='ltr'>considerantis</span> <span class='ocrx_word' id='word_1_466' title='bbox 1472 1797 1590 1838; x_wconf 77' lang='lat' dir='ltr'>pervigil</span> <span class='ocrx_word' id='word_1_467' title='bbox 1605 1805 1693 1827; x_wconf 72' lang='lat' dir='ltr'>currat</span> 
     </span>
     <span class='ocr_line' id='line_1_62' title="bbox 127 1845 1692 1887; baseline -0.003 -9"><span class='ocrx_word' id='word_1_468' title='bbox 127 1849 247 1878; x_wconf 89' lang='lat' dir='ltr'>intentio.</span> <span class='ocrx_word' id='word_1_469' title='bbox 258 1847 416 1887; x_wconf 74' lang='lat' dir='ltr'>Arrogantia</span> <span class='ocrx_word' id='word_1_470' title='bbox 427 1857 490 1876; x_wconf 76' lang='lat' dir='ltr'>vero</span> <span class='ocrx_word' id='word_1_471' title='bbox 502 1857 633 1886; x_wconf 84' lang='lat' dir='ltr'>nusquam</span> <span class='ocrx_word' id='word_1_472' title='bbox 644 1847 713 1876; x_wconf 79' lang='lat' dir='ltr'>bona</span> <span class='ocrx_word' id='word_1_473' title='bbox 725 1854 811 1886; x_wconf 88' lang='lat' dir='ltr'>potest</span> <span class='ocrx_word' id='word_1_474' title='bbox 821 1849 959 1886; x_wconf 82' lang='lat' dir='ltr'>exsistere,</span> <span class='ocrx_word' id='word_1_475' title='bbox 972 1848 1018 1877; x_wconf 88' lang='lat' dir='ltr'>sed</span> <span class='ocrx_word' id='word_1_476' title='bbox 1028 1848 1127 1887; x_wconf 90' lang='lat' dir='ltr'>ubique</span> <span class='ocrx_word' id='word_1_477' title='bbox 1140 1847 1243 1876; x_wconf 82' lang='lat' dir='ltr'>inutilis</span> <span class='ocrx_word' id='word_1_478' title='bbox 1253 1853 1278 1876; x_wconf 88' lang='lat' dir='ltr'>ct</span> <span class='ocrx_word' id='word_1_479' title='bbox 1290 1846 1369 1875; x_wconf 75' lang='lat' dir='ltr'>noxia</span> <span class='ocrx_word' id='word_1_480' title='bbox 1386 1845 1525 1885; x_wconf 86' lang='lat' dir='ltr'>reperitur.</span> <span class='ocrx_word' id='word_1_481' title='bbox 1537 1846 1607 1874; x_wconf 86' lang='lat' dir='ltr'>Sane</span> <span class='ocrx_word' id='word_1_482' title='bbox 1619 1855 1692 1877; x_wconf 79' lang='lat' dir='ltr'>vero,</span> 
     </span>
     <span class='ocr_line' id='line_1_63' title="bbox 128 1892 1693 1937; baseline -0.003 -12"><span class='ocrx_word' id='word_1_483' title='bbox 128 1897 148 1925; x_wconf 80' lang='lat' dir='ltr'>si</span> <span class='ocrx_word' id='word_1_484' title='bbox 163 1903 268 1937; x_wconf 86' lang='lat' dir='ltr'>oportet</span> <span class='ocrx_word' id='word_1_485' title='bbox 282 1896 367 1924; x_wconf 88' lang='lat' dir='ltr'>altum</span> <span class='ocrx_word' id='word_1_486' title='bbox 379 1905 479 1934; x_wconf 84' lang='lat' dir='ltr'>sapere,</span> <span class='ocrx_word' id='word_1_487' title='bbox 495 1894 521 1923; x_wconf 91' lang='lat' dir='ltr'>in</span> <span class='ocrx_word' id='word_1_488' title='bbox 537 1894 664 1934; x_wconf 79' lang='lat' dir='ltr'>pauperie</span> <span class='ocrx_word' id='word_1_489' title='bbox 677 1894 727 1923; x_wconf 91' lang='lat' dir='ltr'>boc</span> <span class='ocrx_word' id='word_1_490' title='bbox 741 1901 862 1934; x_wconf 84' lang='lat' dir='ltr'>oportet,</span> <span class='ocrx_word' id='word_1_491' title='bbox 880 1905 932 1924; x_wconf 92' lang='lat' dir='ltr'>non</span> <span class='ocrx_word' id='word_1_492' title='bbox 948 1895 974 1924; x_wconf 90' lang='lat' dir='ltr'>in</span> <span class='ocrx_word' id='word_1_493' title='bbox 988 1895 1094 1924; x_wconf 82' lang='lat' dir='ltr'>divitiis</span> <span class='ocrx_word' id='word_1_494' title='bbox 1108 1895 1202 1924; x_wconf 85' lang='lat' dir='ltr'>faeere.</span> <span class='ocrx_word' id='word_1_495' title='bbox 1219 1894 1333 1931; x_wconf 73' lang='lat' dir='ltr'>Quare?</span> <span class='ocrx_word' id='word_1_496' title='bbox 1362 1893 1419 1921; x_wconf 89' lang='lat' dir='ltr'>)uia</span> <span class='ocrx_word' id='word_1_497' title='bbox 1434 1893 1456 1921; x_wconf 91' lang='lat' dir='ltr'>si</span> <span class='ocrx_word' id='word_1_498' title='bbox 1472 1900 1547 1932; x_wconf 89' lang='lat' dir='ltr'>potes</span> <span class='ocrx_word' id='word_1_499' title='bbox 1558 1892 1585 1921; x_wconf 88' lang='lat' dir='ltr'>in</span> <span class='ocrx_word' id='word_1_500' title='bbox 1600 1892 1693 1932; x_wconf 76' lang='lat' dir='ltr'>paucis</span> 
     </span>
     <span class='ocr_line' id='line_1_64' title="bbox 127 1939 1483 1982; baseline -0.004 -8"><span class='ocrx_word' id='word_1_501' title='bbox 127 1944 211 1974; x_wconf 80' lang='lat' dir='ltr'>vitam</span> <span class='ocrx_word' id='word_1_502' title='bbox 227 1951 300 1973; x_wconf 83' lang='lat' dir='ltr'>tuam</span> <span class='ocrx_word' id='word_1_503' title='bbox 313 1943 381 1972; x_wconf 90' lang='lat' dir='ltr'>bene</span> <span class='ocrx_word' id='word_1_504' title='bbox 393 1942 549 1982; x_wconf 86' lang='lat' dir='ltr'>disponere,</span> <span class='ocrx_word' id='word_1_505' title='bbox 563 1952 594 1971; x_wconf 92' lang='lat' dir='ltr'>eo</span> <span class='ocrx_word' id='word_1_506' title='bbox 608 1942 652 1980; x_wconf 91' lang='lat' dir='ltr'>qui</span> <span class='ocrx_word' id='word_1_507' title='bbox 670 1941 720 1970; x_wconf 89' lang='lat' dir='ltr'>boc</span> <span class='ocrx_word' id='word_1_508' title='bbox 735 1952 786 1970; x_wconf 89' lang='lat' dir='ltr'>non</span> <span class='ocrx_word' id='word_1_509' title='bbox 804 1949 900 1981; x_wconf 88' lang='lat' dir='ltr'>potest,</span> <span class='ocrx_word' id='word_1_510' title='bbox 914 1942 998 1972; x_wconf 90' lang='lat' dir='ltr'>multo</span> <span class='ocrx_word' id='word_1_511' title='bbox 1012 1943 1098 1982; x_wconf 86' lang='lat' dir='ltr'>major</span> <span class='ocrx_word' id='word_1_512' title='bbox 1109 1943 1247 1980; x_wconf 87' lang='lat' dir='ltr'>multoque</span> <span class='ocrx_word' id='word_1_513' title='bbox 1258 1941 1353 1970; x_wconf 89' lang='lat' dir='ltr'>melior</span> <span class='ocrx_word' id='word_1_514' title='bbox 1367 1939 1483 1969; x_wconf 83' lang='lat' dir='ltr'>haberis.</span> 
     </span>
    </p>

    <p class='ocr_par' dir='ltr' id='par_1_16' title="bbox 128 1985 1699 2596">
     <span class='ocr_line' id='line_1_65' title="bbox 170 1985 1694 2028; baseline -0.003 -10"><span class='ocrx_word' id='word_1_515' title='bbox 170 1991 196 2019; x_wconf 87' lang='lat'>5.</span> <span class='ocrx_word' id='word_1_516' title='bbox 211 1990 262 2018; x_wconf 89' lang='lat' dir='ltr'>Dic</span> <span class='ocrx_word' id='word_1_517' title='bbox 275 1989 345 2018; x_wconf 89' lang='lat' dir='ltr'>enim</span> <span class='ocrx_word' id='word_1_518' title='bbox 358 1988 441 2024; x_wconf 79' lang='lat' dir='ltr'>mihi,</span> <span class='ocrx_word' id='word_1_519' title='bbox 459 1989 480 2017; x_wconf 90' lang='lat' dir='ltr'>si</span> <span class='ocrx_word' id='word_1_520' title='bbox 491 1988 607 2028; x_wconf 83' lang='lat' dir='ltr'>acceptis</span> <span class='ocrx_word' id='word_1_521' title='bbox 617 1987 779 2027; x_wconf 86' lang='lat' dir='ltr'>quibusdam</span> <span class='ocrx_word' id='word_1_522' title='bbox 790 1987 823 2016; x_wconf 88' lang='lat' dir='ltr'>ad</span> <span class='ocrx_word' id='word_1_523' title='bbox 835 1988 936 2027; x_wconf 82' lang='lat' dir='ltr'>regiam</span> <span class='ocrx_word' id='word_1_524' title='bbox 946 1987 1182 2025; x_wconf 87' lang='lat' dir='ltr'>civitatem,aliqui</span> <span class='ocrx_word' id='word_1_525' title='bbox 1193 1997 1286 2016; x_wconf 87' lang='lat' dir='ltr'>eorum</span> <span class='ocrx_word' id='word_1_526' title='bbox 1296 1986 1481 2025; x_wconf 85' lang='lat' dir='ltr'>nccjumentis</span> <span class='ocrx_word' id='word_1_527' title='bbox 1493 1985 1639 2024; x_wconf 84' lang='lat' dir='ltr'>indigeant,</span> <span class='ocrx_word' id='word_1_528' title='bbox 1651 1994 1694 2014; x_wconf 84' lang='lat' dir='ltr'>ne-</span> 
     </span>
     <span class='ocr_line' id='line_1_66' title="bbox 129 2032 1696 2077; baseline -0.004 -11"><span class='ocrx_word' id='word_1_529' title='bbox 129 2049 181 2077; x_wconf 89' lang='lat' dir='ltr'>que</span> <span class='ocrx_word' id='word_1_530' title='bbox 193 2037 372 2077; x_wconf 83' lang='lat' dir='ltr'>pedissequis,</span> <span class='ocrx_word' id='word_1_531' title='bbox 397 2047 482 2075; x_wconf 85' lang='lat' dir='ltr'>neque</span> <span class='ocrx_word' id='word_1_532' title='bbox 497 2035 625 2073; x_wconf 87' lang='lat' dir='ltr'>tentoriis,</span> <span class='ocrx_word' id='word_1_533' title='bbox 639 2046 724 2074; x_wconf 84' lang='lat' dir='ltr'>neque</span> <span class='ocrx_word' id='word_1_534' title='bbox 738 2035 906 2074; x_wconf 79' lang='lat' dir='ltr'>diversoriis,</span> <span class='ocrx_word' id='word_1_535' title='bbox 924 2046 1010 2074; x_wconf 85' lang='lat' dir='ltr'>neque</span> <span class='ocrx_word' id='word_1_536' title='bbox 1023 2034 1223 2072; x_wconf 81' lang='lat' dir='ltr'>calceamentis,</span> <span class='ocrx_word' id='word_1_537' title='bbox 1240 2034 1281 2063; x_wconf 77' lang='lat' dir='ltr'>vel</span> <span class='ocrx_word' id='word_1_538' title='bbox 1295 2033 1365 2062; x_wconf 78' lang='lat' dir='ltr'>vasis</span> <span class='ocrx_word' id='word_1_539' title='bbox 1384 2033 1444 2062; x_wconf 88' lang='lat' dir='ltr'>aliis</span> <span class='ocrx_word' id='word_1_540' title='bbox 1459 2032 1580 2071; x_wconf 78' lang='lat' dir='ltr'>eaeter1&#39;53</span> <span class='ocrx_word' id='word_1_541' title='bbox 1598 2032 1643 2061; x_wconf 85' lang='lat' dir='ltr'>sed</span> <span class='ocrx_word' id='word_1_542' title='bbox 1659 2032 1696 2060; x_wconf 87' lang='lat' dir='ltr'>eis</span> 
     </span>
     <span class='ocr_line' id='line_1_67' title="bbox 128 2079 1698 2125; baseline -0.005 -10"><span class='ocrx_word' id='word_1_543' title='bbox 128 2085 246 2115; x_wconf 81' lang='lat' dir='ltr'>sufficiat</span> <span class='ocrx_word' id='word_1_544' title='bbox 259 2085 335 2125; x_wconf 90' lang='lat' dir='ltr'>panis</span> <span class='ocrx_word' id='word_1_545' title='bbox 348 2091 451 2114; x_wconf 83' lang='lat' dir='ltr'>tantum</span> <span class='ocrx_word' id='word_1_546' title='bbox 463 2091 487 2113; x_wconf 91' lang='lat' dir='ltr'>et</span> <span class='ocrx_word' id='word_1_547' title='bbox 500 2095 568 2123; x_wconf 85' lang='lat' dir='ltr'>aqua</span> <span class='ocrx_word' id='word_1_548' title='bbox 583 2091 670 2113; x_wconf 88' lang='lat' dir='ltr'>sumta</span> <span class='ocrx_word' id='word_1_549' title='bbox 685 2083 718 2112; x_wconf 90' lang='lat' dir='ltr'>de</span> <span class='ocrx_word' id='word_1_550' title='bbox 732 2084 850 2113; x_wconf 84' lang='lat' dir='ltr'>sontibus</span> <span class='ocrx_word' id='word_1_551' title='bbox 870 2096 876 2113; x_wconf 71' lang='grc' dir='ltr'>ι</span> <span class='ocrx_word' id='word_1_552' title='bbox 902 2083 1014 2122; x_wconf 90' lang='lat' dir='ltr'>quidam</span> <span class='ocrx_word' id='word_1_553' title='bbox 1028 2094 1091 2113; x_wconf 68' lang='lat' dir='ltr'>vcro</span> <span class='ocrx_word' id='word_1_554' title='bbox 1105 2082 1195 2111; x_wconf 82' lang='lat' dir='ltr'>dicam</span> <span class='ocrx_word' id='word_1_555' title='bbox 1213 2081 1275 2120; x_wconf 90' lang='lat' dir='ltr'>quia</span> <span class='ocrx_word' id='word_1_556' title='bbox 1291 2080 1341 2109; x_wconf 90' lang='lat' dir='ltr'>nisi</span> <span class='ocrx_word' id='word_1_557' title='bbox 1356 2079 1500 2109; x_wconf 88' lang='lat' dir='ltr'>curriculis</span> <span class='ocrx_word' id='word_1_558' title='bbox 1513 2079 1557 2109; x_wconf 72' lang='lat' dir='ltr'>vel</span> <span class='ocrx_word' id='word_1_559' title='bbox 1571 2079 1698 2119; x_wconf 83' lang='lat' dir='ltr'>plaustris</span> 
     </span>
     <span class='ocr_line' id='line_1_68' title="bbox 128 2126 1697 2171; baseline -0.006 -8"><span class='ocrx_word' id='word_1_560' title='bbox 128 2133 338 2171; x_wconf 80' lang='lat' dir='ltr'>abundaverint,</span> <span class='ocrx_word' id='word_1_561' title='bbox 353 2132 403 2162; x_wconf 91' lang='lat' dir='ltr'>nisi</span> <span class='ocrx_word' id='word_1_562' title='bbox 414 2132 543 2161; x_wconf 87' lang='lat' dir='ltr'>stramina</span> <span class='ocrx_word' id='word_1_563' title='bbox 558 2132 650 2161; x_wconf 86' lang='lat' dir='ltr'>mollia</span> <span class='ocrx_word' id='word_1_564' title='bbox 663 2131 849 2171; x_wconf 77' lang='lat' dir='ltr'>deportentur,</span> <span class='ocrx_word' id='word_1_565' title='bbox 867 2131 917 2160; x_wconf 85' lang='lat' dir='ltr'>nisi</span> <span class='ocrx_word' id='word_1_566' title='bbox 933 2131 1013 2161; x_wconf 87' lang='lat' dir='ltr'>etiam</span> <span class='ocrx_word' id='word_1_567' title='bbox 1027 2130 1157 2171; x_wconf 90' lang='lat' dir='ltr'>plurimos</span> <span class='ocrx_word' id='word_1_568' title='bbox 1181 2129 1352 2169; x_wconf 84' lang='lat' dir='ltr'>pedissequos</span> <span class='ocrx_word' id='word_1_569' title='bbox 1374 2127 1500 2164; x_wconf 81' lang='lat' dir='ltr'>babeant,</span> <span class='ocrx_word' id='word_1_570' title='bbox 1527 2126 1577 2155; x_wconf 88' lang='lat' dir='ltr'>nisi</span> <span class='ocrx_word' id='word_1_571' title='bbox 1598 2127 1697 2165; x_wconf 65' lang='lat' dir='ltr'>scepius</span> 
     </span>
     <span class='ocr_line' id='line_1_69' title="bbox 128 2171 1697 2218; baseline -0.006 -10"><span class='ocrx_word' id='word_1_572' title='bbox 128 2180 234 2209; x_wconf 85' lang='lat' dir='ltr'>licuerit</span> <span class='ocrx_word' id='word_1_573' title='bbox 252 2180 426 2218; x_wconf 85' lang='lat' dir='ltr'>requiescere,</span> <span class='ocrx_word' id='word_1_574' title='bbox 440 2179 492 2208; x_wconf 90' lang='lat' dir='ltr'>nisi</span> <span class='ocrx_word' id='word_1_575' title='bbox 507 2178 606 2207; x_wconf 85' lang='lat' dir='ltr'>suerint</span> <span class='ocrx_word' id='word_1_576' title='bbox 619 2185 644 2207; x_wconf 90' lang='lat' dir='ltr'>et</span> <span class='ocrx_word' id='word_1_577' title='bbox 656 2178 778 2218; x_wconf 83' lang='lat' dir='ltr'>jumenta</span> <span class='ocrx_word' id='word_1_578' title='bbox 792 2178 942 2217; x_wconf 86' lang='lat' dir='ltr'>complura,</span> <span class='ocrx_word' id='word_1_579' title='bbox 953 2177 1003 2207; x_wconf 91' lang='lat' dir='ltr'>nisi</span> <span class='ocrx_word' id='word_1_580' title='bbox 1018 2177 1097 2206; x_wconf 87' lang='lat' dir='ltr'>ctiam</span> <span class='ocrx_word' id='word_1_581' title='bbox 1108 2183 1133 2205; x_wconf 87' lang='lat' dir='ltr'>et</span> <span class='ocrx_word' id='word_1_582' title='bbox 1147 2185 1243 2216; x_wconf 87' lang='lat' dir='ltr'>parum</span> <span class='ocrx_word' id='word_1_583' title='bbox 1258 2174 1360 2203; x_wconf 86' lang='lat' dir='ltr'>itineris</span> <span class='ocrx_word' id='word_1_584' title='bbox 1374 2183 1499 2214; x_wconf 84' lang='lat' dir='ltr'>peragere</span> <span class='ocrx_word' id='word_1_585' title='bbox 1513 2183 1561 2212; x_wconf 88' lang='lat' dir='ltr'>per</span> <span class='ocrx_word' id='word_1_586' title='bbox 1573 2171 1631 2201; x_wconf 91' lang='lat' dir='ltr'>dies</span> <span class='ocrx_word' id='word_1_587' title='bbox 1643 2171 1697 2200; x_wconf 87' lang='lat' dir='ltr'>sin-</span> 
     </span>
     <span class='ocr_line' id='line_1_70' title="bbox 129 2218 1694 2266; baseline -0.005 -11"><span class='ocrx_word' id='word_1_588' title='bbox 129 2226 208 2266; x_wconf 83' lang='lat' dir='ltr'>gulos</span> <span class='ocrx_word' id='word_1_589' title='bbox 227 2233 252 2255; x_wconf 89' lang='lat' dir='ltr'>et</span> <span class='ocrx_word' id='word_1_590' title='bbox 271 2226 397 2256; x_wconf 88' lang='lat' dir='ltr'>deliciose</span> <span class='ocrx_word' id='word_1_591' title='bbox 415 2226 532 2262; x_wconf 88' lang='lat' dir='ltr'>licuerit,</span> <span class='ocrx_word' id='word_1_592' title='bbox 550 2226 662 2255; x_wconf 88' lang='lat' dir='ltr'>minime</span> <span class='ocrx_word' id='word_1_593' title='bbox 681 2236 708 2254; x_wconf 89' lang='lat' dir='ltr'>se</span> <span class='ocrx_word' id='word_1_594' title='bbox 726 2232 897 2265; x_wconf 87' lang='lat' dir='ltr'>suscepturos</span> <span class='ocrx_word' id='word_1_595' title='bbox 922 2226 970 2255; x_wconf 85' lang='lat' dir='ltr'>iter</span> <span class='ocrx_word' id='word_1_596' title='bbox 990 2225 1145 2265; x_wconf 84' lang='lat' dir='ltr'>impositum</span> <span class='ocrx_word' id='word_1_597' title='bbox 1161 2236 1166 2251; x_wconf 90' lang='lat'>:</span> <span class='ocrx_word' id='word_1_598' title='bbox 1188 2233 1266 2262; x_wconf 89' lang='lat' dir='ltr'>quos,</span> <span class='ocrx_word' id='word_1_599' title='bbox 1284 2232 1360 2261; x_wconf 81' lang='lat' dir='ltr'>rogo,</span> <span class='ocrx_word' id='word_1_600' title='bbox 1381 2220 1497 2260; x_wconf 82' lang='lat' dir='ltr'>amplius</span> <span class='ocrx_word' id='word_1_601' title='bbox 1519 2218 1694 2251; x_wconf 80' lang='lat' dir='ltr'>admiremur,</span> 
     </span>
     <span class='ocr_line' id='line_1_71' title="bbox 132 2267 1696 2312; baseline -0.006 -9"><span class='ocrx_word' id='word_1_602' title='bbox 132 2282 256 2303; x_wconf 87' lang='lat' dir='ltr'>utrumne</span> <span class='ocrx_word' id='word_1_603' title='bbox 270 2273 331 2302; x_wconf 89' lang='lat' dir='ltr'>illos</span> <span class='ocrx_word' id='word_1_604' title='bbox 345 2284 377 2302; x_wconf 85' lang='lat' dir='ltr'>an</span> <span class='ocrx_word' id='word_1_605' title='bbox 393 2274 474 2303; x_wconf 88' lang='lat' dir='ltr'>istos.</span> <span class='ocrx_word' id='word_1_606' title='bbox 468 2274 481 2293; x_wconf 77' lang='lat'><strong>⁰</strong></span> <span class='ocrx_word' id='word_1_607' title='bbox 496 2274 632 2303; x_wconf 87' lang='lat' dir='ltr'>Nimirum</span> <span class='ocrx_word' id='word_1_608' title='bbox 649 2273 710 2302; x_wconf 85' lang='lat' dir='ltr'>illos</span> <span class='ocrx_word' id='word_1_609' title='bbox 725 2273 770 2312; x_wconf 88' lang='lat' dir='ltr'>qui</span> <span class='ocrx_word' id='word_1_610' title='bbox 797 2273 898 2302; x_wconf 85' lang='lat' dir='ltr'>nullius</span> <span class='ocrx_word' id='word_1_611' title='bbox 919 2273 1048 2312; x_wconf 77' lang='lat' dir='ltr'>indigent.</span> <span class='ocrx_word' id='word_1_612' title='bbox 1067 2272 1112 2302; x_wconf 81' lang='lat' dir='ltr'>Sic</span> <span class='ocrx_word' id='word_1_613' title='bbox 1125 2271 1204 2301; x_wconf 82' lang='lat' dir='ltr'>etiam</span> <span class='ocrx_word' id='word_1_614' title='bbox 1219 2271 1245 2299; x_wconf 93' lang='lat' dir='ltr'>in</span> <span class='ocrx_word' id='word_1_615' title='bbox 1259 2270 1309 2299; x_wconf 86' lang='lat' dir='ltr'>bac</span> <span class='ocrx_word' id='word_1_616' title='bbox 1330 2280 1419 2305; x_wconf 82' lang='lat' dir='ltr'>causa,</span> <span class='ocrx_word' id='word_1_617' title='bbox 1433 2279 1514 2307; x_wconf 88' lang='lat' dir='ltr'>quam</span> <span class='ocrx_word' id='word_1_618' title='bbox 1526 2267 1677 2296; x_wconf 83' lang='lat' dir='ltr'>babemus</span> <span class='ocrx_word' id='word_1_619' title='bbox 1671 2277 1696 2294; x_wconf 86' lang='lat' dir='ltr'>m</span> 
     </span>
     <span class='ocr_line' id='line_1_72' title="bbox 131 2312 1698 2360; baseline -0.006 -10"><span class='ocrx_word' id='word_1_620' title='bbox 131 2321 265 2350; x_wconf 87' lang='lat' dir='ltr'>manibus.</span> <span class='ocrx_word' id='word_1_621' title='bbox 275 2319 389 2349; x_wconf 87' lang='lat' dir='ltr'>Plurimi</span> <span class='ocrx_word' id='word_1_622' title='bbox 404 2320 503 2360; x_wconf 85' lang='lat' dir='ltr'>quippe</span> <span class='ocrx_word' id='word_1_623' title='bbox 516 2320 550 2349; x_wconf 86' lang='lat' dir='ltr'>ad</span> <span class='ocrx_word' id='word_1_624' title='bbox 563 2320 742 2360; x_wconf 81' lang='lat' dir='ltr'>peragendam</span> <span class='ocrx_word' id='word_1_625' title='bbox 754 2320 835 2359; x_wconf 81' lang='lat' dir='ltr'>bujus</span> <span class='ocrx_word' id='word_1_626' title='bbox 845 2331 860 2348; x_wconf 84' lang='lat' dir='ltr'>v</span> <span class='ocrx_word' id='word_1_627' title='bbox 864 2319 906 2348; x_wconf 80' lang='lat' dir='ltr'>itae</span> <span class='ocrx_word' id='word_1_628' title='bbox 919 2319 991 2348; x_wconf 89' lang='lat' dir='ltr'>viam</span> <span class='ocrx_word' id='word_1_629' title='bbox 1002 2318 1127 2359; x_wconf 82' lang='lat' dir='ltr'>pluribus</span> <span class='ocrx_word' id='word_1_630' title='bbox 1140 2317 1272 2356; x_wconf 80' lang='lat' dir='ltr'>indigent,</span> <span class='ocrx_word' id='word_1_631' title='bbox 1287 2315 1332 2344; x_wconf 87' lang='lat' dir='ltr'>alii</span> <span class='ocrx_word' id='word_1_632' title='bbox 1346 2326 1361 2345; x_wconf 83' lang='lat' dir='ltr'>v</span> <span class='ocrx_word' id='word_1_633' title='bbox 1365 2326 1420 2353; x_wconf 82' lang='lat' dir='ltr'>cro,</span> <span class='ocrx_word' id='word_1_634' title='bbox 1432 2321 1461 2343; x_wconf 92' lang='lat' dir='ltr'>ut</span> <span class='ocrx_word' id='word_1_635' title='bbox 1472 2314 1508 2342; x_wconf 89' lang='lat' dir='ltr'>ita</span> <span class='ocrx_word' id='word_1_636' title='bbox 1519 2313 1626 2349; x_wconf 84' lang='lat' dir='ltr'>dicam,</span> <span class='ocrx_word' id='word_1_637' title='bbox 1637 2312 1698 2340; x_wconf 92' lang='lat' dir='ltr'>nul-</span> 
     </span>
     <span class='ocr_line' id='line_1_73' title="bbox 132 2359 1698 2407; baseline -0.006 -10"><span class='ocrx_word' id='word_1_638' title='bbox 132 2369 192 2398; x_wconf 86' lang='lat' dir='ltr'>lius.</span> <span class='ocrx_word' id='word_1_639' title='bbox 210 2367 344 2405; x_wconf 72' lang='lat' dir='ltr'>Proinde,</span> <span class='ocrx_word' id='word_1_640' title='bbox 360 2367 382 2396; x_wconf 84' lang='lat' dir='ltr'>si</span> <span class='ocrx_word' id='word_1_641' title='bbox 397 2374 499 2407; x_wconf 79' lang='lat' dir='ltr'>opoitet</span> <span class='ocrx_word' id='word_1_642' title='bbox 516 2368 601 2397; x_wconf 87' lang='lat' dir='ltr'>altum</span> <span class='ocrx_word' id='word_1_643' title='bbox 614 2378 717 2407; x_wconf 43' lang='lat' dir='ltr'>sapum·</span> <span class='ocrx_word' id='word_1_644' title='bbox 731 2367 764 2396; x_wconf 86' lang='lat' dir='ltr'>dc</span> <span class='ocrx_word' id='word_1_645' title='bbox 781 2367 908 2407; x_wconf 78' lang='lat' dir='ltr'>paupeiic</span> <span class='ocrx_word' id='word_1_646' title='bbox 922 2367 972 2396; x_wconf 87' lang='lat' dir='ltr'>boc</span> <span class='ocrx_word' id='word_1_647' title='bbox 985 2373 1106 2406; x_wconf 84' lang='lat' dir='ltr'>opor,tet</span> <span class='ocrx_word' id='word_1_648' title='bbox 1121 2365 1142 2394; x_wconf 91' lang='lat' dir='ltr'>si</span> <span class='ocrx_word' id='word_1_649' title='bbox 1155 2372 1241 2394; x_wconf 82' lang='lat' dir='ltr'>tamen</span> <span class='ocrx_word' id='word_1_650' title='bbox 1257 2374 1323 2403; x_wconf 86' lang='lat' dir='ltr'>op01</span> <span class='ocrx_word' id='word_1_651' title='bbox 1327 2370 1377 2392; x_wconf 86' lang='lat' dir='ltr'>tet</span> <span class='ocrx_word' id='word_1_652' title='bbox 1389 2372 1451 2391; x_wconf 88' lang='lat' dir='ltr'>nam</span> <span class='ocrx_word' id='word_1_653' title='bbox 1472 2361 1518 2399; x_wconf 87' lang='lat' dir='ltr'>qui</span> <span class='ocrx_word' id='word_1_654' title='bbox 1533 2360 1600 2389; x_wconf 87' lang='lat' dir='ltr'>benc</span> <span class='ocrx_word' id='word_1_655' title='bbox 1614 2359 1698 2399; x_wconf 83' lang='lat' dir='ltr'>sapit,</span> 
     </span>
     <span class='ocr_line' id='line_1_74' title="bbox 130 2407 1697 2460; baseline -0.007 -14.936"><span class='ocrx_word' id='word_1_656' title='bbox 130 2416 215 2446; x_wconf 82' lang='lat' dir='ltr'>altum</span> <span class='ocrx_word' id='word_1_657' title='bbox 231 2426 323 2455; x_wconf 78' lang='lat' dir='ltr'>sapeie</span> <span class='ocrx_word' id='word_1_658' title='bbox 338 2426 484 2454; x_wconf 87' lang='lat' dir='ltr'>numquam</span> <span class='ocrx_word' id='word_1_659' title='bbox 496 2415 584 2445; x_wconf 82' lang='lat' dir='ltr'>debet.</span> <span class='ocrx_word' id='word_1_660' title='bbox 601 2415 654 2445; x_wconf 87' lang='lat' dir='ltr'>Sed</span> <span class='ocrx_word' id='word_1_661' title='bbox 667 2415 854 2451; x_wconf 88' lang='lat' dir='ltr'>contemnitur,</span> <span class='ocrx_word' id='word_1_662' title='bbox 871 2415 969 2454; x_wconf 86' lang='lat' dir='ltr'>inquis,</span> <span class='ocrx_word' id='word_1_663' title='bbox 984 2425 1093 2455; x_wconf 74' lang='lat' dir='ltr'>pauper,</span> <span class='ocrx_word' id='word_1_664' title='bbox 1103 2414 1162 2442; x_wconf 85' lang='lat' dir='ltr'>Non</span> <span class='ocrx_word' id='word_1_665' title='bbox 1176 2413 1220 2441; x_wconf 88' lang='lat' dir='ltr'>ille</span> <span class='ocrx_word' id='word_1_666' title='bbox 1232 2408 1480 2444; x_wconf 74' lang='lat' dir='ltr'>conten1niun‚scd</span> <span class='ocrx_word' id='word_1_667' title='bbox 1495 2407 1542 2447; x_wconf 89' lang='lat' dir='ltr'>qui</span> <span class='ocrx_word' id='word_1_668' title='bbox 1553 2417 1697 2460; x_wconf 84' lang='lat' dir='ltr'>pauperem</span> 
     </span>
     <span class='ocr_line' id='line_1_75' title="bbox 130 2453 1699 2501; baseline -0.006 -9"><span class='ocrx_word' id='word_1_669' title='bbox 130 2470 311 2500; x_wconf 77' lang='lat' dir='ltr'>contemnunt,</span> <span class='ocrx_word' id='word_1_670' title='bbox 339 2464 378 2492; x_wconf 90' lang='lat' dir='ltr'>illi</span> <span class='ocrx_word' id='word_1_671' title='bbox 405 2463 489 2501; x_wconf 78' lang='lat' dir='ltr'>magis</span> <span class='ocrx_word' id='word_1_672' title='bbox 514 2464 607 2492; x_wconf 77' lang='lat' dir='ltr'>meiito</span> <span class='ocrx_word' id='word_1_673' title='bbox 632 2471 844 2492; x_wconf 83' lang='lat' dir='ltr'>contemnuntur.</span> <span class='ocrx_word' id='word_1_674' title='bbox 871 2464 937 2492; x_wconf 84' lang='grc' dir='ltr'>Ν·ιιιι</span> <span class='ocrx_word' id='word_1_675' title='bbox 951 2473 997 2492; x_wconf 88' lang='lat' dir='ltr'>eur</span> <span class='ocrx_word' id='word_1_676' title='bbox 1011 2473 1061 2491; x_wconf 86' lang='lat' dir='ltr'>non</span> <span class='ocrx_word' id='word_1_677' title='bbox 1082 2461 1167 2499; x_wconf 70' lang='lat' dir='ltr'>ungis</span> <span class='ocrx_word' id='word_1_678' title='bbox 1181 2470 1229 2499; x_wconf 75' lang='lat' dir='ltr'>ego</span> <span class='ocrx_word' id='word_1_679' title='bbox 1245 2466 1410 2489; x_wconf 83' lang='lat' dir='ltr'>contemnam</span> <span class='ocrx_word' id='word_1_680' title='bbox 1426 2457 1504 2493; x_wconf 85' lang='lat' dir='ltr'>illos,</span> <span class='ocrx_word' id='word_1_681' title='bbox 1518 2455 1564 2495; x_wconf 82' lang='lat' dir='ltr'>qui</span> <span class='ocrx_word' id='word_1_682' title='bbox 1580 2453 1699 2484; x_wconf 87' lang='lat' dir='ltr'>nesciunt</span> 
     </span>
     <span class='ocr_line' id='line_1_76' title="bbox 132 2500 1698 2579; baseline -0.008 -38.977"><span class='ocrx_word' id='word_1_683' title='bbox 132 2511 221 2540; x_wconf 72' lang='lat' dir='ltr'>admi·</span> <span class='ocrx_word' id='word_1_684' title='bbox 223 2511 261 2540; x_wconf 80' lang='lat' dir='ltr'>ati</span> <span class='ocrx_word' id='word_1_685' title='bbox 278 2522 321 2550; x_wconf 86' lang='lat' dir='ltr'>qu⁴</span> <span class='ocrx_word' id='word_1_686' title='bbox 316 2522 336 2539; x_wconf 88' lang='lat' dir='ltr'>c</span> <span class='ocrx_word' id='word_1_687' title='bbox 349 2510 394 2549; x_wconf 76' lang='lat' dir='ltr'>dig</span> <span class='ocrx_word' id='word_1_688' title='bbox 388 2522 428 2539; x_wconf 72' lang='grc' dir='ltr'>’.·ιιι</span> <span class='ocrx_word' id='word_1_689' title='bbox 445 2518 504 2539; x_wconf 69' lang='lat' dir='ltr'>sunt</span> <span class='ocrx_word' id='word_1_690' title='bbox 521 2510 720 2539; x_wconf 75' lang='grc' dir='ltr'>.·ιι11ιιίι·;ιίίοιι(·ἶι</span> <span class='ocrx_word' id='word_1_691' title='bbox 738 2511 804 2540; x_wconf 75' lang='lat' dir='ltr'>Nam</span> <span class='ocrx_word' id='word_1_692' title='bbox 825 2518 850 2540; x_wconf 87' lang='lat' dir='ltr'>et</span> <span class='ocrx_word' id='word_1_693' title='bbox 873 2511 967 2550; x_wconf 78' lang='lat' dir='ltr'>pictor,</span> <span class='ocrx_word' id='word_1_694' title='bbox 982 2510 1002 2539; x_wconf 79' lang='lat' dir='ltr'>si</span> <span class='ocrx_word' id='word_1_695' title='bbox 1019 2510 1052 2538; x_wconf 81' lang='lat' dir='ltr'>ab</span> <span class='ocrx_word' id='word_1_696' title='bbox 1069 2507 1194 2538; x_wconf 80' lang='lat' dir='ltr'>omnibus</span> <span class='ocrx_word' id='word_1_697' title='bbox 1211 2504 1353 2535; x_wconf 73' lang='grc' dir='ltr'>ἰι·ιίι1(’.”ιῑιιι·</span> <span class='ocrx_word' id='word_1_698' title='bbox 1375 2511 1464 2579; x_wconf 83' lang='lat' dir='ltr'>atquel</span> <span class='ocrx_word' id='word_1_699' title='bbox 1478 2500 1698 2542; x_wconf 68' lang='lat' dir='ltr'>reprebendatur</span> 
     </span>
     <span class='ocr_line' id='line_1_77' title="bbox 134 2546 1699 2596; baseline -0.008 -10"><span class='ocrx_word' id='word_1_700' title='bbox 134 2558 216 2587; x_wconf 77' lang='lat' dir='ltr'>‹loncc</span> <span class='ocrx_word' id='word_1_701' title='bbox 231 2568 273 2587; x_wconf 74' lang='lat' dir='ltr'>eos</span> <span class='ocrx_word' id='word_1_702' title='bbox 288 2556 407 2587; x_wconf 66' lang='grc' dir='ltr'>ίιιάυιιω</span> <span class='ocrx_word' id='word_1_703' title='bbox 419 2557 522 2596; x_wconf 67' lang='grc' dir='ltr'>γιτψίε</span> <span class='ocrx_word' id='word_1_704' title='bbox 526 2557 543 2586; x_wconf 85' lang='lat' dir='ltr'>it</span> <span class='ocrx_word' id='word_1_705' title='bbox 559 2564 582 2586; x_wconf 85' lang='lat' dir='ltr'>ct</span> <span class='ocrx_word' id='word_1_706' title='bbox 594 2568 622 2586; x_wconf 81' lang='lat' dir='ltr'>su</span> <span class='ocrx_word' id='word_1_707' title='bbox 627 2569 646 2586; x_wconf 75' lang='lat' dir='ltr'>c</span> <span class='ocrx_word' id='word_1_708' title='bbox 662 2557 725 2586; x_wconf 68' lang='lat' dir='ltr'>wis</span> <span class='ocrx_word' id='word_1_709' title='bbox 740 2565 871 2596; x_wconf 69' lang='lat' dir='ltr'>expertes,</span> <span class='ocrx_word' id='word_1_710' title='bbox 887 2558 932 2586; x_wconf 75' lang='lat' dir='ltr'>ill«</span> <span class='ocrx_word' id='word_1_711' title='bbox 936 2568 995 2586; x_wconf 77' lang='lat' dir='ltr'>ium</span> <span class='ocrx_word' id='word_1_712' title='bbox 1011 2557 1089 2586; x_wconf 55' lang='lat' dir='ltr'>teil-1</span> <span class='ocrx_word' id='word_1_713' title='bbox 1104 2554 1208 2593; x_wconf 77' lang='lat' dir='ltr'>penitus</span> <span class='ocrx_word' id='word_1_714' title='bbox 1221 2563 1272 2583; x_wconf 87' lang='lat' dir='ltr'>non</span> <span class='ocrx_word' id='word_1_715' title='bbox 1285 2550 1405 2583; x_wconf 86' lang='lat' dir='ltr'>attendit</span> <span class='ocrx_word' id='word_1_716' title='bbox 1419 2550 1464 2579; x_wconf 66' lang='lat' dir='ltr'>scut</span> <span class='ocrx_word' id='word_1_717' title='bbox 1478 2550 1532 2579; x_wconf 78' lang='lat' dir='ltr'>solo</span> <span class='ocrx_word' id='word_1_718' title='bbox 1549 2546 1699 2578; x_wconf 71' lang='lat' dir='ltr'>testimonio</span> 
     </span>
    </p>
   </div>
  </div>
 </body>
</html>
