1906 2846
109 605 211 625 .l!⁴19'2:i·,71.
227 611 245 624 Ι.

110 636 144 664 ¹l·

110 980 131 994 2.
142 973 193 994 Car.
209 973 231 995 ⁴3.

111 1011 145 1025 12.

257 208 327 251 ‘sl-‘S
596 215 623 237 S.

257 280 311 308 duo
324 278 435 307 contulit
447 277 559 305 minuta.
573 276 706 304 Tulcrunt
718 275 826 313 quidam
837 275 916 304 etiam
928 275 998 314 pilos

257 336 318 354 cum
336 325 463 362 templum
481 328 692 356 construeretur,
719 328 744 350 et
770 331 802 350 ne
826 321 869 349 isti
888 321 999 359 quidem

258 378 317 399 sunt
333 369 429 407 rejecti.
451 368 503 396 scd
520 368 541 395 si
559 378 654 395 aurum
668 367 778 405 quidem
794 367 940 405 habentes,
955 367 998 407 pi-

258 417 296 443 los
311 414 478 449 obtulissent,
489 413 599 441 fuissent
612 412 786 448 cxsecrandi;
799 413 821 442 si
836 420 925 442 autem
937 423 998 441 cum

653 215 791 238 Joxxxls
817 214 998 237 CllRYSOST.

1029 215 1185 239 ARCHIEP.
1214 213 1340 238 coxsrA
1347 213 1483 238 NTINOP.

1049 277 1162 316 δειγμα,
1183 277 1225 305 ἵνα
1242 277 1308 315 μηδὲ
1323 279 1336 306 ὁ
1347 277 1426 311 πένης
1441 277 1610 317 ἀπογινώσκῃ
1634 280 1736 315 ἑαυτοῦ,
1751 281 1818 318 ὁρῶν

1049 323 1085 354 εἷς
1099 322 1146 358 τὴν
1166 322 1199 352 τὰ
1214 323 1257 351 δύο
1274 322 1359 351 λεπτὰ
1373 322 1585 352 καταῆαλοῧσαν.
1599 322 1730 361 Ἤνεγκάν
1751 336 1819 357 τινες

1049 368 1092 396 καὶ
1106 368 1199 407 τρίχας
1219 370 1244 396 ἐν
1256 370 1288 406 τῇ
1304 370 1348 396 τοῦ
1362 370 1422 396 ναοῧ
1438 370 1604 407 κατασκευῇ,
1619 369 1664 397 καὶ
1678 369 1736 397 οὐδὲ
1749 365 1818 398 οἷτοι

1050 414 1247 449 &majo-mm.
1263 414 1331 442 Ἀλλ’
1350 415 1372 442 εἷ
1395 414 1442 451 μὲν
1465 414 1572 452 χρυσίον
1595 414 1819 453 ἔχοντες,τρίχας

258 462 306 489 hoc
320 460 406 488 solum
423 459 566 495 baberent,
583 458 609 486 id
621 459 775 487 obtulerunt
789 481 796 495 y
811 459 999 488 sueruntacce-
1015 463 1034 486 D
1049 459 1148 498 ἔφερον,
1175 459 1362 498 ἐπικατάρατοι
1376 471 1382 476 ·
1402 461 1424 487 εἷ
1446 459 1472 487 δὲ
1494 462 1571 488 τοῦτο
1597 460 1700 499 ἔχοντες
1729 460 1818 497 μόνον,

258 506 306 545 pti.
323 506 463 544 Propterea
471 504 536 532 Cain
549 515 654 542 quoque
667 505 718 533 fuit
733 505 908 543 rcprclicnsus
922 528 930 540 ,
948 516 999 534 non

259 551 329 590 quod
343 551 408 579 vilia
425 550 566 586 obtulerit,
582 549 628 578 sed
645 550 716 588 quod
732 550 864 579 vilissima
879 550 1000 579 omnium

260 608 317 635 quce
341 596 435 624 habuit
460 608 465 623 :
486 596 679 632 Maledictus,
706 596 810 634 inquit,
840 599 889 635 qui
915 597 1000 625 habel

261 643 423 671 masculum
451 665 459 677 ,
487 648 514 670 et
540 643 603 670 Deo
626 643 717 680 offert
739 648 914 681 corruptum.
941 643 1001 671 Non

260 688 380 717 absolute
394 687 478 725 dixi13
494 687 540 716 sed
555 688 600 726 qui
615 688 695 716 habet
707 711 715 725 ‚
732 688 836 726 inquit,
859 695 883 717 et
906 689 1000 727 parcit.

260 734 288 762 Si
313 734 446 772 quispiam
467 744 530 772 ergo
549 743 602 761 non
624 733 720 768 habet,
744 734 822 772 culpa
841 741 927 769 vacat,
947 734 1001 762 imo

260 790 324 808 vero
338 780 415 808 habet
431 780 588 808 mercedem.
603 779 679 815 Quid
693 779 763 808 enim
783 787 822 808 est
835 780 918 808 vilius
934 780 1000 808 duo<

260 827 311 855 bus
327 826 412 855 obolis
427 849 435 863 ‚
450 833 475 854 et
494 826 581 864 magis
595 826 674 854 nihili
691 837 770 864 quam
785 826 834 865 pili
847 827 860 854 ,3
875 825 941 864 quid
956 837 1002 855 co-

261 871 317 909 tyla
336 870 430 899 similas
450 871 555 899 vilius?
569 869 615 898 sed
635 877 722 898 tamen
742 871 799 899 haec
820 881 871 899 non
894 871 1002 898 fuerunt

261 916 389 944 :estimato
411 916 522 944 minoris
546 927 628 954 quam
647 916 728 944 vituli
749 923 774 945 et
799 927 905 944 aurum.
932 917 1000 944 Nam

264 963 413 1000 Quatenus
424 962 539 1000 quidem
549 963 637 990 habet
649 963 795 1000 quispiam
807 968 848 990 est
857 968 1001 1001 acceptus,

262 1018 318 1035 non
332 1014 475 1047 quatenus
491 1018 550 1035 non
564 1009 652 1036 habet
663 1019 676 1043 ;
688 1014 724 1044 et,
739 1008 889 1045 Quatenus
902 1008 1000 1041 habet,

260 1054 364 1091 inquit,
382 1064 486 1081 manus
501 1059 552 1082 tua
564 1076 571 1087 ,
590 1053 720 1091 benefac.
732 1052 809 1087 Ideo,
825 1063 889 1091 rogo
899 1075 906 1088 ‚
921 1052 1002 1080 alacri

259 1098 348 1125 animo
372 1097 542 1125 effundamus
567 1096 705 1125 facultates
730 1096 757 1124 in
780 1106 910 1135 pauperes
929 1096 1001 1124 :etsi

258 1153 348 1182 parra·
365 1143 416 1171 sint
426 1165 434 1180 ,
446 1142 567 1171 eamdem
580 1142 743 1181 accipiemus
756 1141 904 1169 mercedem
919 1152 1001 1179 quam

259 1189 305 1226 qui
320 1189 399 1228 plura
421 1188 610 1222 contulerunt,
628 1188 684 1216 imo
704 1187 781 1226 plura
797 1197 877 1224 quam
892 1187 938 1225 qui
957 1193 1000 1215 ta-

259 1234 328 1262 lenta
341 1234 510 1262 contulerunt
523 1233 742 1262 innumerabilia.
753 1233 782 1261 Si
790 1232 848 1261 haec
859 1233 1000 1267 faciamus,

258 1280 485 1318 assequemurDei
495 1279 632 1308 thesauros
643 1279 808 1308 ineffabiles:
822 1279 904 1307 sinon
915 1278 1002 1307 solum

258 1325 400 1355 audiamus
413 1348 420 1362 ,
435 1325 481 1354 sed
497 1325 577 1354 etiam
601 1336 729 1364 agamus3
744 1325 765 1353 si
786 1335 838 1354 non
861 1325 1002 1353 laudemus

259 1377 363 1399 tantum
376 1393 385 1407 ,
402 1371 446 1399 scd
463 1371 542 1399 etiam
559 1371 634 1399 factis
646 1370 826 1399 ostendamus.
842 1371 910 1408 Quae
924 1370 1002 1398 detur

259 1418 336 1447 nobis
359 1419 485 1447 omnibus
506 1419 631 1456 consequi
650 1441 658 1452 ,
683 1418 767 1456 gratia
790 1425 816 1446 et
838 1417 1003 1455 benignitate

260 1463 369 1491 Domini
383 1464 466 1492 nostri
489 1465 551 1493 Jesu
577 1463 676 1492 Christi
688 1486 696 1497 ‚
715 1473 775 1491 cum
795 1473 848 1500 quo
863 1462 936 1490 Patri
950 1472 1002 1490 una

260 1519 319 1537 cum
342 1517 431 1539 sancto
452 1510 555 1549 Spiritu
580 1510 684 1549 gloria,
711 1509 873 1548 imperium,
898 1509 1000 1547 honor,

260 1565 329 1583 nunc
340 1562 364 1583 et
376 1566 480 1595 semper
490 1579 498 1591 ,
515 1563 540 1584 et
555 1556 580 1584 in
595 1555 690 1584 saecula
706 1554 874 1583 saeculorum.
888 1557 981 1583 Amen.

1049 509 1124 534 τοῦτο
1148 505 1270 543 ἤνεγκαν,
1299 505 1446 534 ἀπόδεκτοι.
1474 505 1525 534 Διὰ
1549 509 1626 534 τοῦτο
1649 506 1694 534 καὶ
1715 507 1728 533 ὁ
1752 505 1820 534 Κᾶϊν

1050 551 1170 590 ἐμέμφθη
1179 575 1186 586 ,
1198 553 1243 580 οὐκ
1255 551 1345 586 ἐπειδὴ
1357 553 1442 590 φαῦλα
1457 551 1644 589 προσήνεγκεν,
1658 552 1716 579 ἀλλ’
1728 551 1819 586 ἐπειδὴ

1050 594 1086 626 ὧν
1101 593 1155 636 εἶχε
1167 597 1200 625 τὰ
1217 596 1378 636 φαυλότερα’
1393 596 1601 635 ἐπικατάρατος,
1619 597 1708 635 φησὶν,
1725 597 1751 628 ὃς
1765 596 1822 635 ἔχει

1050 643 1138 682 ἄρσεν,
1150 642 1194 670 καὶ
1206 642 1259 671 Ούει
1273 642 1459 681 διεφθαρμένον
1475 644 1512 681 τῷ
1523 643 1595 680 Θεῷ.
1609 643 1670 680 Οὐχ
1686 643 1776 674 ἁπλῶς
1786 637 1820 669 εἷ-

1050 700 1107 722 πεν,
1122 689 1179 716 ἀλλ’
1196 690 1209 716 ὁ
1220 688 1297 726 ἔχων,
1313 687 1375 726 φησὶ
1385 711 1392 723 ,
1403 687 1446 716 καὶ
1463 687 1621 726 φειδόμενος.
1639 689 1671 716 1Ξῖ
1685 686 1770 715 τοίνυν
1783 698 1823 719 τις

1052 735 1099 762 οὐκ
1113 733 1186 772 ἔχει,
1212 734 1382 768 ἀπήλλακται
1407 733 1452 762 καὶ
1475 733 1660 771 ἐγκλημάτων,
1676 733 1775 771 μᾶλλον
1795 731 1822 761 δὲ

1052 779 1108 818 ἔχει
1133 779 1234 817 μισθόν.
1251 778 1351 819 Τίγᾶρ
1377 779 1420 808 δύο
1437 779 1536 808 ὀὲολῶν
1562 779 1753 819 εὐτελέστερον,
1778 778 1823 807 καὶ

1052 827 1150 864 τριχῶν
1167 825 1398 862 οὐδαμινέστερον;
1415 825 1440 853 τί
1463 824 1489 853 δὲ
1511 825 1672 860 σεμιδάλεως
1695 825 1822 860 κοτύλης;

1011 893 1045 911 301
1053 872 1109 899 ἀλλ’
1124 871 1195 908 ὅμως
1216 875 1298 899 ταῦτα
1320 870 1496 908 ηὐδοκίμησεν
1524 870 1621 908 ὁμοίως
1635 874 1689 902 τοῖς
1713 869 1823 908 μόσχοις

1020 921 1037 941 Α
1053 916 1097 944 καὶ
1108 918 1146 955 τῷ
1157 916 1267 955 χρυσίῳ.
1280 917 1345 944 Καθ’
1358 916 1370 945 ὃ
1381 915 1433 955 γὰρ
1447 917 1501 955 ἔχει
1513 928 1565 951 τις,
1578 916 1781 955 εὐπρόσδεκτος,
1794 917 1823 944 οὗ

1053 963 1111 990 καθ’
1125 962 1138 991 ὃ
1153 963 1199 990 οὐκ
1212 961 1279 1000 ἔχει’
1295 961 1357 996 καὶ,
1373 961 1419 994 Ὡς
1434 961 1465 989 ἂν
1479 961 1544 1000 ἔχῃ,
1556 961 1646 1000 φησὶν,
1659 964 1675 996 ἡ
1691 961 1750 1000 χείρ
1766 971 1824 995 σου,

1054 1003 1081 1035 εἶ
1095 1007 1178 1036 ποίει’
1195 1007 1249 1043 διὸ,
1264 1008 1414 1045 παρακαλῶ
1425 1029 1433 1041 ,
1457 1007 1614 1044 κενώσωμεν
1636 1006 1778 1045 προθύμως
1791 1005 1825 1034 τὰ

1052 1053 1113 1081 ὄντα
1128 1055 1164 1085 εἷς
1177 1052 1236 1085 τοὺς
1247 1052 1374 1088 πένητας·
1388 1052 1437 1081 κᾶν
1452 1052 1527 1090 ὀλίγα
1541 1048 1575 1091 ᾗ,
1593 1052 1636 1080 τὸν
1650 1051 1728 1080 αὐτὸν
1741 1051 1825 1089 ληψό-

1052 1101 1118 1136 μεθα
1133 1098 1224 1135 μισθὸν
1240 1103 1293 1130 τοῖς
1308 1098 1340 1126 τὰ
1355 1098 1464 1126 πλείονα
1487 1097 1685 1126 καταὸάλλουσι
1697 1118 1704 1132 ,
1723 1098 1822 1135 μᾶλλον

1049 1144 1075 1172 δὲ
1097 1144 1204 1172 πλείονα
1225 1146 1276 1172 τῶν
1300 1143 1380 1181 μυρία
1395 1144 1511 1172 τάλαντα
1525 1142 1753 1171 καταὸαλλόντων.
1775 1141 1822 1170 Ἂν

1049 1193 1130 1218 ταῦτα
1145 1191 1271 1226 ποιῶμεν,
1287 1188 1475 1226 ἐπιτευξόμεθα
1492 1191 1543 1216 τῶν
1560 1188 1667 1226 ἀφάτων
1682 1189 1820 1225 θησαυρῶν

1049 1237 1093 1263 :03
1108 1235 1192 1268 Θεοῦ,
1209 1234 1238 1262 ἂν
1252 1234 1288 1271 μὴ
1302 1234 1438 1271 ἀκούωμεν
1453 1234 1540 1271 μόνον,
1555 1233 1624 1261 ἀλλὰ
1638 1233 1684 1260 καὶ
1693 1232 1819 1270 πράττω-

1051 1293 1109 1318 μεν,
1126 1281 1155 1308 ἂν
1168 1281 1204 1318 μὴ
1221 1282 1381 1317 ἐπαινῶμεν,
1400 1279 1467 1308 ἀλλὰ
1483 1279 1527 1307 καὶ
1543 1278 1586 1307 διὰ
1599 1281 1650 1307 τῶν
1668 1278 1750 1317 ἔργων
1763 1279 1823 1307 ε’πι·

1050 1327 1217 1363 δεικνύωμεν,
1231 1322 1281 1353 ῖΩν
1295 1325 1396 1362 γένοιτο
1413 1325 1512 1356 πάντας
1528 1326 1598 1361 ἡμᾶς
1613 1325 1757 1363 ἐπιτυχεῖν,
1769 1323 1820 1362 χά-

1052 1383 1101 1411 ριτι
1124 1371 1168 1399 καὶ
1186 1370 1368 1409 φιλανθρωπίᾳ
1391 1373 1435 1398 τοῦ
1450 1369 1547 1409 Κυρίου
1566 1371 1642 1407 ἡμῶν
1655 1368 1743 1404 Ἰησοῦ
1757 1369 1823 1408 Χρι-

1051 1420 1127 1452 στοῦ,
1144 1418 1199 1454 μεθ’
1219 1412 1307 1459 οἷ’-,ᾦ
1322 1416 1424 1454 Πατρὶ,
1451 1416 1508 1453 ἅμα
1524 1417 1562 1454 τῷ
1582 1415 1650 1454 ἁγίῳ
1668 1414 1820 1452 Πνεύματι,

1051 1462 1126 1497 δόξα,
1142 1462 1252 1501 κράτος,
1268 1461 1343 1499 τιμὴ,
1358 1464 1402 1489 νῦν
1418 1461 1462 1490 καὶ
1475 1461 1526 1497 ἀεὶ,
1543 1461 1588 1489 καὶ
1602 1463 1638 1493 εἷς
1652 1460 1711 1494 τοὺς
1726 1462 1822 1492 αἰῶνας

1052 1510 1103 1536 τῶν
1116 1507 1228 1536 αἰώνων.
1242 1507 1267 1536 'A
1273 1507 1334 1545 μην.

681 1671 855 1700 ΜΕΤΙΑΝΟ
877 1671 1130 1700 SCHOLASTICO
1153 1670 1405 1700 INTERPRETE.

262 1774 344 1803 parva
357 1763 478 1801 largitur.
497 1762 661 1791 Obtulerunt
675 1762 786 1801 quidam
801 1763 882 1791 etiam
896 1769 964 1792 setas
985 1771 1010 1792 et
1023 1762 1092 1802 pilos
1110 1770 1135 1791 et
1149 1762 1260 1802 capillos
1281 1762 1309 1791 in
1331 1762 1424 1802 templi
1444 1763 1686 1802 constructionem,
1703 1769 1728 1792 et
1742 1765 1822 1803 spreti

264 1812 367 1851 penitus
382 1822 433 1839 non
448 1818 508 1839 sunt
524 1823 529 1838 :
543 1810 589 1839 sed
601 1811 628 1838 hi
640 1833 648 1848 ‚
662 1811 684 1839 si
701 1821 798 1838 aurum
809 1810 937 1839 habentes
955 1811 1113 1850 capillorum
1128 1821 1238 1839 munera
1253 1810 1424 1850 deportarent
1435 1833 1443 1845 ‚
1461 1810 1598 1839 maledicti
1609 1811 1731 1851 protinus
1742 1813 1824 1841 exsti-

262 1859 369 1894 tissent;
386 1858 407 1886 si
420 1868 484 1887 vero
498 1857 570 1886 istud
583 1864 686 1886 tantum
699 1857 825 1886 habentes
836 1857 991 1886 obtulerunt
1003 1880 1011 1893 ,
1023 1858 1199 1898 acceptabiles
1218 1858 1246 1887 in
1263 1869 1311 1887 suo
1332 1868 1440 1887 munere
1462 1858 1526 1887 sacti
1545 1865 1617 1888 sunt.
1637 1859 1781 1898 Propterea
1798 1866 1824 1888 et

263 1906 329 1934 Cain
353 1905 477 1944 culpatus
499 1912 554 1940 est,
568 1914 621 1933 non
641 1904 704 1942 quia
726 1904 830 1943 abjecta
853 1904 969 1941 obtulit,
986 1904 1033 1933 sed
1056 1905 1119 1943 quia
1134 1905 1255 1934 omnium
1277 1915 1336 1943 quae
1349 1904 1466 1933 habebat
1479 1905 1620 1944 abjectiora
1644 1905 1742 1934 obtulit
1755 1906 1822 1936 Deo.

264 1953 441 1981 Maledictus
450 1975 457 1988 ‚
470 1951 558 1990 inquit
572 1951 708 1990 Scriptura
718 1972 726 1987 ,
743 1953 793 1989 qui
804 1952 891 1979 habet
904 1951 1027 1980 meliora
1039 1974 1047 1988 ‚
1060 1958 1089 1980 et
1103 1951 1254 1991 sacrificat
1273 1958 1410 1990 corrupta
1424 1953 1497 1980 Deo.
1512 1952 1572 1980 Non
1592 1952 1713 1981 absolute
1735 1951 1824 1990 dixit,

264 2000 319 2036 Qui
331 2000 463 2029 sacrificat
476 2005 601 2039 corrupta
615 2000 671 2028 Deo
682 2010 689 2034 ς
702 1998 763 2035 sed,
776 1998 830 2033 Qui
847 1998 941 2035 habet,
960 1999 1066 2037 inquit,
1080 2006 1105 2028 et
1124 2000 1238 2029 avaritia
1257 1999 1430 2039 compellente
1444 2006 1594 2028 revocatur.
1610 2000 1639 2029 si
1654 2000 1738 2039 igitur
1749 2000 1825 2038 quis-

265 2058 345 2086 quam
357 2058 410 2076 non
421 2047 501 2076 babet
512 2069 520 2083 ‚
534 2047 607 2075 omni
619 2046 698 2085 culpa
712 2053 799 2081 caret,
810 2046 879 2075 liber
889 2053 929 2075 est
941 2059 948 2083 3
963 2047 1048 2085 magis
1062 2053 1151 2075 autem
1165 2047 1314 2076 mercedem
1327 2047 1403 2075 facile
1423 2046 1566 2085 conquirit.
1579 2047 1655 2082 Quid
1666 2047 1737 2076 enim
1751 2047 1824 2077 duo—

264 2095 316 2123 bus
326 2094 436 2123 minutis
449 2094 578 2133 abjectius
591 2117 597 2130 ,
612 2094 654 2123 vel
669 2093 735 2132 quid
747 2093 853 2132 capillis
866 2094 949 2123 vilius
962 2116 971 2130 ,
988 2094 1032 2123 vel
1051 2094 1119 2132 quid
1134 2094 1246 2122 inferius
1266 2104 1350 2133 parva
1367 2094 1517 2132 similagine
1528 2093 1542 2121 Ρ
1555 2100 1580 2122 et
1601 2101 1690 2123 tamen
1703 2094 1824 2124 invenies

266 2141 390 2170 similiter
403 2141 549 2181 approbata
563 2141 632 2169 sicut
643 2140 743 2169 vitulos
757 2147 782 2168 et
792 2150 889 2169 aurum
899 2140 972 2179 quod
980 2140 1079 2170 divites
1089 2141 1254 2171 obtulerunt.
1264 2141 1427 2169 Secundum
1439 2141 1519 2179 quod
1529 2142 1592 2179 quis
1601 2141 1687 2169 habet
1695 2163 1704 2175 ,
1716 2151 1823 2170 secun-

267 2189 337 2216 dum
351 2188 405 2216 hoc
420 2187 605 2226 acceptabilis
616 2186 746 2226 efficitur
756 2209 765 2221 ,
783 2196 840 2214 non
850 2187 1009 2215 secundum
1023 2186 1102 2225 quod
1114 2196 1173 2214 non
1191 2187 1289 2214 habet.
1312 2186 1461 2223 Quantum
1477 2185 1563 2214 hahet
1581 2196 1686 2214 manus
1702 2192 1764 2223 tua,
1777 2185 1824 2214 in-

268 2234 340 2273 quit,
354 2235 526 2273 benefacito.
543 2235 684 2272 Propterea
695 2233 804 2262 obsecro
815 2256 823 2271 ,
838 2240 869 2262 ut
881 2243 1042 2263 evacuemus
1055 2243 1116 2261 cum
1130 2233 1267 2261 alacritate
1281 2232 1444 2260 substantias
1459 2238 1560 2261 nostras
1581 2232 1608 2261 in
1624 2243 1752 2272 pauperes
1769 2245 1776 2261 :
1793 2243 1824 2261 ac

267 2282 289 2310 si
304 2293 388 2321 parva
402 2282 454 2310 sint
468 2292 528 2320 quae
541 2281 689 2317 habemus,
706 2280 853 2310 mercedem
874 2281 999 2310 similiter
1016 2290 1206 2318 consequemur
1224 2280 1279 2308 illis
1301 2280 1346 2318 qui
1370 2279 1447 2318 plura
1468 2279 1595 2308 videntur
1609 2280 1722 2316 offcrre;
1738 2280 1824 2318 magis

268 2335 357 2356 autem
368 2328 485 2367 amplius
500 2327 625 2355 meritum
639 2327 870 2365 comparabimus,
887 2338 966 2366 quam
982 2327 1023 2355 illi
1037 2327 1083 2365 qui
1097 2326 1213 2355 offerunt
1231 2325 1434 2354 multitudinem
1454 2332 1599 2354 tantorum.
1616 2325 1646 2354 Si
1669 2325 1727 2354 haec
1740 2325 1825 2364 igitur

268 2375 411 2412 faciamus,
422 2373 622 2404 inaestimabiles
635 2373 684 2402 Dei
698 2373 836 2402 thesauros
850 2374 1029 2413 adipiscimur
1041 2386 1046 2401 :
1064 2373 1087 2403 si
1098 2380 1186 2402 tamen
1200 2384 1253 2402 non
1278 2373 1365 2401 solum
1381 2372 1538 2410 audiamus,
1551 2373 1728 2402 verumetiam
1743 2373 1824 2402 facia-

269 2433 345 2457 mus;
357 2423 378 2451 si
393 2433 445 2452 non
458 2429 562 2450 tantum
573 2421 722 2457 laudemus,
731 2420 778 2449 sed
788 2421 867 2450 etiam
882 2421 947 2460 ipsis
961 2422 1088 2461 operibus
1102 2421 1283 2451 ostendamus.
1301 2421 1368 2456 Quae
1379 2430 1426 2449 nos
1443 2431 1534 2449 omnes
1547 2419 1683 2459 contingat
1693 2419 1820 2459 adipisci,

268 2469 295 2497 in
311 2470 417 2498 Christo
432 2471 495 2499 Jesu
510 2469 625 2498 Domino
634 2475 739 2506 nostro,
755 2478 816 2497 cum
824 2479 876 2507 quo
890 2469 963 2497 Patri
979 2469 1064 2508 gloria
1078 2479 1128 2498 una
1143 2479 1205 2498 cum
1218 2469 1247 2498 S.
1263 2468 1368 2508 Spiritu
1378 2491 1386 2504 ‚
1401 2478 1473 2497 nunc
1486 2474 1511 2496 et
1521 2477 1635 2507 semper,
1649 2473 1675 2496 et
1686 2467 1713 2496 in
1724 2467 1822 2496 saecula

266 2517 433 2546 saeculorum.
446 2519 540 2545 Amen.
