1906 2846
246 218 311 250 580
576 226 603 248 s.
634 226 771 248 suffixis
797 224 976 247 cuux'sosr.
1007 222 1162 247 Aecuffir.
1191 225 1461 248 coxs'rixrixor.

242 290 309 321 .·ilia;
325 295 348 316 et
369 289 388 316 si
410 297 499 315 omues
521 285 641 319 excedit,
657 286 691 313 ab
716 285 772 323 ipsa
796 292 864 313 certe
886 284 975 323 regina
989 307 1023 324 257
1033 284 1098 317 λέως
1114 290 1240 322 γυναῖκα·
1267 286 1332 323 μόνη
1353 285 1404 324 γὰρ
1428 286 1453 313 ἐν
1470 286 1574 324 πλούτῳ
1588 288 1677 326 πολλῷ
1700 288 1732 316 τὰ
1746 290 1798 316 τῶν

242 335 359 362 vincitur
372 344 377 359 z
391 333 433 360 liic
458 338 545 359 autem
569 331 650 358 vincit
671 341 761 358 omues
771 353 778 364 ,
795 332 873 359 ctiam
893 331 977 369 ipsam
998 335 1015 355 Α
1033 329 1152 364 πενήτων
1166 329 1256 359 εἵλετο.
1273 330 1356 359 Ἰὶστε
1371 332 1415 359 καὶ
1430 333 1452 359 εἰ
1467 331 1542 365 δόξης
1556 333 1673 371 ἐρῶμεν,
1689 334 1799 362 ἐνταῦθα

242 389 352 408 uxorem
375 376 545 415 Imperatoris
562 389 566 404 z
584 376 639 404 sola
660 376 731 404 enim
749 375 774 403 in
801 375 903 404 divitiis
925 376 977 404 cle-

242 426 280 463 git
313 434 370 461 quae
393 429 454 451 sunt
477 432 636 461 pauperum.
661 421 853 457 Quamobrem,
875 421 978 449 etiamsi

241 480 360 498 amemus
373 468 486 507 gloriam
501 491 507 503 ,
528 468 573 496 hic
587 475 625 496 cst
641 468 726 507 major
741 467 834 506 gloria.
855 468 915 496 Non
935 477 980 496 so-

240 516 297 544 lum
310 515 371 544 dico
386 514 478 543 viduis
489 521 513 543 et
527 514 658 542 divitibus
670 525 676 549 ;
690 514 736 543 hic
750 514 821 542 enim
836 514 979 542 necessita-

241 562 313 590 tibus
327 561 469 589 viduitatis
486 560 595 589 videtur
613 560 663 588 hoc
675 560 778 597 sacere;
793 560 839 588 sed
853 560 885 588 iis
900 560 979 588 etiam

241 619 300 646 qua?
315 608 403 636 virum
416 607 524 634 habent.
538 608 570 634 At
582 606 685 642 marito,
698 606 796 644 iuquit,
811 617 862 634 uon
879 606 978 645 placeo.

240 654 294 681 Nec
313 653 408 681 marito
424 653 464 680 vis
479 652 581 690 placere
592 673 599 686 ,
615 651 660 679 sed
677 651 846 681 multitudini
865 662 979 691 pauper-

240 699 363 728 cularum
376 699 517 727 mulierum
528 709 535 731 3
547 698 600 726 imo
611 708 676 726 vero
691 708 743 726 non
757 698 870 737 placere,
879 697 926 726 sed
937 708 979 726 eas

239 745 385 773 tabefacere
408 751 433 772 et
454 743 546 772 dolore
568 743 685 779 afficere,
701 750 725 771 et
742 754 835 772 earum
850 744 979 782 majorem

240 791 324 819 lacere
343 796 534 829 paupertatem.
551 789 640 824 Quam
659 789 742 817 multa
759 796 867 828 propter
887 795 912 817 te
932 789 978 817 di-

239 844 337 871 cuntur
365 835 541 874 blasphema?
564 836 604 864 Ne
622 835 670 871 sit,
692 835 795 873 iuquit,
817 842 977 874 paupertas:

238 883 313 910 Deus
325 881 386 910 odio
400 881 480 909 habet
493 891 587 919 egenos
596 903 604 915 ,
622 881 694 910 Deus
707 891 758 909 non
774 881 865 920 diligit
878 891 920 909 eos
933 881 978 919 qui

239 935 299 956 sunt
324 928 350 956 in
373 934 536 967 paupertate.
558 928 627 956 Nam
644 926 715 964 quod
730 937 782 955 non
797 927 894 955 marito
912 927 978 955 velis

239 974 350 1012 placere,
366 984 413 1002 nec
427 984 457 1002 ea
470 973 504 1002 de
520 984 597 1002 causa
612 973 714 1001 orneris
724 995 731 1007 ,
747 973 871 1002 omnibus
887 973 978 1001 reddis

238 1020 408 1060 perspicuum
423 1031 457 1049 ex
471 1020 504 1048 iis
517 1030 577 1058 quat
587 1019 642 1058 ipsa
654 1020 728 1048 facis.
741 1020 811 1048 Nam
824 1031 885 1048 cum
897 1020 977 1049 limen

237 1066 347 1094 thalami
369 1066 516 1102 transieris,
537 1065 675 1094 confestim
699 1065 811 1104 deponis
834 1065 933 1099 omnia,
953 1073 977 1094 et

236 1118 335 1147 vestes,
357 1119 380 1140 ct
400 1118 555 1140 ornamenta
579 1121 670 1143 aurea,
696 1118 721 1139 et
742 1111 916 1149 margaritas3
932 1111 977 1139 illa

237 1157 336 1196 quippe
361 1157 434 1186 domi
460 1167 512 1185 non
538 1163 632 1195 gestas.
655 1156 684 1185 Si
703 1163 792 1185 autem
812 1156 853 1184 vis
870 1157 978 1185 omnino

237 1203 340 1240 placere
354 1202 464 1238 marito,
480 1209 541 1230 sunt
563 1212 611 1241 per
636 1212 694 1239 quae
716 1202 752 1230 sis
773 1201 915 1241 placitura,
930 1213 978 1240 per

236 1248 388 1283 lenitatem,
405 1259 452 1287 per
472 1247 715 1284 mansuetudinem,
735 1258 782 1286 per
803 1247 976 1275 honestatem.

236 1295 304 1322 Nam
319 1294 395 1323 crede
405 1294 481 1330 mihi,
490 1304 505 1322 ο
518 1293 622 1329 mulier,
631 1293 734 1321 etiamsi
749 1293 860 1321 maritus
875 1299 936 1321 tuus
944 1293 977 1321 sit

235 1339 333 1368 millies
349 1339 479 1379 praeripiti
491 1346 517 1368 et
530 1339 673 1378 impotente
690 1339 780 1367 animo
791 1361 799 1375 ,
814 1339 871 1366 haec
893 1339 978 1377 magis

236 1396 296 1413 eum
306 1385 449 1422 attrahent,
460 1385 565 1421 lenitas,
574 1384 757 1420 mansuetudo,
768 1384 942 1423 temperantia
953 1392 978 1412 et

235 1430 391 1465 moderatio,
405 1442 419 1458 a
430 1431 499 1459 fastu
515 1441 570 1459 esse
585 1430 708 1466 alienam,
723 1440 775 1458 non
793 1440 848 1458 esse
859 1436 977 1458 sumtu0<

236 1486 301 1511 sam,
312 1476 358 1504 scd
373 1477 533 1515 simplicem.
544 1477 612 1504 Nam
627 1476 835 1504 incontinentem
853 1475 902 1503 etsi
917 1475 977 1503 mil-

235 1522 260 1550 le
280 1523 343 1550 talia
366 1523 517 1561 excogites,
546 1533 597 1551 non
627 1522 772 1551 continebis
792 1534 797 1549 z
817 1522 869 1551 hoe
890 1522 977 1550 sciunt

235 1574 366 1605 quotquot
393 1568 457 1596 talcs
479 1568 576 1596 hahent
599 1568 707 1596 maritos
723 1579 728 1594 ε
744 1577 806 1595 nam
830 1566 976 1605 quomodo-

237 1624 349 1651 cumque
364 1621 387 1642 te
397 1625 523 1647 exornes,
536 1614 598 1651 ille,
614 1614 778 1642 incontinens
793 1624 854 1642 cum
868 1613 911 1649 sit,
922 1613 977 1641 abit

237 1660 269 1687 ad
285 1660 363 1687 aliam
378 1672 382 1686 τ
397 1671 456 1688 cum
472 1667 558 1688 autem
573 1660 618 1698 qui
635 1667 672 1688 cst
693 1667 840 1699 temperans
853 1667 876 1689 et
890 1660 975 1688 hone-

1035 375 1130 412 μείζων
1144 378 1160 410 ἡ
1174 375 1244 409 δόξα.
1262 378 1302 405 Οὐ
1313 376 1376 416 πρὸς
1389 376 1436 409 τὰς
1452 377 1536 416 χήρας
1556 377 1624 416 λέγω
1640 378 1716 415 μόνον
1727 401 1734 413 ,
1756 379 1800 406 καὶ

1034 421 1080 453 τὰς
1104 422 1242 454 πλουσίας·
1278 423 1387 451 ἐνταῦθα
1411 423 1463 462 γὰρ
1490 424 1559 452 δοκεῖ
1579 426 1596 457 ἡ
1622 425 1669 457 τ’ἧς
1691 423 1801 461 χηρείας

1035 468 1137 505 ἀνάγκη
1149 470 1224 497 τοῦτο
1240 473 1339 497 ποιεῖν·
1363 469 1430 497 ἀλλὰ
1449 469 1570 508 καὶπρὸς
1591 469 1638 501 τὰς
1658 469 1811 508 ὑπάνδρους

1035 513 1121 545 οὔσας.
1136 514 1204 541 Ἀλλ’
1217 515 1263 542 οὐκ
1274 514 1392 553 ἀρέσκω,
1405 514 1468 552 φησὶ
1477 537 1484 550 ‚
1498 517 1535 553 τῷ
1550 515 1633 553 ἀνδρί.
1648 516 1688 543 Οὔ
1701 516 1739 553 τῷ
1753 516 1800 542 ἀν-

1035 559 1077 597 δρὶ
1092 558 1179 597 βούλει
1197 560 1331 599 ἀρέσκειν,
1356 560 1424 588 ἀλλὰ
1445 561 1482 599 τῷ
1495 560 1590 595 πλήθει
1605 562 1657 588 τῶν
1671 562 1800 597 γυναικῶν

1034 608 1085 634 τῶν
1099 608 1229 645 πενιχρῶν
1241 618 1246 623 ·
1262 607 1361 644 μᾶλλον
1377 606 1404 635 δὲ
1420 608 1465 635 οὒκ
1480 606 1614 645 ἀρέσκειν,
1628 606 1696 635 ἀλλὰ
1714 617 1800 634 κατα-

1033 651 1122 686 τήκειν
1143 652 1224 685 αὐτὰς
1248 652 1292 680 καὶ
1317 653 1428 691 ὀδυνᾷν,
1453 653 1497 680 καὶ
1512 651 1560 687 τὴν
1580 651 1670 680 πενίαν
1695 652 1802 689 μείζονα

1033 703 1126 726 ποιεῖν.
1142 698 1218 727 Πόσα
1231 698 1274 727 διὰ
1284 698 1311 727 σε
1325 698 1470 737 βλάσφημα
1481 698 1650 737 φθέγγονται;
1661 698 1708 733 Μὴ
1720 698 1799 731 ἔστω,

1034 744 1110 783 φησὶ,
1133 744 1225 773 πενία·
1242 747 1255 772 ὁ
1270 744 1337 776 Θεὸς
1353 749 1424 782 μισεῖ
1443 743 1502 776 τοὺς
1516 743 1686 781 πενομένους,
1707 745 1720 772 ὁ
1734 743 1802 776 Θεὸς

1034 791 1062 818 οὐ
1077 791 1145 828 φιλεῖ
1159 789 1218 823 τοὺς
1229 792 1255 819 ἐν
1268 790 1353 830 πενία.
1377 790 1442 819 υΟϊι
1460 790 1511 828 γὰρ
1527 791 1554 818 οὐ
1567 792 1604 829 τῷ
1619 789 1694 828 ἀνδρὶ
1714 790 1800 828 βούλει

1034 837 1154 875 ἀρέσκειν
1166 859 1173 872 ,
1190 837 1234 865 καὶ
1249 836 1344 870 ταύτης
1358 835 1444 864 ἕνεκεν
1459 838 1506 870 τῆς
1522 835 1606 868 αἰτίας
1628 834 1799 874 καλλωπίζῃ,

1032 881 1058 915 ἐξ
1083 878 1119 910 ὧν
1152 882 1217 917 αὐτὴ
1249 886 1330 915 ποιεῖς
1354 884 1431 910 τοῦτο
1452 882 1529 916 δῆλον
1556 882 1639 910 ἅπασι
1663 883 1799 919 καθιστᾷς.

1031 927 1117 957 ιΌταιν
1131 928 1181 967 γὰρ
1196 928 1312 967 ὒπερὸῇς
1334 928 1378 956 τὸν
1393 928 1466 956 οὐδὸν
1482 930 1526 955 τοῦ
1545 926 1663 964 θαλάμου
1675 949 1682 962 ,
1705 926 1801 958 εὐθέως

1032 974 1136 1002 ἅπαντα
1151 974 1260 1012 ἀποτίθῃ
1271 997 1278 1010 ,
1291 975 1335 1002 καὶ
1346 973 1380 1002 τὰ
1392 973 1500 1011 ἱμάτια,
1517 973 1561 1002 καὶ
1577 972 1611 1002 τὰ
1622 971 1732 1012 χρυσία,
1754 972 1801 1001 καὶ

1032 1019 1089 1053 τοὺς
1102 1019 1281 1059 μαργαρίτας·
1304 1019 1349 1048 καὶ
1364 1019 1407 1047 ἐπὶ
1421 1021 1467 1054 τῆς
1482 1018 1565 1051 οἰκίας
1581 1018 1697 1056 μάλιστα
1712 1019 1740 1047 οὔ
1754 1030 1801 1057 epo—

1033 1071 1093 1104 ρεῖς.
1111 1067 1143 1094 Εἰ
1157 1066 1184 1095 δὲ
1201 1067 1266 1098 ὅλως
1284 1065 1371 1103 βούλει
1392 1065 1511 1104 ἀρέσκειν
1525 1066 1563 1104 τῷ
1585 1064 1674 1103 ἀνδρὶ,
1697 1064 1753 1093 ἔστι
1768 1064 1802 1092 δι’

1031 1107 1066 1140 ὧν
1081 1111 1214 1150 ἀρέσκεις,
1229 1112 1262 1139 δι’
1274 1110 1429 1145 ἐπιεικείας,
1453 1110 1494 1138 διὰ
1509 1110 1671 1149 πραότητος,
1697 1109 1739 1137 διὰ
1753 1121 1802 1138 κο-

1032 1158 1187 1195 σμιόμητος.
1211 1156 1324 1185 Πίστευε
1335 1157 1386 1195 γάρ
1402 1167 1460 1193 μοι,
1475 1156 1552 1194 γύναι
1561 1179 1568 1191 ‚
1580 1155 1629 1184 κᾶν
1649 1155 1770 1194 μυριάκις
1783 1151 1800 1193 ἦ

1032 1202 1185 1241 κατωφερὴς
1201 1204 1214 1230 ὁ
1229 1202 1294 1240 ἀνὴρ
1310 1202 1354 1230 καὶ
1367 1201 1499 1239 ἀκρατὴς,
1511 1205 1594 1230 ταῦτα
1611 1201 1708 1238 μᾶλλον
1725 1201 1801 1229 αὐτὸν

1031 1248 1215 1288 ἐφελκύσεται,
1241 1248 1384 1283 ἐπιείκεια,
1411 1247 1570 1284 κοσμιότης,
1596 1247 1626 1275 τὸ
1640 1246 1752 1285 ἄτυφον,
1772 1246 1802 1274 τὸ

1032 1295 1164 1323 ἀδάπανον
1175 1316 1182 1328 ,
1194 1293 1223 1321 τὸ
1239 1292 1348 1324 εὐτελές.
1371 1293 1424 1320 Τὸν
1441 1292 1487 1329 μὲν
1504 1291 1555 1330 γὰρ
1569 1291 1730 1326 ἀκόλαστον,
1752 1290 1800 1319 κᾶν

1007 1345 1013 1365 3
1032 1340 1112 1379 μυρία
1124 1343 1232 1368 τοιαῦτα
1243 1340 1351 1376 ἐπινοῇς
1361 1359 1367 1371 ,
1385 1338 1413 1366 οὐ
1430 1337 1544 1370 καθέξεις
1554 1349 1560 1355 ·
1580 1337 1625 1365 καὶ
1639 1336 1726 1366 ἴσασιν
1741 1337 1802 1366 ὅσαι

1030 1386 1160 1417 τοιούτους
1177 1385 1322 1423 ἐσχήκασιν
1337 1384 1444 1422 ἄνδρας·
1458 1384 1493 1415 ὡς
1506 1383 1557 1422 γὰρ
1574 1383 1619 1412 ἐὰν
1630 1382 1802 1422 καλλωπίσῃς

1030 1431 1146 1467 σαυτὴν,
1164 1432 1261 1462 ἐκεῖνος
1283 1429 1428 1462 ἀκόλαστος
1449 1428 1484 1457 ὢν
1504 1429 1568 1467 πρὸς
1589 1428 1680 1469 ἑτέραν
1691 1429 1800 1458 ἄπεισι·

1029 1478 1073 1506 τὸν
1089 1477 1114 1506 δὲ
1127 1477 1248 1515 σώφρονα
1259 1476 1303 1504 καὶ
1316 1476 1424 1513 κόσμιον
1436 1476 1464 1504 οὐ
1476 1474 1576 1507 τούτοις
1588 1475 1718 1515 αἱρήσεις,
1731 1475 1799 1503 ἀλλὰ

1030 1527 1083 1554 τοῖς
1095 1523 1219 1554 ἐναντίοις
1229 1533 1234 1538 ’
1251 1523 1277 1550 ἐν
1292 1521 1392 1554 τούτοις
1408 1521 1435 1550 δὲ
1447 1521 1492 1550 καὶ
1504 1521 1594 1553 λυπεῖς
1604 1543 1612 1556 ,
1626 1523 1709 1559 σαυτῇ
1725 1520 1798 1554 δόξαν

1031 1571 1192 1607 περιτιθεῖσα
1213 1567 1382 1606 φιλοκόσμου.
1410 1568 1442 1595 Εἰ
1465 1566 1515 1604 γὰρ
1544 1566 1589 1594 καὶ
1612 1566 1764 1603 αἰδούμενος
1785 1569 1800 1595 ὁ

1030 1614 1109 1651 ἀνὴρ,
1129 1613 1264 1641 καὶτοῦτο
1285 1615 1320 1644 ὡς
1340 1612 1451 1651 σώφρων
1474 1613 1502 1640 οὐ
1517 1611 1604 1650 λέγει,
1627 1612 1684 1639 ἀλλ’
1699 1611 1800 1640 ἔνδοθεν

1030 1658 1228 1697 καταγνώσεταί
1240 1670 1284 1687 σου
1295 1670 1300 1675 ’
1317 1658 1374 1690 τοὺς
1387 1658 1412 1686 δὲ
1426 1658 1532 1696 φθόνους
1543 1657 1586 1685 καὶ
1598 1656 1643 1689 τὰς
1655 1657 1800 1695 βασκανίας

651 1792 823 1821 ΜΕΤΙΑΧΟ
846 1792 1099 1821 SCHOLASTICO
1122 1789 1371 1819 INTERPRETE.

235 1894 313 1922 istam
324 1902 439 1933 superet,
452 1896 485 1924 ab
497 1896 545 1924 illa
555 1904 696 1936 superatur
707 1909 715 1934 ;
732 1908 762 1926 ac
772 1898 794 1927 si
807 1905 915 1927 cunctas
928 1897 1051 1935 excedat,
1064 1898 1098 1926 ab
1114 1897 1289 1937 Imperatrice
1302 1897 1419 1926 vincitur
1429 1908 1435 1924 t
1444 1896 1501 1925 haec
1515 1903 1604 1925 autem
1618 1904 1725 1936 superat
1738 1897 1800 1926 uni-

236 1950 336 1977 versas,
352 1940 433 1968 etiam
447 1941 532 1980 ipsam
545 1942 716 1981 Imperatoris
732 1954 844 1972 uxorem
857 1954 863 1970 :
877 1943 932 1972 sola
942 1954 1057 1982 namque
1068 1944 1095 1972 in
1112 1943 1216 1982 magnis
1230 1943 1335 1972 divitiis
1347 1943 1490 1972 constituta
1505 1943 1580 1982 eligit
1590 1943 1714 1979 habitum
1729 1954 1799 1982 pau-

235 1998 340 2026 perum.
357 1987 474 2016 Proinde
492 1999 523 2016 ac
536 1988 559 2017 si
573 1990 654 2018 etiam
669 1990 782 2028 gloriam
802 1983 943 2030 cupiamus
960 1991 1075 2030 adipisci
1085 2013 1093 2028 ‚
1111 1991 1192 2020 etiam
1207 1991 1233 2019 in
1250 1991 1302 2019 hoc
1316 1991 1402 2029 major
1416 1997 1455 2019 est
1469 1990 1564 2029 gloria.
1582 1990 1642 2019 Non
1656 1990 1692 2019 ad
1705 1991 1801 2019 viduas

235 2041 338 2064 tantum
353 2035 510 2074 loquor,aut
526 2036 561 2065 ad
572 2037 711 2076 opulentas
721 2049 729 2075 ;
745 2049 806 2066 nam
822 2039 849 2067 in
864 2038 954 2067 viduis
967 2039 1075 2067 videtur
1091 2038 1209 2067 viduitas
1222 2039 1318 2067 afferre
1331 2038 1512 2067 necessitatem
1520 2049 1528 2074 ς
1543 2037 1589 2066 sed
1600 2037 1681 2066 etiam
1692 2037 1727 2066 ad
1739 2049 1803 2067 cou-

232 2082 340 2121 jugatas
353 2083 411 2110 haec
425 2082 569 2121 loquimur.
587 2084 639 2113 Sed
654 2095 706 2113 non
727 2085 837 2124 placebo
849 2108 856 2122 ,
873 2085 981 2123 inquit,
998 2085 1058 2114 viro
1072 2096 1142 2114 meo.
1161 2086 1221 2114 Non
1239 2086 1299 2114 viro
1313 2085 1417 2124 placere
1431 2084 1582 2123 desideras,
1595 2084 1644 2113 sed
1657 2085 1803 2114 mulierum

237 2130 404 2158 multitudini
418 2141 568 2170 pauperum
581 2143 586 2158 :
601 2132 686 2171 magis
699 2139 789 2161 autem
803 2143 859 2162 non
877 2132 982 2172 placere
991 2155 998 2168 ,
1010 2132 1055 2161 sed
1069 2143 1113 2161 eas
1127 2132 1311 2161 contabescere
1325 2132 1412 2171 cupis,
1428 2132 1533 2160 afficere
1549 2131 1652 2169 dolore,
1670 2143 1803 2161 macerare

236 2179 383 2215 tormentis,
398 2185 469 2208 etex
486 2181 683 2218 comparatione
698 2188 742 2209 tua
759 2188 943 2221 paupertatem
957 2181 1012 2210 illis
1027 2191 1101 2209 suam
1119 2181 1204 2209 facere
1219 2181 1378 2219 graviorem.
1390 2181 1414 2208 Ο
1430 2186 1558 2218 quantam
1571 2187 1680 2219 propter
1699 2187 1723 2209 te
1741 2181 1803 2210 hta-

236 2226 385 2265 sphemiam
398 2225 560 2265 loquuntur!
574 2228 632 2256 Non
647 2228 690 2263 sit,
704 2228 840 2267 inquiunt,
857 2236 1017 2268 paupertas:
1031 2229 1115 2263 Deus,
1131 2228 1269 2266 inquiunt,
1285 2226 1346 2256 odio
1360 2227 1439 2255 habet
1450 2228 1674 2266 pauperes,Deus
1689 2238 1742 2257 nou
1755 2227 1801 2256 di-

236 2273 297 2311 tigit
311 2273 338 2302 in
357 2274 483 2313 pauperie
501 2275 668 2303 constitutos.
683 2276 754 2310 Quia
769 2276 841 2304 enim
857 2276 895 2305 sic
915 2287 968 2304 non
992 2276 1051 2305 viro
1065 2276 1169 2316 placere
1181 2275 1326 2311 desideras,
1338 2282 1363 2304 et
1375 2285 1427 2304 non
1440 2275 1474 2303 ad
1488 2274 1557 2304 hanc
1571 2286 1678 2304 causam
1689 2282 1715 2304 te
1727 2276 1803 2316 cupis

237 2322 335 2357 ornari,
345 2332 378 2350 ex
390 2321 488 2360 quihus
501 2322 558 2361 ipsa
570 2322 635 2350 facis
652 2323 822 2352 manifestum
836 2324 938 2353 cunctis
950 2331 1070 2364 apparet.
1085 2324 1154 2353 Cum
1170 2323 1251 2352 limen
1267 2323 1307 2351 tui
1320 2322 1432 2351 thalami
1444 2323 1527 2351 fueris
1545 2333 1712 2363 supergressa
1722 2346 1730 2360 ,
1742 2334 1804 2353 con-

238 2367 326 2396 festim
341 2376 434 2397 cuncta
450 2369 496 2398 illa
511 2370 636 2409 deponiS‚
651 2375 675 2398 et
687 2371 856 2406 vestimenta,
868 2378 893 2400 et
908 2378 1081 2409 aui-amenta,
1095 2371 1263 2410 margaritas,
1276 2376 1301 2399 et
1315 2370 1426 2399 demum
1440 2370 1526 2409 magis
1542 2370 1652 2399 illorum
1664 2370 1735 2399 nihil
1746 2378 1804 2400 ute-

239 2415 284 2442 ris.
302 2416 331 2444 Si
344 2423 433 2445 autem
450 2417 517 2445 velis
535 2417 595 2446 viro
609 2417 723 2456 placere,
737 2424 775 2446 est
789 2418 860 2446 unde
875 2419 1058 2458 complaceas:
1073 2429 1122 2458 per
1135 2417 1380 2454 mansuetudinem,
1393 2428 1440 2457 per
1454 2417 1648 2456 placiditatem,
1659 2428 1709 2457 per
1721 2417 1804 2457 pudi—

241 2461 340 2490 citiam.
352 2463 436 2492 Crede
448 2464 524 2500 mihi,
539 2464 647 2499 mulier,
663 2475 694 2493 ac
708 2464 730 2493 si
745 2465 863 2494 multum
875 2465 910 2494 sit
924 2466 968 2495 vir
981 2466 1028 2494 ille
1041 2465 1167 2494 deorsum
1181 2465 1319 2494 attendens
1336 2472 1416 2503 atque
1429 2464 1554 2494 inferiora
1567 2464 1681 2504 sapiens,
1695 2464 1754 2493 haec
1767 2465 1804 2494 il-

241 2508 298 2537 lum
312 2510 396 2549 magis
411 2511 545 2540 illiciunt:
559 2512 609 2541 hoc
625 2512 678 2550 est‘,
692 2512 880 2547 mansuetudo,
896 2513 1040 2552 pudicitia,
1053 2513 1163 2542 habitus
1179 2513 1236 2542 sine
1249 2512 1346 2552 typh0‚
1363 2512 1420 2541 sine
1439 2512 1532 2541 multis
1551 2511 1684 2551 expensis,
1697 2512 1761 2541 vilis
1777 2519 1804 2542 et

242 2555 362 2584 humilis.
375 2557 546 2596 Impudicum
562 2559 662 2599 quippe
673 2560 772 2594 virum,
790 2570 820 2588 ac
831 2559 853 2588 si
868 2559 952 2588 multa
968 2560 1103 2598 excogites
1118 2567 1283 2595 ornamenta,
1295 2570 1348 2589 non
1363 2559 1480 2589 festivas.
1491 2558 1527 2587 Et
1540 2558 1591 2587 hoc
1608 2566 1708 2588 norunt
1723 2566 1804 2598 quot-

243 2608 307 2640 quot
323 2602 476 2641 hujusmodi
492 2606 562 2635 viros
576 2607 694 2637 habuere
709 2619 713 2635 :
730 2606 927 2646 quantumlibet
941 2607 1010 2635 euim
1026 2614 1053 2635 tu
1068 2607 1174 2636 studeas
1190 2607 1324 2643 adornari,
1337 2606 1391 2645 ille,
1403 2606 1425 2634 si
1443 2605 1606 2634 incontinens
1621 2613 1670 2644 est,
1684 2606 1720 2636 ad
1733 2606 1802 2636 alte-
