1906 2846
427 234 461 258 ux*
489 233 598 258 EPIST.
630 233 674 256 AD
703 231 872 255 unam-zos.
903 231 981 253 CAP.
1005 229 1052 252 xi.
1082 229 1201 253 nonu„
1232 229 1341 252 xxvu.
1585 215 1655 262 35⁴.)

83 300 126 330 καὶ
140 297 286 328 κωλυτικὸν
308 299 360 326 τῶν
383 297 595 336 ἁμαρτημάτων,
610 296 655 324 καὶ
672 297 786 333 ἰατρεῖον
803 295 854 322 τῶν
910 299 950 320 est
974 291 1153 331 pharmacum
1168 291 1283 320 salutare
1294 313 1303 328 ,
1325 297 1350 319 et
1365 289 1512 330 prohibens
1531 295 1638 329 peccata
1649 311 1655 322 ,

82 344 322 384 πλημμελημάτων
333 355 339 361 ’
361 343 445 381 ταύτῃ
462 344 508 372 καὶ
523 345 540 377 ἡ
557 343 629 382 χήρα
646 345 662 377 ἡ
681 340 855 379 μεμονωμένη
911 347 935 368 et
950 339 1177 368 medicamentum
1193 339 1364 368 delictorum.
1378 339 1410 367 In
1430 349 1460 366 ea
1480 344 1537 366 erat
1551 337 1658 366 assidue

82 392 267 432 προσήδρευεν.
280 389 346 418 Ἐὰν
361 385 404 418 οὖν
426 389 493 427 μετὰ
515 388 755 428 ταπεινοφροσύνης
774 386 857 425 εὐχώ-
911 387 995 416 vidua
1010 387 1057 416 illa
1069 388 1162 417 relicta
1175 387 1242 417 sola.
1258 388 1327 416 Nam
1340 387 1363 415 si
1375 397 1481 415 oremus
1493 396 1555 414 cum
1567 385 1658 414 humi-

81 441 166 476 μεθα,
183 436 228 465 ἐὰν
243 436 273 465 τὸ
287 439 382 472 στῆθος
396 436 558 470 πλήττοντες
579 436 614 468 ὡς
635 437 648 463 ὁ
663 433 795 469 τελώνης,
813 433 857 462 ἐὰν
911 433 996 470 litate,
1009 434 1030 462 si
1045 441 1138 473 pectus
1150 434 1286 473 pulsantes
1297 439 1326 461 ut
1337 432 1511 472 publicanus,
1522 431 1544 460 si
1557 442 1587 460 ea
1599 442 1659 470 quac

80 487 167 514 ἐκεῖνα
181 482 356 522 φθεγγώμεθα
371 481 438 520 ἅπερ
452 483 549 513 ἐκεῖνος
560 504 567 516 ,
582 480 627 510 ἐὰν
641 480 772 518 λέγωμεν,
788 478 858 508 ‘DA-
912 480 958 508 ille
973 481 1108 519 loquentes
1118 504 1127 517 ‚
1143 480 1164 508 si
1177 480 1299 508 dicamus
1314 502 1322 516 ,
1339 480 1413 508 Esto
1426 480 1570 517 propitius
1588 479 1660 506 mihi
1673 487 1813 511 1.1‹..18.13.

82 529 158 564 σθητί
174 540 218 567 μοι
236 531 274 568 τῷ
289 528 442 568 ἁμαρτωλῷ
453 550 460 563 ,
474 526 582 555 πάντων
605 525 805 563 ἐπιτευξόμεθα.
825 525 858 553 Εἰ
911 528 1075 564 peccatori,
1092 526 1181 554 omnia
1194 535 1396 564 consequemur.
1410 526 1481 553 Nam
1495 525 1542 553 etsi
1554 534 1606 553 non
1619 535 1661 553 su-

81 576 133 615 γόιρ
145 575 190 605 καὶ
206 575 243 614 μὴ
255 574 368 604 τελῶναί
381 575 471 612 ἐσμεν,
483 574 541 602 ἀλλ’
554 573 632 611 ἕτερα
645 572 741 611 ἔχομεν
760 571 859 599 ἐκείνου
877 575 894 598 B
914 583 973 601 mus
985 573 1122 612 publicani
1133 596 1141 610 7
1161 573 1294 601 habemus
1313 572 1365 600 alia
1379 578 1487 611 peccata
1500 572 1574 600 illius
1599 582 1662 610 pec-

81 624 127 662 οὖγ
142 623 240 657 ἥττονα
255 620 448 661 ἁμαρτήματα.
469 619 516 654 Μὴ
530 619 581 658 γάρ
597 630 642 657 μοι
661 618 739 656 εἴπῃς
751 640 758 653 ,
777 616 817 645 ὅτι
833 619 858 645 ἐν
914 619 980 646 catis
994 629 1047 647 non
1063 618 1178 647 minora.
1195 620 1236 647 Ne
1246 618 1315 646 mihi
1330 617 1432 646 dixeris
1453 624 1479 645 te
1499 617 1525 645 in
1544 616 1661 655 quadam

84 657 171 708 μικρῷ
182 680 234 697 τινι
245 667 388 707 διήμαρτες
397 678 403 684 ·
417 666 465 701 τὴν
476 666 527 705 γὰρ
540 665 620 701 αὐτὴν
633 665 689 704 ἔχει
704 664 734 693 τὸ
747 668 860 702 πρᾶγμα
914 675 996 703 parva
1010 675 1038 692 re
1050 675 1188 703 peccasse:
1203 674 1244 692 res
1260 663 1331 692 enim
1345 663 1467 692 eamdem
1482 662 1564 691 habet
1577 668 1660 690 natu-

82 714 167 754 φύσιν.
178 714 308 753 Καθάπερ
318 713 369 753 γὰρ
384 713 482 750 ὁμοίως
494 711 650 751 ἀνδροφόνος
663 711 788 749 λέγεται,
801 710 815 738 ὃ
832 721 861 737 τε
914 721 980 740 ram.
1007 712 1084 741 Sicut
1106 711 1178 740 enim
1203 711 1328 740 similiter
1344 711 1445 740 dicitur
1464 710 1602 739 homicida
1614 733 1621 746 ‚
1636 718 1660 738 et

83 762 165 790 παῖδα
177 760 288 794 ἀνελὼν,
302 759 318 788 ὅ
330 772 359 789 τε
374 760 456 798 ἄνδρα
466 770 472 776 ·
487 758 556 788 οὕτω
566 758 612 786 καὶ
626 757 802 792 πλεονέκτης,
816 756 861 784 καὶ
914 757 959 796 qui
980 768 1078 797 pam-os
1102 768 1200 797 pueros
1215 757 1369 794 interemit,
1387 764 1412 785 et
1433 757 1481 795 qui
1496 756 1587 786 virum
1602 769 1608 784 .·
1625 756 1660 785 ita

83 810 97 836 ὁ
108 807 195 837 πολλὰ
206 807 252 836 καὶ
267 809 280 835 ὃ
297 806 380 845 μικρὰ
399 807 573 835 πλεονεκτῶν.
594 804 647 833 Καὶ
663 807 679 838 ἦ
697 802 861 840 μνησικακία
914 805 994 832 ctiam
1004 811 1043 832 est
1055 815 1166 839 avarus,
1182 811 1205 832 et
1223 804 1269 842 qui
1281 803 1308 831 in
1323 803 1416 832 multis
1426 826 1434 840 ‚
1451 809 1476 832 et
1490 803 1538 841 qui
1552 803 1578 831 in
1590 814 1661 842 pau-

84 853 112 883 ὃὲ
127 855 155 883 οὗ
170 854 275 893 μικρὸν,
292 853 361 882 ἀλλὰ
375 853 419 881 καὶ
442 851 509 890 μέγα
524 850 687 890 ἁμάρτημα·
715 849 859 884 Μνησικά-
914 849 951 877 cis
962 848 1067 877 fraudat
1085 848 1250 887 quempiam.
1266 847 1302 876 Et
1314 848 1421 887 injuriae
1435 854 1550 887 acceptae
1569 857 1660 876 recor-

85 911 138 928 κων
150 899 211 938 γὰρ,
222 899 311 938 φησὶν,
321 899 375 928 ὁδοὶ
386 899 422 931 εἷς
433 898 544 926 θάνατον
555 908 561 914 ·
574 896 635 931 καὶ,
647 896 680 925 Ὁ
694 895 860 934 ὀργιζόμενος
913 894 1001 929 datio,
1015 904 1067 922 non
1085 901 1122 923 est
1140 905 1270 933 parvum,
1284 893 1330 922 scd
1350 904 1479 932 magnum
1500 900 1639 933 peccatum
1653 905 1659 920 ε

85 947 143 981 εἰκῇ
156 947 194 984 τῷ
209 946 315 984 ἀδελφῷ
331 947 426 979 αὑτοῦ,
443 943 532 984 ἔνοχος
552 943 628 972 ἔσται
639 944 672 981 τῇ
685 942 793 980 γεέννη-
814 941 860 969 καὶ
915 942 1026 969 Eorum
1039 940 1110 968 cnim
1122 942 1174 979 qui
1190 942 1306 979 injuriae
1328 947 1455 978 acceptae
1475 946 1543 968 sunt
1556 950 1661 968 memo·
1676 947 1736 966 Pffm·
1764 953 1798 968 12.

84 994 98 1021 ὁ
110 993 198 1021 καλῶν
210 991 254 1020 τὸν
275 992 386 1029 ἀδελφὸν
402 992 481 1019 αὖτοῧ
503 990 592 1030 μωρὸν
613 989 658 1017 καὶ
676 988 797 1023 ἀνόητον,
815 987 860 1015 καὶ
914 996 976 1021 rm,
993 988 1052 1014 vite
1064 992 1133 1014 sunt
1148 987 1189 1014 ad
1209 992 1353 1019 mortem;
1373 992 1400 1014 et
1418 1008 1425 1022 ‚
1444 987 1501 1024 Qui
1525 988 1663 1015 irascitur
1674 1009 1758 1029 nauh.
1777 1009 1798 1031 5-

83 1038 132 1067 ὅσα
155 1040 276 1066 τοιαῦτα.
301 1036 550 1075 Μεταλαμὲἶάνομεν
571 1035 598 1064 δὲ
613 1035 659 1063 καὶ
675 1037 727 1063 τῶν
743 1034 859 1073 φρικτῶν
879 1040 896 1063 C
906 1033 1005 1071 fratri
1014 1042 1067 1060 suo
1082 1033 1145 1060 sine
1156 1042 1247 1060 causa
1260 1055 1267 1067 ,
1278 1034 1332 1060 erit
1345 1033 1488 1061 obnoxius
1499 1034 1662 1072 gehennoe;
1676 1047 1712 1061 ει.

84 1083 237 1122 μυστηρίων
250 1083 376 1118 ἀναξίως,
388 1083 433 1111 καὶ
450 1085 595 1121 φθονοῦμεν
609 1081 654 1109 καὶ
673 1080 842 1118 λοιδοροῦμεν
853 1090 859 1096 ·
915 1084 939 1106 et
948 1078 995 1116 qui
1010 1084 1089 1106 vocat
1102 1078 1212 1106 fratrem
1226 1089 1307 1106 suum
1327 1079 1432 1107 fatuum
1445 1083 1469 1107 ct
1484 1079 1664 1118 insipientem,

82 1129 150 1161 τινὲς
165 1129 192 1157 δὲ
209 1131 285 1166 ἡμῶν
301 1129 346 1156 καὶ
361 1127 542 1165 ἐμεθύσθησαν
558 1125 695 1157 πολλάκις.
709 1124 818 1153 Τούτων
833 1124 860 1152 δὲ
914 1130 940 1152 et
969 1123 1021 1151 alia
1047 1123 1175 1162 plurima.
1207 1123 1427 1153 Reverendorum
1457 1125 1538 1152 etiam
1571 1136 1665 1153 sacra—

83 1175 195 1203 ἕκαστον
206 1174 250 1203 καὶ
267 1174 331 1203 αὐτὸ
345 1175 405 1202 καθ’
418 1174 497 1202 ἑαυτὸ
511 1172 600 1201 ἱκανὸν
615 1171 736 1200 ἐκὲαλεῖν
754 1172 802 1204 ’.ἧς
816 1171 862 1207 βα·
915 1177 1068 1199 mentorum
1094 1170 1240 1209 participes
1263 1181 1357 1199 sumus
1387 1170 1499 1210 indigne
1515 1194 1522 1207 ‚
1543 1178 1568 1200 et
1593 1172 1666 1201 invi—

85 1220 199 1253 σιλείας·
214 1219 277 1248 ὅταν
300 1220 327 1248 δὲ
348 1219 393 1248 καὶ
413 1221 479 1257 ὁμοῦ
495 1217 681 1257 συμφέρηται,
695 1216 754 1245 τίνα
769 1215 861 1254 ἕξομεν
916 1217 1022 1251 demus,
1054 1223 1079 1245 et
1111 1215 1264 1245 maledictis
1285 1217 1439 1256 appetimus
1466 1229 1472 1244 :
1494 1218 1606 1255 quidam
1634 1228 1668 1246 ex

86 1266 248 1305 ἀπολογίαν;
263 1267 371 1301 Πολλῆς
385 1268 450 1304 ἡμῖν
465 1265 503 1293 δεῖ
516 1266 564 1299 τῆς
578 1263 737 1302 μετανοίας,
754 1264 862 1301 ἇγαπη-
916 1263 994 1292 nobis
1017 1273 1088 1302 saepe
1117 1262 1198 1291 etiam
1222 1268 1284 1290 sunt
1308 1261 1445 1291 inebriati.
1471 1263 1577 1291 Horum
1605 1274 1668 1292 vero

85 1312 141 1350 τοὶ,
154 1313 255 1348 πολλῆς
268 1314 315 1347 τῆς
327 1313 422 1351 εὐχῆς,
438 1311 538 1346 πολλῆς
551 1313 599 1345 τῆς
620 1308 777 1349 καρτερίας,
792 1308 862 1336 πολ-
918 1308 1132 1347 unumquodque
1146 1308 1236 1348 ipsum
1260 1318 1306 1347 per
1317 1318 1345 1336 se
1359 1308 1462 1336 sufficit
1481 1308 1515 1336 ad
1531 1309 1670 1347 expellen—

85 1360 134 1394 λ’ἧς
151 1359 199 1393 fri<
217 1357 406 1398 προσεδρείας,
427 1356 471 1386 ἵνα
485 1357 638 1394 δυνηθῶμεν
654 1357 789 1393 ἐπιτυχεῖν
810 1355 862 1382 τῶν
917 1355 984 1384 dum
995 1366 1009 1384 e
1021 1365 1103 1394 regno
1123 1367 1129 1383 ε
1148 1354 1257 1394 quando
1272 1361 1363 1383 autem
1378 1355 1460 1383 simul
1477 1362 1668 1394 congeruntur,

86 1404 289 1444 ἐπηγγελμένων
300 1406 365 1442 ἡμῖν
381 1405 495 1443 ἀγαθῶν.
508 1403 637 1440 Εἴπωμεν
654 1397 698 1430 οῧν
714 1400 760 1430 καὶ
771 1403 862 1438 ἡμεῖς,
917 1412 1062 1441 quamnam
1071 1401 1234 1430 habebimus
1248 1400 1430 1430 defensionem
1442 1402 1456 1430 ‚³
1473 1402 1564 1430 Multa
1574 1424 1582 1438 ,
1597 1412 1613 1430 o
1624 1401 1672 1430 di-

86 1450 222 1486 Ἱλάσθητί
238 1463 282 1489 μοι
293 1452 331 1490 τῷ
344 1450 510 1490 ἁμαρτωλῷ·
529 1449 630 1487 μᾶλλον
645 1447 672 1476 δὲ
686 1447 723 1485 μὴ
745 1446 862 1484 εἴπωμεν
918 1447 996 1485 lecti,
1013 1448 1090 1477 nobis
1103 1458 1171 1487 opus
1189 1454 1228 1476 est
1243 1447 1417 1487 poenitentia,
1431 1448 1517 1476 multa
1532 1448 1652 1477 oratione
1663 1471 1670 1484 ,

85 1497 174 1535 μόνον,
188 1497 257 1526 ἀλλὰ
267 1496 313 1525 καὶ
325 1496 395 1525 οὕτω
405 1498 556 1536 φρονῶμεν·
573 1494 622 1523 κᾶν
637 1493 725 1532 ἕτερός
739 1505 778 1525 τις
789 1495 863 1530 ἡμᾶς
919 1495 1005 1524 multa
1021 1494 1173 1530 tolerantia,
1187 1494 1273 1523 multa
1281 1494 1455 1529 assiduitate,
1467 1501 1497 1523 ut
1509 1495 1580 1524 bona
1595 1495 1673 1524 nobis

84 1543 230 1583 ἐγκαλέσῃ,
244 1542 280 1581 μὴ
290 1541 465 1582 ὃργιζώμεθα.
477 1542 610 1570 Ἤκουσεν
623 1542 738 1575 ἐκεῖνος,
751 1538 792 1568 ὅτι
804 1540 864 1568 Οὐκ
883 1544 901 1566 D
919 1541 1050 1581 promissa
1074 1541 1210 1580 possimus
1237 1541 1354 1579 assequi.
1379 1541 1509 1570 Dicamus
1532 1551 1596 1580 crgo
1626 1552 1673 1570 nos

85 1589 140 1628 ἱῖμὶ
157 1591 192 1623 ὥς
207 1585 280 1622 Θῖτος
295 1592 308 1618 ὃ
328 1588 462 1624 τελώνης,
480 1588 526 1617 καὶ
549 1589 577 1616 οὗ
600 1586 756 1626 παρωξύνθη
768 1607 776 1622 ,
794 1585 864 1614 ἀλλὰ
919 1598 1046 1626 quoque,
1070 1589 1223 1627 Propitius
1247 1593 1309 1616 esto
1331 1588 1403 1616 mihi
1423 1590 1591 1626 peccatori;
1617 1588 1674 1616 imo

86 1635 218 1674 κατενύγη
229 1647 235 1652 ·
250 1634 356 1668 ἐδέξατο
368 1635 415 1664 θτὸ
431 1639 517 1670 νῖκος,
529 1633 575 1662 καὶ
589 1633 702 1662 ἀπέθετο
714 1632 743 1660 τὸ
758 1631 864 1664 ὄνειδος.
919 1645 983 1663 vero
997 1644 1050 1663 non
1061 1634 1148 1663 solum
1164 1633 1286 1662 dicamus
1297 1656 1304 1670 ,
1318 1634 1366 1663 sed
1388 1634 1469 1662 etiam
1483 1634 1628 1663 sentiamus
1643 1645 1675 1662 ae

88 1681 170 1715 Εἶπεν
186 1686 284 1718 ἐκεῖνος
298 1685 327 1714 τὸ
340 1687 458 1725 τραῦμα,
479 1685 606 1720 ἐζήτησεν
623 1679 696 1717 οὗτος
711 1682 741 1711 τὸ
756 1682 865 1722 φάρμα-
921 1680 1082 1719 cogitemus,
1097 1687 1123 1708 et
1143 1679 1165 1708 si
1187 1679 1257 1708 alius
1269 1690 1317 1709 nos
1337 1679 1375 1708 sic
1390 1687 1506 1718 accuset,
1520 1690 1553 1709 ne
1567 1681 1669 1709 irasca-

121 1795 130 1806 ε
150 1792 175 1813 τὸ
187 1794 242 1816 νῖκος
253 1807 259 1819 ‚
270 1787 305 1812 sic
316 1786 388 1812 Colb.
401 1786 471 1811 Editi
484 1795 542 1811 vero
553 1792 579 1813 τὸ
592 1789 682 1817 ἕνειέος.

512 1892 689 1920 MUTIANO
710 1892 969 1922 SCHOLASTICO
991 1893 1246 1923 INTERPRETE.

91 2004 129 2027 est
143 1997 278 2032 salutare,
295 2002 321 2025 et
337 1995 487 2036 prohibitio
502 2001 673 2034 peccatorum
685 2017 693 2033 ,
709 2002 734 2024 et
748 1995 881 2024 medicina
901 1996 1064 2025 delictorum
1081 2009 1086 2024 :
1103 2007 1165 2025 cum
1179 1996 1231 2025 hac
1253 1997 1338 2025 vidua
1353 1996 1472 2026 desolata
1488 1997 1674 2036 permanebat.

91 2046 121 2074 Si
133 2055 196 2074 cum
210 2043 363 2072 humilitate
375 2053 482 2072 oremus
492 2065 500 2079 ,
517 2042 539 2071 si
562 2049 655 2082 pectus
666 2042 828 2080 tundamus,
843 2043 913 2072 sicut
933 2044 1115 2083 publicanus3
1132 2044 1154 2072 si
1167 2044 1215 2072 illa
1230 2044 1391 2082 loquamur,
1411 2055 1470 2082 quae
1483 2044 1528 2073 ille
1544 2045 1674 2084 loqueba-

91 2098 151 2128 tur;
167 2091 189 2120 si
203 2091 342 2125 dicamus,
361 2091 509 2129 Propitius
519 2096 580 2118 esto
595 2091 723 2118 Domine
736 2091 809 2118 mihi
816 2092 985 2130 peccatori,
1004 2091 1095 2120 omnia
1110 2090 1302 2129 admiscemur.
1322 2092 1360 2119 Ac
1375 2091 1397 2120 si
1417 2092 1489 2120 enim
1511 2102 1564 2120 non
1581 2103 1675 2121 sumus

91 2139 241 2179 publicani,
257 2149 351 2167 verum
364 2138 416 2166 alia
429 2137 509 2177 plura
520 2137 653 2167 habemus
665 2138 700 2167 ab
712 2138 759 2166 illo
768 2149 820 2167 non
832 2139 935 2167 minora
947 2145 1066 2178 peccata.
1080 2139 1135 2168 Nec
1145 2138 1213 2167 mihi
1222 2138 1296 2167 dicas
1307 2139 1435 2177 quoniam
1451 2139 1477 2167 in
1486 2150 1570 2179 parvo
1582 2139 1675 2178 aliquo

92 2186 201 2226 peccavi
213 2185 350 2215 :eamdem
362 2186 434 2214 enim
448 2192 574 2214 naturam
586 2185 669 2214 habet
686 2186 744 2215 haec
755 2197 807 2215 res<
826 2186 982 2216 sicutenim
996 2187 1120 2216 similiter
1131 2186 1268 2215 homicida
1280 2186 1381 2215 dicitur
1392 2210 1399 2223 ,
1417 2187 1463 2225 qui
1478 2188 1537 2217 sive
1550 2198 1675 2227 puerum,

93 2234 150 2263 sive
162 2233 254 2263 virum
269 2233 374 2262 occidat
389 2245 395 2261 :
413 2233 451 2262 sic
464 2240 489 2262 et
503 2244 601 2262 avarus
617 2240 641 2262 et
662 2234 709 2273 qui
725 2234 820 2274 plura,
835 2242 860 2264 et
874 2235 921 2273 qui
937 2246 1023 2274 parva
1043 2234 1167 2274 diripuit.
1187 2234 1223 2263 Et
1242 2241 1330 2263 tenere
1343 2234 1446 2263 malum
1471 2235 1498 2264 in
1525 2235 1604 2265 corde
1622 2247 1675 2265 non

93 2288 133 2310 est
145 2291 262 2321 parvum
274 2303 282 2316 ,
299 2280 346 2310 sed
360 2281 441 2309 etiam
455 2281 557 2320 grande
569 2289 709 2321 peccatum
726 2295 732 2310 x
753 2283 811 2321 Qui
823 2285 930 2311 etenim
946 2289 1037 2320 tenet,
1050 2282 1155 2321 inquit,
1170 2284 1202 2311 in
1220 2283 1308 2312 corde
1319 2283 1447 2320 malum,
1463 2285 1564 2312 viator
1578 2290 1622 2313 est
1635 2286 1677 2313 ad

94 2335 215 2358 mortem
225 2341 237 2363 ;
251 2335 292 2366 et,
307 2329 364 2367 Qui
378 2330 517 2358 irascitur
521 2330 622 2369 fratri
636 2340 689 2359 suo
701 2332 765 2359 sine
779 2341 871 2359 causa
882 2353 889 2367 ,
904 2341 969 2360 reus
992 2333 1046 2360 erit
1068 2332 1208 2371 gehennae
1217 2343 1228 2365 ;
1244 2337 1268 2359 et
1283 2330 1329 2369 qui
1354 2329 1454 2359 dixerit
1472 2331 1581 2360 fratrem
1595 2342 1675 2360 suum

94 2376 215 2415 fatuum,
230 2382 256 2405 et
268 2376 400 2414 stultum;
415 2383 440 2405 et
453 2376 544 2405 decem
560 2377 646 2406 millia
660 2377 724 2406 alia.
743 2377 777 2406 Et
793 2377 988 2418 participamur
999 2385 1025 2407 et
1046 2377 1193 2407 tremendis
1211 2384 1236 2406 ct
1256 2378 1425 2406 terribilibus
1445 2379 1633 2415 sacramentis,
1650 2386 1676 2408 et

95 2423 250 2452 invidemus
260 2430 285 2452 et
299 2423 465 2453 detrahimus
479 2436 485 2452 :
497 2424 609 2463 quidam
623 2432 714 2454 autem
728 2432 848 2455 vestrum
864 2426 945 2455 etiam
968 2426 1066 2466 saepius
1081 2426 1231 2455 ebriantur.
1249 2427 1353 2455 Horum
1369 2426 1583 2464 unumquodque
1595 2427 1674 2455 ctiam

96 2471 184 2500 solum
198 2482 246 2511 per
260 2482 288 2500 se
301 2471 404 2500 sufficit
415 2472 451 2501 ad
466 2472 668 2501 excludendum
682 2472 716 2502 de
731 2484 812 2513 regno
829 2486 834 2501 :
847 2484 908 2503 cum
919 2481 1008 2503 autem
1021 2474 1049 2503 in
1062 2485 1147 2503 unum
1162 2481 1317 2505 coacervata
1332 2473 1443 2511 fuerint,
1460 2474 1534 2512 quod
1549 2474 1676 2504 solatium

98 2518 279 2548 habebimus?
293 2519 381 2548 Multa
397 2519 550 2560 nobisopus
563 2527 601 2549 cst
613 2521 769 2560 poenitentia
783 2544 792 2559 ‚
808 2522 904 2551 fratres
919 2522 1088 2552 dilectissimi
1099 2545 1108 2561 ,
1126 2522 1211 2551 multa
1225 2522 1362 2557 oratione,
1374 2522 1460 2550 multa
1470 2522 1676 2562 perseverantia,

98 2571 127 2593 ut
138 2565 271 2604 possimus
285 2565 400 2606 adipisci
415 2566 486 2596 bona
500 2577 560 2606 quae
575 2568 707 2607 promissa
722 2575 792 2597 sunt.
809 2568 937 2598 Dicamus
952 2580 1015 2610 ergo
1033 2576 1058 2598 ct
1073 2580 1122 2599 nos
1138 2582 1144 2597 :
1158 2570 1238 2598 Deus
1251 2571 1394 2608 propitius
1409 2575 1469 2598 esto
1485 2570 1557 2598 mihi
1569 2580 1678 2609 pecca-

99 2614 125 2641 ri
135 2624 146 2646 ;
161 2613 246 2652 magis
259 2620 349 2642 autem
364 2623 416 2643 non
428 2613 551 2643 dicamus
563 2621 683 2653 tantum,
698 2615 744 2645 scd
757 2615 837 2645 etiam
852 2615 890 2645 sic
900 2616 1048 2657 sapiamus,
1065 2627 1095 2645 ac
1109 2616 1132 2645 si
1146 2627 1193 2645 nos
1203 2616 1271 2644 alter
1281 2615 1397 2656 appellet
1406 2626 1474 2653 ‚nou
1487 2616 1671 2656 indignemur.
