1886 2846
261 166 323 212 173
593 177 623 200 S.
650 177 789 201 mamus
813 177 991 201 ettnx'sos‘r.
1021 178 1176 202 ARctssEP.
1204 179 1470 205 CONSTANTINOP-

254 243 413 271 misc-rabor
436 243 517 281 cujus
544 243 788 273 commiserabor,·
811 241 896 275 dicit,
922 242 989 269 Non

252 297 320 327 ergo
334 288 473 322 volentis,
503 297 554 315 nec
581 288 738 318 currentis.
754 288 805 316 sed
827 289 989 314 miserentis

251 340 293 362 est
306 335 370 362 Del.
391 333 468 361 Dices
483 339 571 361 autem
585 333 651 361 mihi
663 356 670 368 ,
686 333 762 368 Quid
786 331 874 359 adhuc
894 331 988 368 queri-

251 379 316 407 tur?
333 377 487 407 Secundum
500 386 588 407 autem
599 401 606 411 ‚
630 377 697 406 illud
718 377 776 405 licet
798 376 902 412 dicere,
915 375 987 413 quod

250 428 327 466 cujus
339 434 377 455 est
392 426 421 455 id
433 426 505 464 quod
520 433 557 455 est
571 426 701 464 amplius,
723 425 779 462 ejus
793 423 858 451 dicit
873 432 928 451 esse
942 430 987 452 to-

250 479 316 502 tum.
331 472 399 501 Nam
413 480 532 501 nostrum
544 471 652 510 quidem
663 476 700 498 cst
722 468 875 507 praeeligere
888 475 913 497 et
925 469 986 497 vel-

248 517 290 552 le3
307 518 357 546 Dei
371 525 458 546 autem
470 525 506 546 cst
522 517 647 556 perficere
661 521 686 542 et
701 514 735 541 ad
750 514 829 541 finem
842 513 984 543 deducere.

248 566 382 601 Quoniam
410 576 472 603 ergo
494 564 564 603 quod
591 563 651 601 plus
664 568 720 597 est,
737 568 775 589 est
797 560 887 596 illius,
901 568 987 591 totum

248 611 322 640 illius
340 622 395 640 osse
418 610 498 642 dicit,
515 610 623 646 loquens
649 606 837 635 convenienter
862 607 986 636 humanae

248 656 442 686 consuetudini.
465 655 531 682 Nam
559 662 606 680 uos
623 662 729 690 quoque
745 651 783 680 sic
808 652 920 680 facimus
936 664 942 679 :
957 660 986 681 ut

247 702 363 741 exempli
384 710 461 728 causa
475 722 482 734 ,
506 698 631 726 videmus
649 697 717 726 aedes
739 698 852 737 pulchre
868 698 986 727 aedifica-

247 755 299 781 tas,
318 755 342 775 ct
357 747 472 774 dicimus
487 750 572 773 totum
589 753 646 772 esse
659 743 772 772 artificis
793 755 800 772 :
823 754 986 782 quamquam

246 803 296 821 non
310 799 394 820 totum
406 791 440 818 sit
455 790 529 828 ejus,
542 787 588 816 sed
601 789 817 828 etoperariorum
829 811 836 825 ,
847 795 872 817 et
881 789 986 818 domini

243 838 288 875 qui
305 837 403 876 przebet
417 834 572 870 materiam,
586 840 612 862 et
627 834 775 863 multorum
789 834 922 871 aliorum3
939 835 985 864 scd

244 890 331 911 tamen
355 881 480 920 quoniam
502 880 547 909 ille
563 879 635 918 quod
653 879 714 919 plus
733 886 772 908 est
790 880 896 915 attulit,
911 880 985 910 illius

243 935 327 957 totum
341 937 396 956 esse
411 926 538 955 dicimus.
552 926 593 954 Ita
609 925 656 954 hic
671 935 786 964 quoque.
803 925 839 954 Et
852 936 944 955 rursus
958 926 984 955 in

243 973 420 1003 multitudine
429 995 437 1010 ‚
451 972 497 1001 ubi
508 978 569 1001 sunt
579 971 658 1000 multi
667 993 676 1009 ‚
690 981 781 1000 omnes
789 981 845 1000 esse
853 971 969 1001 dicimus
974 985 983 1010 5

243 1020 290 1048 ubi
303 1026 392 1048 autem
407 1018 486 1059 pauci
499 1041 508 1055 ‚
529 1017 670 1046 neminem.
693 1017 739 1046 Sic
753 1017 833 1046 etiam
848 1017 892 1046 hic
916 1017 985 1047 dicit

244 1066 444 1101 Paulus,Non
467 1064 612 1098 volentis,
635 1073 728 1101 neque
751 1065 905 1098 currentis,
935 1064 987 1092 sed

243 1113 403 1141 miserentis
426 1116 468 1139 est
492 1110 559 1138 Dei.
579 1107 630 1137 Hic
659 1115 747 1137 autem
768 1107 823 1136 duo
850 1118 945 1147 magna
960 1115 986 1138 et

241 1157 369 1196 praeclara
380 1155 463 1184 efficit
476 1167 482 1182 :
498 1165 582 1183 unum
593 1153 702 1192 quidem
714 1176 721 1190 ‚
744 1164 777 1182 ne
796 1154 940 1182 efferamur
952 1154 986 1182 de

242 1202 319 1231 bonis
341 1201 490 1241 operibus;
517 1200 662 1229 secundum
675 1222 683 1233 ,
709 1205 737 1228 ut
759 1206 829 1229 recte
854 1200 984 1228 sactorum

243 1258 350 1277 causam
379 1248 436 1276 Deo
463 1246 624 1275 tribuamus.
649 1244 762 1274 Etiamsi
778 1245 863 1283 igitur
876 1255 984 1287 curras,

243 1293 348 1322 etiamsi
364 1292 484 1321 studium
497 1301 581 1331 ponas
592 1314 598 1326 ,
609 1291 710 1329 inquit,
720 1300 753 1319 ne
765 1297 841 1319 tuum
856 1300 912 1319 esse
924 1291 986 1319 exi-

242 1338 333 1367 stimes
347 1337 419 1376 quod
431 1343 501 1366 recte
515 1344 617 1375 gestum
631 1343 669 1365 est
683 1347 689 1363 τ
707 1346 769 1364 nam
780 1335 830 1364 nisi
842 1345 985 1374 supernam

246 1394 325 1423 opem
340 1383 514 1422 adipiscaris,
543 1383 639 1410 trustra
665 1388 743 1410 erunt
757 1381 856 1409 omnia.
878 1380 932 1409 Sed
947 1388 986 1409 est

242 1430 412 1468 perspicuum
427 1429 483 1457 sore
499 1434 528 1455 ut
543 1427 589 1455 illo
612 1427 762 1455 auxiliante
781 1426 931 1464 assequaris
955 1426 984 1454 id

241 1475 268 1502 in
279 1485 333 1513 quo
347 1474 424 1513 ponis
438 1473 577 1509 studium;
593 1472 639 1501 sed
653 1472 674 1500 si
690 1479 716 1501 et
732 1478 761 1500 tu
776 1482 884 1506 curras,
901 1471 923 1500 si
937 1482 984 1500 ve-

241 1520 283 1549 lis.
298 1521 357 1549 Non
375 1520 426 1548 hoc
451 1529 514 1558 ergo
528 1518 611 1555 dicit,
623 1517 695 1556 quod
720 1518 818 1546 frustra
833 1517 966 1546 currimus
976 1541 983 1554 ‚

241 1566 288 1594 sed
315 1565 390 1604 quod
411 1566 509 1593 frustra
530 1564 679 1599 currimus,
708 1563 731 1591 si
753 1570 839 1592 totum
859 1574 915 1592 esse
936 1574 982 1592 no-

242 1619 326 1640 strum
348 1612 549 1647 existimamus,
565 1610 586 1638 si
602 1620 654 1638 non
674 1609 734 1649 plus
750 1611 808 1638 Deo
821 1610 981 1638 tribuamus.

1043 253 1085 279 ρον
1097 241 1124 270 δὲ
1135 265 1142 277 ,
1157 244 1240 271 ἐκεῖνο
1254 243 1324 272 ἔστιν
1339 245 1430 280 εἰπεῖν,
1447 245 1488 274 ὅτι
1503 240 1532 274 οἷ
1553 247 1582 276 τὸ
1597 247 1677 277 πλέον
1691 248 1747 276 ἐστὶ
1757 271 1765 285 ,
1779 249 1808 277 τὸ

1042 292 1094 315 πᾶν
1106 299 1185 326 φησιν
1201 283 1274 317 εἶναι.
1289 288 1382 327 Ἥμῶν
1402 289 1455 330 γὰρ
1468 290 1498 320 τὸ
1517 293 1673 331 προελέσθαι
1685 294 1730 322 καὶ
1746 296 1807 332 βου-

1041 333 1166 367 ληθῆναι,
1181 335 1251 363 Θεοῦ
1265 334 1292 362 δὲ
1314 334 1344 363 τὸ
1362 335 1456 364 ἀνύσαι
1473 336 1516 365 καὶ
1538 339 1574 370 εἰς
1593 338 1667 372 τέλος
1689 341 1806 377 ἀγαγεῖν.
1847 336 1851 340 ’

1042 377 1118 406 Ἐπεὶ
1130 374 1173 406 οὖν
1186 378 1287 408 ἐκείνου
1302 379 1331 407 τὸ
1342 379 1420 409 πλέον
1436 382 1506 417 ἐστὶ,
1520 383 1550 411 τὸ
1561 387 1612 411 πᾶν
1627 384 1724 413 ἐκείνου
1741 381 1808 413 εἶναί

1041 435 1121 462 φησι,
1146 423 1215 453 κατὰ
1238 424 1285 459 τὴν
1308 425 1446 460 συνήθειαν
1469 426 1516 462 τὴν
1542 429 1707 467 ἀνθρωπίνην
1731 432 1808 458 τοῦτο

1040 469 1132 507 λέγων.
1149 469 1229 498 Οὕτω
1244 469 1295 508 γὰρ
1311 470 1356 499 καὶ
1370 473 1447 509 ἡμεῖς
1460 476 1585 510 ποιοῦμεν
1597 485 1602 491 ·
1615 469 1668 502 οἷόν
1684 486 1709 502 τι
1723 474 1805 513 λέγον

1039 517 1141 553 ὁρῶμεν
1160 514 1244 544 οἰκίαν
1259 516 1481 554 οἰκοδομουμένην
1498 519 1600 554 καλῶς,
1613 519 1659 548 καὶ
1681 520 1805 558 λέγομεν,

1039 560 1068 589 τὸ
1083 565 1135 588 πᾶν
1147 564 1191 589 τοῦ
1205 561 1323 599 τεχνίτου
1337 562 1393 590 ἐστί
1406 573 1411 579 ·
1427 563 1512 591 καίτοι
1527 574 1555 602 γε
1576 564 1604 592 οὐ
1616 564 1646 592 τὸ
1663 568 1716 592 πᾶν
1728 565 1806 593 αὐτοῦ

1039 608 1124 642 ἐστιν,
1148 607 1216 636 ἀλλὰ
1241 607 1285 635 καὶ
1306 609 1358 635 τῶν
1382 609 1515 647 ἐργατῶν,
1539 609 1583 637 καὶ
1607 612 1653 638 τοῦ
1674 609 1722 645 τὴν
1741 610 1806 644 ὕλην

1040 653 1220 691 παρασχόντος
1244 653 1384 689 δεσπότου,
1410 654 1455 682 καὶ
1478 656 1582 683 πολλῶν
1606 655 1702 694 ἑτέρων
1717 666 1724 673 ·
1749 656 1807 684 ἀλλ’

1040 698 1111 736 ὅμως
1118 698 1216 746 ἐπειδὴ
1231 698 1260 727 τὸ
1274 698 1353 727 πλέον
1373 701 1470 732 ἐκεῖνος
1485 700 1634 739 εἰσήνεγκεν
1643 722 1651 735 ,
1667 700 1764 730 ἐκείνου
1777 701 1808 730 τὸ

1040 748 1092 772 πᾶν
1107 747 1174 772 εἶναι
1185 744 1304 783 λέγομεν.
1319 744 1399 773 Οὕτω
1411 745 1442 780 δὴ
1457 745 1502 774 καὶ
1519 747 1639 775 ἐνταῦθα.
1659 746 1713 775 Καὶ
1726 746 1806 775 πάλιν

1041 789 1085 817 ἐπὶ
1100 789 1229 825 πλήθους,
1246 790 1306 818 ἔνθα
1322 789 1369 828 μὲν
1384 792 1407 819 οἱ
1424 791 1530 826 πολλοὶ,
1546 791 1648 824 πάντας
1667 787 1735 820 εἶναί
1757 802 1807 831 φα-

1041 846 1088 872 μεν
1102 846 1108 851 ·
1126 835 1186 864 ἔνθα
1201 835 1228 864 δὲ
1243 834 1341 873 ὀλίγοι,
1365 835 1466 864 οὐδένα.
1480 836 1560 865 Οὕτω
1574 837 1618 865 καὶ
1641 838 1747 870 Παῦλος
1766 839 1807 866 ἐν·

1040 881 1124 910 ταῧθά
1138 892 1202 919 φησι
1212 881 1257 915 τὸ,
1270 881 1311 910 Οὐ
1325 883 1371 909 τοῦ
1385 881 1517 916 θέλοντος,
1529 882 1588 911 οὗδὲ
1599 885 1645 911 τοῦ
1659 883 1806 922 τρέχοντος,

1041 925 1109 955 ἀλλὰ
1124 928 1169 955 τοῦ
1191 927 1323 958 ἐλεοῦντος
1338 927 1418 955 Θεοῦ,
1434 928 1519 956 Τοῦτο
1533 927 1560 955 δὲ
1581 927 1665 966 λέγων
1676 950 1684 963 ,
1707 928 1753 956 δύο
1773 928 1806 956 τὰ

1040 972 1153 1010 μέγιστα
1166 974 1289 1011 κατορθοῖ
1303 984 1308 989 ·
1324 972 1351 1000 ἓν
1367 971 1430 1010 μὲν,
1443 972 1473 1001 τὸ
1487 973 1524 1010 μὴ
1548 973 1703 1012 ἐπαίρεσθαι
1715 974 1755 1012 ἐφ’
1769 969 1807 1007 οἷς

1040 1019 1219 1056 κατορθοῦμεν
1234 1028 1240 1035 ·
1262 1017 1382 1055 δεύτερον
1402 1016 1444 1053 δὲ,
1460 1018 1490 1047 τὸ
1505 1021 1696 1058 κατορθοῦντας
1715 1021 1807 1048 ἀνατι-

1039 1063 1110 1092 θέναι
1126 1064 1164 1101 τῷ
1185 1064 1248 1102 Θεῷ
1261 1062 1309 1097 τὴν
1323 1065 1375 1091 τῶν
1389 1064 1606 1103 κατορθουμένων
1626 1064 1724 1094 αἰτίαν.
1746 1064 1806 1095 Κᾶν

1039 1109 1136 1148 τρέχῃς
1146 1108 1230 1137 τοίνυν
1239 1130 1247 1144 ,
1263 1108 1311 1137 κᾶν
1327 1108 1490 1148 σπουδάζῃς,
1503 1109 1567 1148 φησὶ
1576 1133 1584 1146 ,
1598 1110 1635 1148 μὴ
1650 1110 1739 1149 νόμιζε
1759 1110 1805 1139 σὸν

1041 1150 1106 1183 εἶναι
1127 1155 1157 1183 τὸ
1176 1154 1350 1193 κατόρθωμα·
1367 1154 1397 1183 ἂν
1414 1154 1464 1193 γὰρ
1483 1155 1519 1192 μὴ
1540 1157 1587 1191 τῆς
1607 1155 1704 1184 ἄνωθεν
1722 1155 1805 1195 τύχῃς

1042 1202 1136 1239 §on-713,
1151 1200 1238 1229 πάντα
1255 1201 1322 1237 εἰκῇ.
1344 1199 1420 1235 Πλὴν
1440 1199 1480 1228 ὅτι
1503 1199 1580 1238 τεύξῃ
1598 1203 1644 1230 τοῦ
1661 1201 1806 1234 σπουδαζο-

1041 1245 1118 1282 μένου
1135 1245 1203 1283 μετὰ
1218 1247 1265 1279 τ’ἧς
1279 1246 1378 1274 ἐκεῖθεν
1393 1245 1566 1283 συμμαχίας,
1579 1245 1592 1260 ¹²
1597 1244 1705 1280 εὔδηλόν
1718 1247 1788 1275 ἐστιν
1798 1257 1804 1264 ·

1041 1292 1099 1320 ἀλλ’
1116 1291 1146 1318 ἂν
1159 1290 1256 1329 τρέχῃς
1277 1291 1321 1318 καὶ
1344 1289 1389 1324 σὺ,
1406 1289 1436 1317 ἂν
1459 1290 1544 1328 θέλῃς.
1556 1291 1596 1319 Οὐ
1610 1293 1687 1319 τοῦτο
1709 1286 1753 1319 οἶν
1766 1286 1804 1320 εῖ-

1039 1348 1101 1372 πεν,
1126 1336 1166 1364 ὅτι
1190 1337 1247 1373 εἰκῇ
1270 1334 1415 1374 τρέχομεν,
1439 1336 1496 1364 ἀλλ’
1517 1334 1557 1364 ὅτι
1581 1337 1639 1375 εἰκῇ
1655 1336 1804 1376 τρι-ἔχομεν,

1039 1381 1084 1409 ἐὰν
1105 1381 1232 1419 ἡμέτερον
1255 1376 1321 1409 εἶναι
1342 1381 1372 1408 τὸ
1392 1385 1445 1408 πᾶν
1463 1380 1625 1419 νομίζωμεν,
1641 1381 1686 1411 ἐὰν
1711 1382 1748 1420 μὴ
1775 1383 1804 1412 τὸ

1036 1426 1116 1455 πλέον
1133 1426 1306 1464 ἀπονέμωμεν
1321 1427 1359 1464 τῷ
1379 1427 1449 1465 Θεῷ.
1473 1425 1544 1455 Οὔτε
1560 1426 1612 1466 γὰρ
1633 1428 1712 1456 αὖτοῦ
1735 1423 1803 1456 εἶναι

1036 1473 1065 1501 τὸ
1079 1477 1131 1500 πᾶν
1145 1471 1273 1506 ἠθέλησεν
1288 1474 1301 1500 ὁ
1315 1472 1399 1507 Θεὸς,
1412 1471 1455 1499 ἵνα
1479 1471 1516 1510 μὴ
1538 1471 1600 1510 δόξῃ
1625 1473 1683 1507 εἰκῇ
1705 1484 1802 1512 στεφα-

1036 1521 1096 1546 νοῦν
1110 1520 1182 1555 ἡμᾶς
1195 1529 1201 1535 ·
1216 1516 1275 1546 οὔτε
1289 1519 1366 1555 ἡμῶν
1387 1516 1482 1553 πάλιν,
1495 1517 1539 1546 ἵνα
1561 1517 1598 1555 μὴ
1619 1519 1656 1550 εἷς
1676 1517 1800 1548 ἀπόνοιαν

1036 1563 1199 1601 ἐκπέσωμεν.
1212 1564 1246 1592 E}
1258 1562 1310 1601 γὰρ
1322 1562 1352 1591 τὸ
1366 1562 1473 1590 ἔλαττον
1489 1562 1565 1600 μέρος
1580 1562 1683 1601 ἔχοντες
1697 1564 1800 1601 μεγάλα

1036 1612 1194 1649 φρονοῦμεν,
1210 1608 1253 1644 τί,
1275 1610 1297 1637 εἰ
1310 1610 1355 1636 τοῦ
1369 1608 1430 1637 ὅλου
1446 1607 1531 1646 κύριοι
1549 1603 1636 1646 {ga-en
1649 1608 1734 1638 πολλὰ
1749 1609 1801 1648 γὰρ

242 1660 300 1688 Non
314 1659 384 1687 enim
399 1669 476 1687 suum
491 1668 546 1686 esse
561 1664 646 1685 totum
662 1656 749 1685 voluit
772 1657 859 1692 Deus,
881 1666 914 1685 ne
935 1657 981 1685 vi-
999 1664 1017 1686 Ι)
1036 1658 1049 1684 ὁ
1061 1655 1129 1687 Θεὸς
1143 1654 1266 1689 ἐποίησεν
1281 1653 1348 1693 ὑπὲρ
1361 1655 1406 1682 τοῦ
1423 1665 1471 1687 την
1494 1653 1645 1686 ἀλαζονείαν
1661 1656 1737 1692 ἡμῶν
1755 1656 1801 1683 ἔκ-

276 1754 287 1771 i·
306 1752 377 1776 Colb.
392 1752 430 1783 [Α.
441 1752 467 1776 Β.
481 1752 581 1777 Comm,
593 1756 617 1774 et
631 1758 709 1782 marg·
722 1748 811 1782 savii]
827 1751 916 1778 εὔδηλόν
925 1753 990 1774 ἐστιν.
1006 1752 1045 1776 ἕως
1058 1752 1084 1773 ἀν
1096 1750 1192 1781 τρέχῃς,
1212 1750 1251 1776 ἕως
1263 1750 1288 1772 ἂν
1302 1749 1374 1780 θέλῃς,
1389 1747 1412 1771 οὗ
1422 1749 1488 1771 τοῦτο
1500 1747 1544 1771 οὖν.

665 1855 837 1884 MUTIANO
859 1854 1111 1884 SCHOLASTICO
1132 1852 1381 1882 INTERPRETE.

241 1965 281 1987 est
306 1959 370 1986 Dei.
389 1956 464 1986 Dicis
487 1965 550 1994 ergo
572 1954 653 1992 mihi,
668 1954 735 1993 quid
761 1953 850 1983 adhuc
869 1953 1020 1992 quaeritur?
1034 1952 1189 1982 Secundum
1214 1951 1282 1980 illud
1305 1958 1394 1980 autem
1420 1958 1459 1980 est
1481 1951 1636 1990 dicendum,
1661 1951 1724 1990 quia
1748 1961 1799 1980 cu·

237 2007 281 2044 jus
296 2012 334 2033 est
357 2004 484 2043 amplius,
508 2009 594 2031 totum
620 2012 676 2030 esse
699 2001 782 2030 dixit.
809 2002 938 2030 Nostrum
961 2001 1033 2029 enim
1055 2000 1154 2038 eligere
1178 2006 1281 2028 tantum
1304 2005 1343 2028 est
1360 2005 1386 2027 et
1405 1998 1474 2028 velle
1483 2010 1492 2035 ;
1513 1999 1564 2027 Dei
1585 2005 1674 2027 autem
1695 1998 1800 2028 efficere

239 2057 264 2078 et
286 2050 320 2079 ad
343 2050 531 2089 perfectionem
555 2048 710 2088 perducere.
731 2047 803 2082 Quia
825 2057 888 2086 ergo
911 2046 986 2075 illius
1008 2052 1048 2075 est
1068 2045 1197 2084 amplius,
1217 2046 1275 2084 ejus
1300 2045 1371 2074 dixit
1393 2055 1448 2073 esse
1471 2044 1638 2082 universum,
1653 2043 1799 2073 secundum

240 2097 458 2126 cousuetudinem
477 2095 634 2125 hominum:
645 2095 683 2123 sic
696 2095 797 2134 quippe
810 2094 891 2122 etiam
913 2104 961 2122 nos
983 2093 1104 2122 facimus.
1118 2092 1203 2122 Verbi
1220 2092 1305 2131 gratia
1317 2091 1459 2120 :videmus
1473 2090 1584 2120 domum
1599 2091 1666 2120 bene
1679 2090 1800 2120 aedifica-

241 2152 294 2173 tam
305 2167 311 2179 ‚
328 2152 353 2174 et
365 2144 481 2173 dicimus
503 2143 565 2181 quia
578 2150 664 2171 totum
679 2141 790 2170 artificis
807 2148 845 2169 est
860 2153 866 2168 :
882 2147 907 2169 et
920 2147 1008 2169 tamen
1023 2150 1075 2169 non
1087 2150 1167 2168 omne
1181 2149 1248 2179 opus
1263 2139 1320 2179 ejus
1334 2145 1384 2177 est,
1397 2138 1442 2167 sed
1464 2138 1545 2167 etiam
1559 2139 1741 2178 operariorum
1751 2160 1760 2175 ‚
1773 2145 1800 2167 et

241 2194 286 2231 qui
300 2192 438 2222 materiam
454 2190 550 2219 tribuit
561 2188 665 2225 domui,
682 2195 707 2216 et
721 2187 836 2216 aliorum
849 2187 1029 2226 plurimorum
1038 2192 1234 2215 :verumtamen
1247 2185 1374 2223 quoniam
1388 2184 1504 2224 amplius
1516 2185 1573 2224 ipse
1590 2184 1713 2222 contulit,
1725 2183 1800 2213 illius

242 2241 396 2269 universum
412 2248 480 2277 opus
493 2236 619 2266 dicimus.
635 2235 681 2265 Sic
697 2235 777 2264 etiam
791 2242 817 2263 et
830 2234 883 2263 hie.
898 2234 999 2263 lterum
1014 2233 1041 2262 in
1054 2233 1239 2270 multitudine,
1255 2233 1304 2261 ubi
1319 2233 1430 2272 plurimi
1445 2239 1519 2270 sunt,
1541 2241 1633 2261 omnes
1656 2241 1712 2260 esse
1728 2230 1800 2260 dici-

242 2298 301 2315 mus
315 2298 322 2323 3
339 2285 386 2314 ubi
403 2292 492 2313 autem
504 2283 592 2323 pauci,
609 2282 724 2310 nullum.
735 2281 780 2311 Sic
791 2287 816 2310 et
831 2281 931 2309 Paulus
944 2280 1014 2309 dixit
1026 2292 1032 2308 :
1045 2281 1146 2319 Neque
1159 2280 1296 2315 volentis,
1315 2290 1407 2319 neque
1427 2281 1582 2314 currentis,
1598 2278 1651 2307 sed
1663 2279 1802 2306 miseren—

244 2335 279 2361 tis
291 2339 333 2361 est
344 2332 409 2360 Dei.
424 2329 546 2359 adstruit
559 2335 647 2357 autem
659 2327 703 2356 hic
716 2326 771 2356 duo
787 2326 908 2365 quasdam
920 2336 1016 2366 magna
1025 2348 1033 2363 ‚
1049 2337 1134 2355 unum
1147 2325 1256 2364 quidem
1264 2348 1272 2363 ‚
1284 2336 1316 2354 ne
1331 2326 1358 2354 in
1372 2325 1527 2365 superbiam
1537 2324 1724 2364 erigamur**.
1735 2323 1801 2352 Sive

243 2377 347 2406 festines
358 2401 366 2415 ‚
388 2377 486 2415 inquit,
503 2386 554 2405 non
571 2382 656 2415 potest
675 2381 752 2403 tuum
766 2384 822 2403 esse
838 2373 1009 2403 effectum:si
1023 2373 1094 2403 enim
1108 2374 1223 2412 desuper
1239 2383 1291 2402 non
1314 2373 1439 2402 adveniat
1454 2372 1650 2412 adjumentum,
1662 2370 1752 2399 omnia
1771 2370 1798 2398 in

245 2434 314 2452 vano
328 2431 412 2452 crunt.
427 2425 617 2452 Verumtamen
628 2421 760 2460 quioquid
771 2421 883 2461 adeptus
897 2420 977 2449 fueris
991 2431 1084 2450 eorum
1099 2421 1134 2450 ad
1146 2431 1204 2459 quae
1219 2420 1344 2457 festinas,
1357 2420 1528 2449 manifestum
1547 2417 1611 2458 quia
1627 2417 1759 2447 currendo
1773 2424 1799 2446 et

246 2471 358 2498 volendo
374 2470 538 2509 adipisceris.
551 2471 609 2499 Non
621 2479 684 2507 ergo
699 2470 749 2497 hoc
760 2468 847 2504 dixit,
866 2467 992 2507 quoniam
1008 2467 1034 2496 in
1049 2478 1150 2497 vanum
1174 2467 1324 2505 currimus3
1340 2467 1385 2496 sed
1400 2466 1466 2506 quid
1476 2466 1490 2494 Ξ)
1503 2465 1638 2501 Quoniam
1655 2465 1682 2493 in
1696 2475 1796 2494 vanum

246 2516 387 2550 currimus,
406 2517 428 2544 si
443 2524 563 2545 nostrum
583 2526 637 2545 esse
657 2515 812 2544 universum
832 2515 1026 2554 putaverimus,
1043 2514 1064 2543 si
1089 2525 1140 2543 non
1165 2514 1310 2554 plurimam
1326 2521 1427 2553 partem
1439 2514 1496 2542 Deo
1510 2512 1690 2541 tribuerimus.
1704 2512 1796 2550 Neque

244 2561 315 2590 onim
330 2563 401 2591 Deus
416 2569 498 2591 totuin
513 2573 591 2591 suum
605 2573 660 2592 esse
674 2562 768 2599 voluit,
784 2572 816 2590 ne
831 2561 953 2591 videatur
965 2562 1020 2590 sine
1034 2571 1111 2589 rausa
1136 2571 1182 2590 nos
1199 2571 1339 2599 coronare5
1356 2571 1440 2598 neque
1454 2560 1549 2589 iterum
1565 2565 1697 2598 nostrum,
1715 2569 1748 2588 ne
1766 2559 1793 2588 iu

1880 1864 1886 1886 .⁴
1879 1761 1886 1827 Ἴ..-

1877 1918 1886 2015 ’κο-Δ.
