1906 2846
397 190 429 212 ix
454 191 562 213 EPIST.
593 190 637 212 AD
665 188 833 212 HEBRFOS.

61 251 199 288 λυθέντας;
224 253 280 284 πῶς
294 252 481 290 παρειμένους,
495 256 571 281 τοῦτο
596 252 647 291 γὰρ
671 251 741 291 ἀρχὴ
757 250 833 279 πτώ-

61 297 128 330 σεώς
140 298 219 326 ε’στιν.
235 297 314 336 Ἐμοὶ
334 299 405 326 δοκεῖ
431 298 591 327 αἰνίττεσθαί
609 310 682 330 τινας
699 299 725 326 ἐν
748 298 835 329 αὐτοῖς

60 342 187 382 πόρνους,
205 344 233 372 οὗ
249 342 338 381 μέντοι
355 344 495 381 βούλεσθαι
509 343 626 383 ἐλέγχειν
643 342 736 375 αὐτοὺς
747 342 812 374 τέως
826 365 832 377 ,

60 389 129 418 ἀλλὰ
154 393 339 428 προσποιεῖται
360 390 477 428 ἄγνοιαν,
496 389 540 418 ἵνα
561 390 766 428 διορθώσωνται.
789 392 835 417 Δεῖ

58 434 110 474 γὰρ
126 437 229 475 πρῶτον
246 435 292 473 μὲν
308 436 416 474 ἄγνοιαν
431 435 633 474 ὑποκρίνεσθαι,
649 435 717 473 μετὰ
731 434 758 464 δὲ
772 438 834 463 ταῦ-

58 493 108 516 τα,
128 481 190 509 ὅταν
214 481 374 519 ἐπιμένωσι,
390 482 449 510 τότε
471 481 516 510 καὶ
531 481 575 509 τὸν
590 482 698 520 ἔλεγχον
716 480 833 518 ἐπάγειν,

58 526 127 556 ὥστε
138 527 175 565 μὴ
187 529 444 566 ἀπαναισχυντῆσαι.
455 527 544 566 ὗὈπερ
557 527 602 556 καὶ
615 529 731 562 Μωϋσῆς
744 526 833 561 ἐποίη-

58 585 102 602 σεν
113 573 157 602 ἐπὶ
169 573 276 612 Ζαμῧρὶ
288 573 333 602 καὶ
345 576 356 589 ³
368 576 415 608 τῆς
429 573 598 606 Χασῧίτιδος.
609 572 760 605 Μετανοίας
771 572 832 612 γὰρ,

58 619 139 658 φησὶ,
151 619 231 648 τόπον
243 620 292 658 οὐχ
304 615 386 659 εῧρεν.
399 621 460 658 Οὐχ
468 615 525 659 εἶρε
539 620 690 657 μετάνοιαν,
701 619 718 653 ἢ
730 619 770 647 ὅτι
786 631 831 656 με-

58 665 163 698 τανοίας
181 665 288 704 μείζονα
306 665 434 705 ἥμαρτεν,
449 666 467 700 ἢ
483 665 523 693 ὅτι
541 665 679 703 μετάνοιαν
695 664 770 697 ἀξίαν
785 666 832 693 οὖν.

57 711 216 745 ἐπεδείξατο.
231 712 324 740 Ἔστιν
346 712 398 751 ἄρα
413 711 598 751 ἁμαρτήματα
615 711 755 750 μετανοίας
774 711 830 749 μεί-

58 757 178 791 ζονα.(Ὸ
201 757 227 787 δὲ
247 758 332 797 λέγει,
347 758 423 787 τοῦτό
438 760 510 786 ἐστι’
530 757 567 795 μὴ
588 757 711 795 πέσωμεν
733 760 831 795 πτῶμα

58 803 164 832 ἀνίατον
174 815 180 821 ·
193 803 243 836 ἕως
255 804 285 832 ἂν
298 800 315 842 ᾖ
330 803 432 843 χωλεία
445 805 475 833 τὸ
491 809 602 843 πρᾶγμα
612 827 619 839 ,
636 804 742 832 εὔκολον
754 804 831 842 γενέ-

57 852 118 880 σθαι
143 850 232 890 ὀρθόν·
249 850 293 879 ἐὰν
315 851 342 879 δὲ
367 851 552 890 ἐκτραπῶμεν,
577 850 603 878 τί
625 848 700 879 ἔσται
724 850 830 886 λοιπόν,

57 897 121 929 Τοῖς
136 896 183 935 μὲν
198 896 249 936 γὰρ
266 896 378 935 μηδέπω
391 899 517 925 πεσοῦσιν
534 896 601 925 οὕτω
616 897 779 935 διαλέγεται,
794 898 832 935 τῷ

57 942 130 982 φόὸῳ
147 944 297 982 συγκροτῶν
311 942 415 979 αὐτοὺς,
435 942 482 971 καί
498 955 576 982 φησιν
589 943 630 972 ὅτι
649 944 698 972 οὐκ
713 943 769 971 ἔστι
783 954 832 971 πε-

57 988 137 1018 σόντα
150 989 320 1028 παραμυθίας
333 994 422 1028 τυχεῖν
434 1000 440 1006 ·
455 993 510 1021 τοῖς
522 989 549 1017 δὲ
563 992 699 1025 πεσοῦσιν,
713 988 781 1017 ὥστε
793 988 830 1026 μὴ

56 1037 92 1068 εἷς
106 1035 256 1074 ἀπόγνωσιν
267 1037 401 1074 ἐμπεσεῖν,
412 1035 539 1064 τάναντία
550 1040 693 1075 παραινεῖ,
709 1035 778 1063 οὕτω
789 1035 832 1064 λέ-

55 1093 108 1120 γων
119 1093 124 1099 ·
134 1081 234 1111 Τεκνία
246 1093 305 1117 μου,
318 1081 360 1114 οὒς
371 1082 450 1111 πάλιν
463 1081 558 1118 ὠδίνω,
570 1082 647 1121 ἄχρις
661 1077 689 1110 οἷ
703 1083 830 1121 μορφωθῇ

56 1127 170 1167 Χριστὸς
186 1129 212 1156 ἐν
227 1131 288 1166 ὑμῖν
300 1140 306 1146 ·
328 1128 373 1157 καὶ
388 1128 479 1164 πάλιν,
496 1127 601 1160 Οἴτινες
617 1129 643 1156 ἐν
656 1128 729 1168 νόμῳ
745 1128 830 1156 δικαι-

57 1176 133 1203 οῦσθε
143 1195 151 1209 ,
162 1177 209 1209 τῆς
220 1175 328 1214 χάριτος
339 1174 483 1207 ἓξεπέσετε.
496 1174 565 1203 Ἰδοὺ
582 1179 710 1214 μαρτυρεῖ
723 1174 764 1203 ὅτι
775 1174 830 1207 ε’ξέ-

58 1231 148 1248 πεσον.
167 1219 202 1248 ‘O
224 1220 271 1258 μὲν
294 1219 345 1259 γὰρ
360 1220 455 1254 ἑστὼς,
471 1220 572 1249 ἀκούων
595 1220 635 1248 ὅτι
649 1220 765 1249 πεσόντα
785 1221 831 1249 οὐκ

59 1265 115 1294 ἔστι
127 1265 284 1304 συγγνώμης
295 1270 394 1304 τυχεῖν,
405 1266 575 1306 σφοδρότερος
590 1266 678 1302 ἔσται,
687 1266 731 1295 καὶ
746 1268 831 1306 ἀσφα-

58 1310 180 1351 λέστερος
192 1311 253 1350 περὶ
263 1310 311 1346 τὴν
325 1311 417 1340 στάσιν
426 1323 431 1328 ·
447 1311 477 1340 ἂν
492 1312 581 1350 μέντοι
595 1313 640 1341 καὶ
655 1312 716 1352 περὶ
727 1312 771 1341 τὸν
785 1324 832 1341 πε-

58 1357 185 1386 πτωκότα
196 1360 228 1396 τῇ
245 1359 311 1396 αὐτῇ
326 1357 415 1396 χρήσῃ
436 1357 608 1397 σφοδρότητι,
622 1358 746 1388 οὐδέποτε
766 1361 831 1388 ἀνα-

60 1404 199 1439 στήσεται·
224 1404 286 1442 ποίᾳ
301 1403 352 1444 γὰρ
367 1403 455 1432 ἐλπίδι
477 1403 525 1439 τὴν
546 1404 694 1442 μετᾱὲολῆν
710 1406 833 1439 ἐπιδείξε-

60 1461 120 1486 ται,
133 1451 173 1478 OG
190 1449 268 1487 μόνον
282 1449 310 1478 δέ
323 1461 411 1489 φησιν,
427 1449 578 1488 ἐδάκρυσεν,
591 1449 658 1478 ἀλλὰ
670 1450 716 1479 καὶ
726 1473 732 1485 ,
749 1450 834 1486 ἐξεζή-

59 1507 139 1530 τησεν
151 1507 157 1513 ·
177 1497 205 1525 οὗ
224 1495 310 1524 τοίνυν
327 1495 451 1524 ἐκὲάλλει
467 1495 619 1533 μετάνοιαν,
634 1495 728 1534 λέγων,
744 1498 833 1525 Μετα-

59 1541 131 1574 νοίας
157 1541 237 1570 τόπον
264 1543 315 1580 οὐχ
344 1537 415 1580 εῧρεν
429 1553 435 1559 ·
461 1543 519 1570 ἀλλ’
545 1542 719 1580 ἀσφαλίζεται
742 1541 835 1575 αὐτοὺς

863 188 941 210 ου).
972 186 1034 209 xu.
1065 186 1183 210 nonu„
1214 186 1309 210 xxxi.
1569 178 1637 222 ³305)

889 249 924 278 do
946 249 1002 277 lioec
1015 249 1138 277 diceret?¹
1153 248 1306 288 quomodo,
1327 260 1389 278 cum
1404 259 1497 288 segnes
1519 256 1543 278 et
1565 249 1636 288 pigri

889 295 1033 324 evasissent
1047 318 1055 332 ,
1081 306 1125 324 eos
1148 306 1241 324 rursus
1264 294 1477 324 adhortaretur?
1501 295 1636 333 quomodo

890 352 952 370 cuin
966 341 1054 370 claudi
1071 341 1133 370 sacti
1146 342 1252 370 essent?
1263 341 1398 381 quomodo
1413 352 1474 370 cum
1491 341 1596 370 remissi
1611 349 1636 369 et

890 389 992 417 soluti?
1007 389 1058 418 hoc
1070 389 1141 418 enim
1157 396 1194 418 est
1209 389 1318 418 initium
1327 389 1428 429 lapsus.
1441 389 1512 418 Mihi
1526 389 1636 418 videtur

889 435 1063 464 subindicare
1087 435 1219 473 quosdam
1241 436 1268 464 in
1292 435 1330 464 eis
1346 435 1520 464 fornicatores
1532 458 1540 471 ,
1563 435 1635 464 nolle

889 488 976 509 tamen
989 488 1053 510 tunc
1066 492 1108 510 eos
1121 492 1248 520 arguere;
1265 480 1311 510 sed
1324 481 1402 520 fingit
1413 492 1440 509 se
1453 481 1588 520 ignorare,
1606 488 1635 509 ut

889 528 1067 566 corrigantur.
1083 529 1197 567 Oportet
1208 527 1280 556 enim
1291 528 1408 567 primum
1421 527 1532 566 quidem
1545 528 1634 556 simu-

852 577 868 599 Β
887 574 942 603 lal'(¹
958 575 1135 614 ignorantiam
1151 587 1157 602 Ζ
1174 581 1264 614 ΡΟΞῙΘΞΙ
1280 581 1370 602 afilem
1393 585 1455 603 cum
1479 585 1632 614 persevera·

887 621 994 657 verint,
1019 629 1081 650 tunc
1102 621 1181 650 etiam
1205 621 1303 649 inferre
1327 620 1560 660 reprehensionem
1574 643 1582 657 ,
1599 631 1631 649 nc

887 666 1016 705 pudorem
1033 674 1140 696 exuant.
1157 666 1239 703 Quod
1262 667 1371 706 Moyses
1386 677 1494 705 qnoque
1517 667 1579 696 feeit
1602 667 1627 695 in
1643 674 1712 697 Nam.
1733 676 1771 697 25.

888 713 995 742 Zambri
1011 721 1036 742 et
1047 712 1214 743 Chasbitide.
1231 714 1300 742 Non
1311 715 1387 741 enim
1399 715 1520 748 invenit,
1532 713 1630 752 inquit,

884 762 1060 798 poenitentiae
1076 761 1181 788 Iocum.
1208 760 1268 788 Nou
1295 759 1398 788 invenit
1419 760 1605 799 poenitentiam
1624 783 1630 796 ‚

887 813 932 835 aut
950 805 1022 845 qnod
1046 806 1164 845 peccarit
1187 806 1306 845 majora,
1322 816 1403 844 qnam
1425 813 1452 835 ut
1472 817 1563 835 eorum
1588 807 1632 845 agi

887 852 971 891 possit
998 852 1177 892 poenitentia5
1196 858 1242 880 aut
1266 851 1338 890 quod
1363 851 1475 891 dignam
1498 852 1633 891 poeniten-

888 898 953 926 tiam
979 908 1031 926 non
1055 897 1155 926 feeerit.
1183 898 1317 936 Super-ant
1341 907 1404 936 ergo
1421 904 1528 937 peccata
1542 898 1632 936 aliqua

887 944 1082 982 poenitentiam.
1099 944 1157 972 Hoc
1179 950 1217 972 est
1242 954 1305 982 ergo
1320 943 1391 982 quod
1403 943 1486 972 dicit:
1501 945 1541 972 Ne
1550 944 1633 973 cada-

888 1001 947 1019 mus
963 989 1177 1019 casuincnrabili
1189 1002 1194 1016 :
1211 989 1296 1018 donec
1305 989 1384 1018 suerit
1395 990 1483 1019 solum
1495 990 1632 1019 claudica-

887 1036 943 1072 tio,
958 1036 1036 1064 facile
1053 1043 1091 1064 est
1114 1043 1217 1064 rectum
1234 1036 1291 1064 [ieri
1305 1048 1312 1072 ;
1331 1036 1371 1064 sin
1393 1043 1482 1065 antem
1504 1037 1634 1065 fuerimus

850 1089 867 1111 C
887 1082 993 1122 penitus
1015 1082 1113 1116 eversi,
1129 1081 1196 1120 qnid
1221 1082 1356 1110 restabit?
1374 1083 1444 1110 Cum
1457 1082 1490 1111 iis
1504 1083 1574 1111 enim
1587 1083 1633 1122 qui

887 1128 1006 1157 nondum
1019 1127 1172 1157 ceciderunt
1185 1127 1223 1156 sic
1238 1128 1358 1165 loquitur
1370 1150 1376 1163 ,
1394 1135 1466 1157 metu
1479 1140 1522 1157 eos
1534 1140 1634 1158 concu-

887 1175 997 1212 tiens,et
1011 1174 1079 1204 dicit
1093 1174 1151 1202 fieri
1165 1185 1218 1203 non
1233 1185 1310 1214 posse
1322 1182 1350 1203 ut
1366 1175 1411 1213 qni
1426 1175 1553 1204 ceciderit
1570 1187 1633 1204 um-

887 1232 968 1260 quam
979 1227 1136 1259 assequatur
1148 1220 1357 1249 consolationem
1372 1233 1377 1248 :
1391 1221 1474 1260 lapsis
1489 1228 1587 1256 autem,
1602 1233 1633 1250 ne

889 1266 1007 1296 incidant
1023 1267 1050 1295 in
1074 1266 1306 1306 desperationem,
1330 1267 1463 1294 contraria
1485 1267 1523 1295 sic
1547 1267 1631 1296 dicit:

891 1313 995 1341 Filiolz'
1007 1314 1081 1349 mei,
1095 1323 1167 1352 quos
1181 1314 1286 1340 iterum
1297 1314 1430 1351 parturio
1441 1335 1448 1347 ,
1464 1313 1631 1353 donecsor-
1647 1321 1702 1341 Gal.
1712 1320 1736 1348 4.
1752 1328 1786 1352 ¹9·

891 1366 985 1388 metur
1009 1361 1041 1387 in
1062 1360 1147 1388 vobis
1173 1359 1328 1392 Christum
1351 1365 1377 1386 et
1401 1369 1510 1395 rursus,
1532 1360 1590 1398 Qui
1603 1362 1633 1387 in
1647 1371 1705 1391 llud.
1727 1370 1748 1391 5,
1762 1373 1786 1398 4,

892 1406 954 1443 lege
966 1405 1195 1445 justificamini,
1216 1416 1234 1433 a
1256 1407 1354 1444 gratia
1379 1407 1536 1434 cecidistis.
1566 1406 1636 1435 Ecce

891 1458 1003 1480 testatur
1016 1462 1060 1480 eos
1074 1450 1216 1480 excidisse.
1231 1452 1299 1479 Nam
1318 1452 1365 1489 qui
1380 1458 1431 1480 stat
1444 1451 1571 1490 quidem,
1586 1463 1636 1480 au-

891 1497 968 1526 diens
983 1497 1042 1526 fieri
1056 1508 1106 1525 non
1115 1507 1192 1537 posse
1200 1504 1228 1525 ut
1239 1497 1286 1535 qui
1297 1497 1394 1526 cecidit
1402 1498 1508 1526 reniam
1517 1509 1636 1537 assequa-

893 1551 951 1580 tur,
967 1544 1016 1572 erit
1037 1543 1220 1573 vehementior
1232 1567 1239 1579 ‚
1251 1550 1276 1571 et
1291 1543 1324 1572 ad
1340 1543 1467 1572 standum
1492 1544 1596 1573 firmior
1610 1552 1635 1573 et

61 1588 161 1626 μᾶλλον
176 1587 219 1616 διὰ
234 1587 325 1616 τούτου
348 1588 413 1626 πρὸς
432 1587 462 1616 τὸ
488 1587 524 1625 μὴ
540 1592 639 1616 πεσεῖν.
654 1586 735 1617 υΟσοι
749 1587 834 1617 τοίνυν
853 1593 874 1615 D
894 1587 1016 1616 stabilior
1031 1600 1037 1616 z
1053 1588 1095 1616 sin
1110 1595 1199 1616 autem
1215 1588 1242 1616 in
1257 1599 1318 1617 eum
1333 1589 1380 1627 qui
1404 1588 1529 1618 ceciderit
1542 1589 1634 1618 eadem

61 1635 201 1663 ἀπιστοῦσι
214 1635 245 1670 τῇ
256 1633 356 1672 γεέννῃ,
367 1635 452 1662 ταῦτα
461 1634 752 1672 ἀναμιμνησκέσθωσαν
762 1645 767 1651 ·
779 1633 835 1663 ὅσοι

92 1720 103 1731 ·
122 1712 250 1743 Interpres
262 1712 367 1736 Latinus
385 1718 469 1736 noster
483 1712 510 1735 in
526 1711 635 1735 Zambri
645 1717 668 1736 et
685 1711 823 1735 Jladiani-

60 1752 118 1775 mle.
130 1750 180 1776 Sed
192 1750 319 1775 Munianus
331 1753 398 1775 circa
416 1751 523 1775 Zambri
535 1756 558 1775 et
570 1751 756 1775 Clmsbizidum.
767 1752 824 1781 Quo

59 1790 182 1822 probatur
201 1790 266 1816 hane
285 1799 370 1816 veram
391 1799 442 1815 esse
458 1790 599 1816 lectionem.
616 1792 673 1815 Ilaec
687 1791 827 1815 vocabatur

894 1634 978 1663 utaris
993 1633 1160 1663 vehementia
1171 1657 1180 1673 ,
1196 1645 1346 1673 numquam
1360 1642 1495 1674 resurget;
1507 1646 1569 1664 nam
1581 1647 1634 1674 qua

875 1711 952 1735 Cozbi
967 1711 1031 1744 filia
1051 1711 1102 1737 Sur
1118 1713 1241 1744 principis
1254 1713 1406 1737 nobilissimi
1419 1714 1632 1745 ῙΙΙαιΙ-ῗιιηῐιανιιηιγ

875 1751 956 1783 inquit
969 1749 1082 1783 Vulgata,
1096 1750 1173 1776 Num.
1187 1751 1228 1782 25,
1243 1752 1282 1775 ⁴5.

462 1878 639 1907 Mt‘TIANO
661 1877 918 1907 SCHOLASTICO
941 1876 1193 1906 INTERPRETE.

60 1962 149 1984 monet
163 1962 189 1984 et
201 1955 348 1984 hortatur?
365 1955 499 1994 quomodo
514 1955 623 1984 claudos
637 1956 744 1985 effectos
760 1962 784 1984 et
797 1956 921 1984 remissos
938 1962 1019 1993 atque
1032 1955 1148 1989 solutos,
1166 1954 1238 1993 quod
1248 1962 1285 1984 est
1300 1956 1383 1984 ruinae
1401 1956 1582 1996 principium,
1602 1966 1630 1988 ut

60 2004 196 2042 erigantur
211 2003 331 2031 invitat?
346 2002 415 2031 Mihi
427 2002 535 2041 quidem
550 2003 659 2032 videtur
671 2003 734 2041 quia
750 2002 885 2041 signifieat
900 2003 1004 2041 aliquos
1017 2002 1085 2030 inter
1101 2001 1162 2030 illos
1177 2001 1324 2040 adulteros,
1337 2012 1404 2040 qnos
1419 2010 1506 2032 tamen
1522 2004 1630 2043 publice

61 2049 167 2078 nolebat
180 2060 305 2088 arguere,
317 2049 365 2078 scd
377 2050 454 2089 fingit
471 2050 703 2088 ignorantiam***

59 2103 135 2126 antea
150 2097 268 2126 volueris
283 2107 394 2135 arguere
406 2097 590 2137 impudentes,
603 2105 627 2126 et
642 2105 780 2137 protervos
794 2098 894 2126 efficias
904 2121 911 2134 ,
925 2098 995 2126 sicut
1011 2097 1092 2126 etiam
1112 2098 1201 2126 Moses
1217 2097 1277 2125 fecit
1292 2097 1362 2126 eirca
1375 2097 1485 2127 Zambri
1499 2106 1523 2127 et
1545 2100 1629 2129 Chas-

57 2143 182 2174 bifidam.
198 2146 397 2181 Poenilentioe,
413 2144 517 2183 inquit,
534 2146 627 2174 locum
645 2155 704 2173 non
724 2147 844 2174 invenit.
865 2146 957 2174 Potest
972 2151 997 2173 et
1009 2144 1087 2172 aliter
1100 2143 1230 2182 intelligi,
1246 2144 1307 2182 quia
1321 2152 1458 2184 peceatum
1473 2146 1628 2185 poenitenti-”t

719 2057 808 2090 postea
824 2061 887 2079 vero
907 2050 930 2078 si
944 2049 1125 2089 perstiterint,
1141 2049 1273 2088 tuncjam
1289 2049 1362 2078 venit
1377 2049 1527 2090 inerepare,
1547 2062 1591 2089 ne,
1606 2052 1628 2081 si

58 2192 145 2231 majus
159 2191 276 2221 admisit.
291 2193 360 2222 Sunt
381 2193 453 2221 enim
473 2200 580 2232 peecata
596 2193 780 2233 poenitentiam
802 2193 975 2232 superantia:
989 2192 1073 2221 veluti
1089 2191 1111 2220 si
1124 2191 1239 2228 diceret,
1259 2192 1318 2220 Non
1340 2191 1465 2221 cadamus
1485 2193 1628 2224 insanabili

57 2240 144 2269 ruina.
160 2241 234 2268 Dum
245 2240 316 2269 enim
332 2240 465 2269 claudicat
479 2241 592 2279 quisque
602 2264 610 2277 ,
627 2241 705 2270 facile
720 2248 805 2281 potest
820 2249 908 2270 rectus
923 2241 966 2272 vel
988 2251 1067 2270 sanus
1081 2241 1152 2269 effici
1169 2252 1174 2267 :
1187 2240 1209 2269 si
1223 2251 1287 2269 vero
1311 2240 1416 2279 penitus
1438 2241 1626 2279 subscr-tatur,

58 2286 124 2325 quid
139 2287 286 2316 remanebit
300 2287 411 2316 ulterius
424 2287 437 2315 Ξ)
448 2287 566 2317 Proinde
579 2287 693 2317 necdum
708 2288 790 2328 lapsis
809 2289 866 2317 haec
881 2289 1002 2327 loquitur
1012 2312 1019 2324 ,
1035 2295 1064 2316 ut
1079 2298 1123 2316 eos
1138 2287 1232 2316 timore
1247 2286 1381 2326 deprimat
1395 2299 1401 2314 :
1416 2288 1499 2316 veluti
1513 2289 1537 2318 si
1550 2289 1628 2319 dice-

57 2341 97 2362 ret
122 2334 185 2372 quia
199 2334 246 2372 qui
266 2334 405 2369 ceciderit,
428 2335 529 2363 nullam
550 2335 759 2364 consolationem
784 2337 880 2365 mereri
902 2337 959 2376 jam
981 2335 1088 2376 poterit.
1110 2334 1145 2363 Et
1160 2334 1204 2363 hic
1217 2333 1327 2373 quidem
1338 2334 1411 2371 istos,
1435 2345 1468 2363 ne
1485 2335 1626 2374 caderent,

57 2381 135 2409 aliter
149 2380 309 2410 admonebat
322 2393 328 2408 ε
342 2381 368 2409 in
381 2381 434 2409 alio
448 2392 512 2410 vero
528 2382 597 2420 loco,
611 2383 658 2411 ubi
669 2383 726 2422 jam
739 2383 776 2412 eis
791 2383 837 2422 qui
853 2383 1004 2412 ceciderant
1017 2382 1148 2420 loquitur,
1162 2392 1194 2410 ne
1206 2381 1232 2409 in
1246 2380 1456 2419 desperationem
1469 2382 1628 2419 inciderent,

59 2427 190 2457 contraria
205 2428 271 2457 dicit
287 2441 292 2456 z
310 2429 414 2457 Filioli
429 2432 497 2465 mei,
512 2429 616 2468 inquit,
635 2441 707 2469 quos
731 2433 835 2460 iterum
856 2431 1007 2470 parturit),
1026 2431 1118 2459 donec
1141 2430 1318 2469 reformetur
1338 2429 1472 2458 Christus
1486 2431 1517 2457 in
1532 2433 1628 2463 vobis.

59 2474 165 2510 Quibus
176 2475 242 2503 alibi
259 2474 383 2503 dicebat:
401 2476 457 2514 Qui
472 2478 503 2504 in
518 2477 820 2517 legejitstficarrzi71i‚
836 2488 855 2506 ιι
875 2479 975 2517 gratia
990 2477 1152 2506 excidistis.
1170 2475 1239 2504 Ecce
1254 2474 1310 2513 ipse
1325 2481 1435 2503 testatur
1446 2475 1510 2513 quia
1526 2477 1630 2506 cecide—

60 2527 128 2549 rant.
142 2520 197 2556 Qui
217 2531 281 2559 ergo
302 2527 353 2549 stat
370 2528 395 2549 et
413 2521 489 2550 audit
508 2523 636 2560 quoniam
656 2523 703 2561 qui
723 2523 864 2560 ceciderit,
884 2523 991 2552 veniam
1013 2533 1065 2552 non
1090 2521 1161 2550 valet
1179 2521 1322 2560 impetrare
1335 2544 1343 2558 ,
1362 2521 1481 2550 validius
1505 2523 1586 2552 stabit
1605 2532 1631 2552 et

61 2568 172 2597 cautius.
184 2568 212 2598 Si
227 2579 290 2597 vero
305 2576 331 2597 et
349 2569 418 2598 eirea
433 2580 492 2599 eum
503 2591 510 2604 ‚
523 2570 568 2608 qui
589 2571 704 2610 cecidit,
721 2571 803 2601 simili
820 2572 858 2600 uti
873 2572 992 2601 volueris
1004 2569 1184 2606 vehementia,
1198 2568 1231 2597 ad
1245 2568 1273 2597 id
1287 2568 1420 2608 redigitur
1437 2576 1467 2598 ut
1482 2580 1629 2609 numquam

1428 2625 1464 2651 ΞΤ

221 2632 292 2650 ΤΟΜ.
316 2633 370 2650 ΧΗ.
