1886 2846
66 1124 207 1147 Eisli.1.2z.

67 1215 151 1235 unuh.
167 1214 190 1236 5.

66 1444 206 1473 G,1l.4.18.

64 1497 81 1510 ι.
100 1489 152 1510 Cur,
170 1495 204 1511 12.

231 207 274 240 30
560 220 588 243 s.
617 221 754 245 JOANNJS
780 223 962 247 cuuvsosr.

228 279 332 318 quare?
342 279 393 308 hoc
406 280 477 309 enim
490 281 565 310 adest
578 288 603 311 et
620 282 769 314 latronibus
783 291 809 314 et
822 285 926 314 furibus
941 293 965 314 et

228 325 370 364 parricidis
385 332 410 354 et
423 326 550 356 mollibus
564 334 589 356 et
609 330 799 359 scortatoribus
814 337 838 360 et
855 332 966 360 scelera—

229 371 262 400 tis
283 371 484 401 omnibus.Cur
506 383 568 412 ergo
586 375 708 404 efferris?
724 377 794 405 Nam
810 377 832 405 si
853 387 883 406 eo
898 384 966 405 recte

228 424 253 446 et
267 424 297 446 ut
311 425 414 457 oportet
429 429 492 447 usus
503 430 540 457 es,
554 430 606 449 non
617 421 697 452 debes
709 422 777 451 clato
792 433 847 451 esse
863 423 963 459 animo,

227 474 261 492 ue
281 464 365 493 violes
386 464 558 494 mandatum:
572 467 611 495 sin
626 474 716 496 autem
738 478 790 496 non
810 468 966 503 1·ecte‚idco

228 510 347 539 maxime
372 510 484 541 humilis
505 522 560 541 esse
581 513 678 549 debes,
694 513 766 551 quod
791 513 965 552 pecuniarum

227 556 312 585 factus
332 556 368 585 sis
385 567 477 587 servus
491 565 517 587 et
536 559 742 598 possessionum,
757 565 781 586 et
796 558 864 587 eain
879 565 905 587 te
916 558 966 587 do-

227 601 359 631 minatum
374 603 518 633 obtineant.
530 605 598 633 Nam
610 604 654 632 dic
664 614 762 642 quaeso,
775 603 797 632 si
812 604 872 642 quis
883 604 964 633 sebri-

227 647 310 676 citans
332 649 447 678 multum
462 661 535 688 aquae
547 650 675 686 ebiberit,
686 659 744 688 quae
761 649 837 679 brevi
854 650 962 688 quidem

226 700 344 734 tempore
361 696 512 733 exstinguat
523 695 612 731 sitim,
625 701 715 734 postea
730 701 820 724 autem
836 695 963 725 accendat

224 740 371 775 flammam,
388 751 421 768 ex
435 750 499 768 eone
512 739 589 768 debet
608 739 697 768 efferri
720 747 745 769 et
763 740 816 769 sibi
833 740 962 780 placere?

225 786 300 821 Quid
316 796 386 820 vero⁷
398 785 419 814 si
431 785 491 823 quis
506 785 595 824 plures
604 785 700 814 habeat
712 786 811 815 frustra
825 787 959 816 sollicitu-

222 831 315 866 dines,
331 838 502 870 proptereane
521 831 599 860 debet
619 832 672 860 sibi
693 832 817 871 placere?
828 833 883 861 Cur
894 855 902 871 ,
916 833 961 862 dic

223 878 333 916 quaeso?
351 877 477 915 quoniam
502 878 600 906 multos
623 878 706 906 habes
727 878 873 908 dominos?
888 890 958 917 quo-

221 925 293 953 niam
307 924 405 953 multas
420 925 517 953 curas?
533 924 659 963 quoniam
675 925 754 954 multi
773 925 822 954 tibi
842 926 959 955 adulan-

220 972 285 1000 tur?
304 971 358 1000 Sed
379 979 408 1000 tu
431 971 485 1000 illis
510 971 594 1001 servis
617 983 623 999 ε
643 978 668 1000 et
692 978 721 1000 ut
741 972 875 1011 intelligas
896 972 961 1001 audi

220 1024 320 1057 aperte.
335 1017 379 1046 Ex
396 1017 430 1046 iis
443 1028 502 1056 quae
520 1018 548 1047 in
571 1017 649 1047 nobis
665 1025 726 1046 sunt
744 1018 828 1047 animi
842 1019 961 1048 affectio-

220 1064 299 1093 nibus
321 1064 380 1093 aliae
393 1064 503 1102 quidem
524 1071 586 1093 sunt
601 1064 762 1103 quandoque
776 1065 866 1102 utiles,
878 1071 908 1094 ut
921 1065 961 1094 ira

220 1121 288 1150 saepe
315 1116 355 1139 est
380 1110 472 1139 utilis:
485 1121 547 1139 nam
562 1112 630 1148 Ira,
651 1110 754 1149 inquit,
774 1112 885 1150 injusta
901 1121 960 1139 non

219 1159 273 1186 erit
288 1159 434 1185 innocens.
447 1156 628 1191 Quamobrem
642 1156 706 1185 licet
723 1156 804 1184 etiam
815 1157 888 1196 juste
901 1156 958 1185 ira-

219 1204 267 1232 sci.
279 1203 313 1232 Et
327 1213 430 1240 rursus,
450 1203 506 1240 Qui
517 1204 655 1231 irascitur
670 1203 762 1241 fratri
776 1213 827 1231 suo
843 1209 957 1239 temere,

217 1251 273 1277 erit
287 1250 429 1277 obnoxius
438 1249 586 1287 gehennae.
598 1249 701 1277 Rursus
716 1249 803 1277 bonus
825 1255 864 1277 est
885 1248 958 1277 zelus

217 1301 243 1323 et
255 1294 399 1334 cupiditas,
411 1294 466 1323 haec
477 1293 599 1332 quidem,
612 1305 673 1332 cum
687 1294 791 1323 exsistit
807 1294 835 1323 in
856 1294 956 1323 libero-

217 1351 278 1369 rum
293 1340 476 1380 procreatione
482 1351 491 1377 3
506 1339 552 1368 ille
562 1350 641 1377 vero,
657 1339 764 1378 quando
776 1340 859 1368 habet
875 1350 959 1368 aemu-

217 1386 343 1415 lationem
357 1385 391 1414 ad
405 1396 434 1414 ca
448 1396 508 1424 quae
531 1385 599 1414 bona
616 1392 686 1414 sunt.
700 1385 776 1415 Sicut
795 1385 875 1414 etiam
893 1385 960 1414 dicit

218 1432 318 1461 Paulus
332 1433 463 1460 :Bonum
485 1438 585 1460 autem
612 1439 654 1460 est
674 1432 806 1460 temulari
828 1433 860 1459 in
885 1433 959 1461 bono

217 1489 350 1518 semper,-
375 1485 400 1507 ct
425 1489 533 1515 rursus,
561 1478 754 1507 AEmulamifzi
777 1478 961 1507 charismata

248 1585 258 1596 Β
278 1576 374 1610 [Iidem
386 1580 466 1603 πολλοὶ
478 1588 484 1607 3
498 1580 535 1601 καὶ
547 1580 590 1609 γὰρ
605 1578 712 1604 {ousiam
724 1578 807 1605 αὐτοῖς.
819 1579 856 1601 καὶ
875 1579 909 1601 ἵνα
920 1580 968 1607 μά-

216 1621 262 1651 θῃς.
274 1616 407 1641 (lonsentit
418 1615 536 1647 Maiiam]

992 226 1144 248 ARCHOEP.
1172 227 1439 251 CONSTANUNOP.

1020 292 1150 326 πονηροῖς.
1169 287 1220 316 Διὰ
1239 288 1264 316 τί
1285 284 1328 317 οὖν
1343 290 1411 329 μέγα
1431 296 1547 331 φρονεῖς;
1563 292 1595 320 Ei
1613 291 1660 329 μὲν
1677 292 1727 331 γὰρ
1748 295 1784 325 εἷς

1021 340 1076 368 δέον
1092 341 1163 379 αὐτῷ
1176 340 1322 380 κέχρησαι,
1335 343 1382 371 οὐκ
1396 343 1508 382 ὀφείλεις
1529 343 1597 383 μέγα
1609 348 1721 384 φρονεῖν,
1741 345 1784 374 ἵνα

1021 391 1057 428 μὴ
1078 391 1183 430 λυμήνῃ
1197 391 1245 427 τὴν
1267 394 1388 429 ἐντολήν·
1401 396 1423 423 εἷ
1444 395 1471 424 δὲ
1493 396 1539 424 οὐκ
1556 397 1592 428 εἷς
1613 395 1679 433 δέον,
1700 396 1783 436 ταύτῃ

1021 443 1138 479 μάλιστα
1155 443 1342 473 συστέλλεσθαι
1361 446 1412 482 δεῖ,
1426 446 1466 475 ὅτι
1486 448 1574 481 δοῦλος
1600 447 1708 487 γέγονας
1732 451 1783 478 τῶν

1019 494 1165 533 χρημάτων
1187 496 1233 524 καὶ
1259 496 1417 535 κτημάτων,
1441 499 1485 527 καὶ
1509 502 1593 539 κρατῆ
1619 501 1661 529 ὑπ’
1688 502 1784 529 αὐτῶν.

1019 547 1087 576 Εἰπὲ
1107 547 1159 587 γάρ
1184 560 1242 585 μοι,
1260 548 1284 576 εἴ
1299 561 1338 581 τις
1354 550 1487 589 πυρέττων
1501 550 1571 590 ὕδωρ
1597 552 1683 581 ἐκπίοι
1702 551 1783 588 πολὺ,

1018 599 1048 627 τὸ
1062 600 1126 638 πρὸς
1143 600 1228 640 βραχὺ
1245 600 1291 638 μὲν
1307 601 1428 630 σὸεννύον
1449 602 1497 637 τὴν
1519 602 1608 642 δίψαν,
1631 603 1737 643 ὕστερον
1756 603 1784 633 δὲ

1019 651 1134 681 ἀνάπτον
1157 652 1204 688 τὴν
1228 652 1326 692 φλόγα,
1343 653 1412 692 μέγα
1432 653 1530 693 ὀφείλει
1551 659 1666 693 φρονεῑν;
1687 655 1724 684 Τί
1739 655 1782 691 δὲ,

1017 704 1042 732 εἴ
1054 716 1093 737 τις
1106 705 1215 734 πλείονα
1229 705 1357 744 φροντίζει
1371 706 1444 744 εἰκῇ,
1458 705 1501 734 διὰ
1514 708 1591 734 τοῦτο
1604 706 1702 745 ὀφείλει
1714 706 1783 746 μέγα

1016 760 1132 795 φρονεῖν;
1147 756 1199 786 Διὰ
1213 756 1253 790 τί,
1270 756 1327 786 εἶπέ
1342 769 1399 794 μοι;
1413 757 1502 793 ἐπειδὴ
1517 757 1629 791 πολλοὺς
1649 758 1719 798 ἔχεις
1736 760 1781 788 δε-

1015 805 1127 841 σπότας;
1139 806 1229 842 ἐπειδὴ
1244 806 1340 847 μυρίας
1352 807 1496 846 μερίμνας,
1510 808 1600 844 ἐπειδὴ
1611 809 1782 839 κολακεύουσί

1015 869 1044 886 σε
1059 860 1070 872 ²
1080 857 1174 886 πολλοί
1179 870 1186 893 ;
1199 858 1278 887 Ἀλλὰ
1292 861 1368 887 τοῦτο
1379 859 1507 888 δουλεύειν
1524 860 1588 889 ἐστί.
1604 861 1655 890 Καὶ
1670 861 1712 889 ἵνα
1727 861 1782 900 μοί-

1016 912 1061 948 θῃς
1076 909 1116 938 ὅτι
1138 909 1267 942 δουλεύεις
1281 913 1382 947 αὐτοῖς,
1395 911 1473 940 ἄκουε
1486 914 1590 951 σαφῶς·
1605 912 1638 941 τὰ
1649 912 1717 941 ἄλλα
1727 915 1780 942 τῶν

1015 964 1106 990 παθῶν
1121 963 1173 990 τῶν
1187 963 1214 990 ἐν
1230 964 1293 1000 ἡμῖν
1309 963 1378 992 ἔστιν
1391 963 1455 992 ὅπου
1466 964 1588 1003 χρήσιμά
1602 966 1681 1000 ἐστιν,
1696 961 1747 995 οἷον
1762 969 1778 1000 ἡ

1014 1013 1080 1052 ὀργὴ
1100 1015 1236 1052 πολλαχοῦ
1249 1014 1371 1052 χρησίμη
1381 1026 1386 1032 ’
1400 1015 1491 1053 Θυμὸς
1505 1015 1576 1054 γὰρ,Ι
1588 1015 1678 1055 φησὶν,
1693 1017 1780 1050 ἄδικος

1014 1066 1061 1093 οὐκ
1072 1065 1260 1100 ἀθωωθήσεται
1269 1077 1275 1082 ·
1286 1064 1353 1094 ὥστε
1370 1065 1427 1095 ἔστι
1441 1066 1486 1095 καὶ
1500 1067 1608 1100 δικαίως
1618 1069 1782 1106 θυμωθῆναι.

1014 1117 1067 1147 Καὶ
1086 1116 1176 1153 πάλιν,
1193 1116 1226 1146 Ὁ
1241 1117 1406 1156 ὀργιζόμενος
1419 1120 1457 1158 τῷ
1475 1119 1580 1159 ἀδελφῷ
1597 1118 1694 1149 ”azzon
1709 1122 1783 1160 εἰκῇ,

1012 1169 1100 1209 ἔνοχος
1117 1169 1191 1198 ἔσται
1209 1170 1242 1208 τῇ
1265 1170 1366 1208 γεέννῃ.
1379 1170 1465 1199 Πάλιν
1484 1173 1498 1200 ὁ
1519 1173 1595 1206 ζῆλος
1610 1172 1690 1202 καλὸν
1705 1173 1749 1202 καὶ
1765 1176 1782 1210 ἡ

1013 1221 1152 1260 ἐπιθυμία,
1165 1224 1182 1257 ἡ
1196 1221 1254 1260 μὲν,
1269 1221 1330 1251 ὅταν
1343 1224 1379 1255 εἷς
1394 1223 1562 1253 παιδοποιίαν
1573 1224 1693 1263 γίνηται,
1707 1229 1721 1255 ὁ
1735 1226 1762 1256 δὲ
1773 1249 1782 1263 ‚

1010 1275 1071 1303 ὅταν
1086 1275 1150 1314 πρὸς
1164 1275 1198 1304 τὰ
1214 1274 1283 1304 καλὰ
1305 1275 1371 1311 οτὴν
1395 1276 1507 1314 μίμησιν
1531 1277 1592 1317 ἔχῃ.
1609 1277 1719 1319 ᾱΩσπερ
1733 1279 1780 1308 καὶ

1011 1328 1117 1360 Παῦλος
1142 1327 1228 1365 λέγει,
1259 1327 1347 1356 Καλὸν
1376 1327 1402 1356 δὲ
1424 1328 1453 1357 τὸ
1480 1330 1622 1364 ζηλοῦσθαι
1648 1331 1675 1358 ἐν
1705 1331 1780 1370 καλῷ

1010 1376 1122 1405 πάντοτε
1133 1389 1139 1394 ·
1152 1376 1197 1405 καὶ
1206 1377 1296 1412 πάλιν,
1309 1377 1426 1412 Ζηλοῦτε
1438 1378 1471 1406 τὰ
1483 1378 1640 1417 χαρίσματα
1651 1379 1684 1408 τὰ
1694 1380 1782 1419 κρείτ-

1011 1439 1082 1457 τονα.
1098 1427 1183 1455 υΩστε
1204 1426 1340 1466 ἀμφότερα
1364 1427 1494 1466 χρήσιμα.
1511 1427 1545 1457 ‘H
1563 1428 1651 1466 μέντοι
1670 1429 1782 1458 ἀπόνοια

1012 1478 1126 1516 οὐδαμοῦ
1140 1477 1230 1513 καλὸν,
1242 1477 1310 1506 ἀλλὰ
1322 1479 1459 1516 ’πανταχοῦ
1477 1478 1608 1519 ἄχρηστον
1624 1479 1668 1507 καὶ
1683 1480 1780 1517 tna&-

1020 1574 1125 1599 Mutiani
1139 1573 1275 1606 exemplar.
1289 1573 1392 1606 Singula
1405 1573 1485 1598 lector
1498 1574 1551 1606 ipse
1563 1574 1770 1609 animadvertet]

1055 1622 1065 1633 ε
1084 1613 1132 1647 [Α.
1146 1615 1175 1639 Β.
1187 1614 1310 1638 Commel.
1324 1619 1349 1638 et
1363 1622 1442 1645 marg.
1455 1613 1534 1639 Savil.
1546 1619 1584 1641 τὸν
1597 1618 1663 1646 ζῆλον
1673 1616 1737 1649 ἔχῃ]

250 1658 261 1673 b
282 1654 345 1688 [Hic
369 1661 393 1678 et.
415 1654 440 1678 in
461 1653 619 1686 sequentibus
642 1653 736 1686 plenius
759 1659 784 1678 ct
806 1654 924 1686 integrius
937 1659 973 1677 est

635 1753 809 1782 MUTIANO
831 1752 1086 1781 SCHOLASTICO
1108 1751 1363 1781 INTERPRETE.

215 1847 257 1877 vel
273 1857 321 1886 pro
338 1856 390 1884 qua
403 1855 480 1874 caiisa
489 1845 503 1873 Ρ
514 1845 565 1873 hoc
579 1844 650 1872 enim
662 1850 748 1883 potest
761 1843 840 1872 etiam
854 1843 1004 1872 latronibus
1017 1843 1166 1882 pervenire,
1181 1843 1222 1872 vel
1236 1843 1353 1879 furibus,
1365 1843 1408 1871 vel
1419 1843 1570 1878 homicidis,
1580 1845 1623 1874 vel
1634 1844 1771 1883 mollibus,

215 1895 258 1922 vel
273 1893 435 1928 fornicariis,
448 1892 490 1921 vel
507 1891 586 1920 ctiam
598 1890 720 1930 pessimis
731 1890 870 1919 universis.
881 1891 937 1919 Cur
951 1900 1014 1929 ergo
1029 1890 1112 1919 altum
1130 1890 1223 1929 sapis?
1237 1890 1265 1919 Si
1279 1890 1349 1919 euim
1363 1890 1398 1919 ad
1412 1890 1484 1929 quod
1497 1901 1564 1930 opus
1579 1898 1618 1920 est
1636 1892 1771 1921 facultati-

215 1941 266 1968 bus
280 1939 332 1967 tuis
343 1938 471 1973 abuteris,
488 1937 543 1966 noli
555 1937 639 1965 altum
653 1947 754 1976 sapere,
767 1937 833 1975 noli,
846 1937 918 1976 quod
931 1936 1126 1966 misericordias
1140 1944 1198 1965 tuas
1212 1936 1344 1976 superbiae
1359 1936 1469 1965 morbus
1483 1937 1634 1966 interimat:
1645 1937 1667 1966 si
1680 1944 1770 1966 autem

216 1997 267 2016 nou
281 1986 315 2015 ad
333 1985 404 2024 quod
419 1995 486 2024 opus
501 1991 539 2013 est
553 1984 649 2021 uteris,
662 1984 747 2013 multo
763 1985 853 2013 minus
866 1985 951 2013 altum
963 1995 1055 2024 sapere
1069 1984 1166 2020 debes,
1182 1984 1307 2022 quoniam
1322 1983 1497 2023 pecuniarum
1506 1991 1614 2013 tuarum
1628 1995 1721 2015 servus
1731 1986 1770 2014 ef-

216 2035 299 2062 fectus
311 2044 349 2071 cs,
361 2040 386 2061 et
396 2032 445 2061 sub
454 2043 545 2061 earum
556 2031 694 2060 dominatu
705 2031 842 2061 detineris.
856 2033 925 2061 Nam
937 2032 981 2061 dic
991 2032 1069 2069 mihi,
1082 2032 1104 2060 si
1114 2032 1246 2071 quispiam
1257 2031 1372 2059 febrium
1384 2033 1471 2060 calore
1481 2039 1631 2071 perimatur,
1641 2039 1666 2061 et
1675 2043 1771 2070 aquam

217 2081 343 2120 frigidam
364 2080 568 2119 intemperanter
590 2080 738 2119 accipiens,
756 2079 790 2108 ad
805 2080 947 2119 paululum
975 2086 1080 2118 tempus
1099 2079 1173 2107 sitim
1203 2078 1327 2108 videatur
1351 2079 1534 2116 exstinguere,
1549 2089 1613 2107 num
1631 2085 1770 2118 propterca

217 2129 295 2158 debet
308 2128 392 2156 altum
402 2127 514 2167 sapere?
530 2137 616 2155 nonne
630 2127 801 2166 postmodum
813 2127 840 2156 iu
856 2138 885 2156 eo
897 2128 982 2166 major
996 2126 1111 2155 febrium
1122 2126 1230 2154 flamma
1240 2125 1430 2154 succenditur?
1444 2125 1517 2160 Quid
1533 2125 1609 2162 item,
1622 2125 1644 2154 si
1653 2126 1713 2164 quis
1722 2137 1772 2166 per

217 2175 334 2215 plurima
349 2174 471 2213 quidem,
483 2173 529 2202 scd
543 2174 678 2212 superflua
694 2184 769 2202 curas
783 2185 844 2202 suas
855 2180 986 2209 exerceat,
1005 2183 1069 2201 num
1083 2179 1220 2212 propterea
1233 2171 1311 2200 debct
1324 2172 1408 2200 altum
1419 2182 1510 2210 sapere
1519 2172 1532 2199 Ρ
1546 2172 1615 2200 Nam
1627 2182 1676 2216 cui·
1685 2172 1770 2201 altum

217 2223 315 2261 sapias,
329 2223 372 2251 dic
387 2221 516 2251 obsecro?
531 2231 594 2249 uum
612 2220 675 2258 quia
694 2221 823 2259 plurimos
846 2222 929 2250 habes
945 2220 1090 2250 dominos?
1105 2220 1231 2258 quoniam
1251 2219 1376 2258 plurimis
1400 2218 1630 2248 sollicitudinibus
1651 2220 1769 2258 angeris,

217 2268 280 2305 quia
295 2267 406 2307 plurimi
420 2266 541 2295 homines
555 2264 720 2293 adulantur?
731 2266 875 2295 Enimvero
890 2277 983 2295 servus
1003 2266 1057 2294 illis
1077 2276 1119 2302 es,
1134 2272 1159 2294 et
1172 2265 1240 2294 dura
1255 2264 1373 2304 fungeris
1391 2265 1529 2293 servitute.
1546 2264 1627 2300 Quod
1645 2271 1675 2293 ut
1687 2275 1770 2304 agno-

217 2323 285 2347 scas,
294 2323 436 2352 parumper
446 2312 575 2341 ausculta.
585 2311 705 2340 Aliarum
719 2321 832 2350 namque
845 2313 999 2351 passionum
1017 2312 1152 2341 interdum
1170 2311 1368 2340 demonstratur
1385 2311 1486 2340 utilitas
1500 2322 1506 2338 :
1518 2310 1594 2339 verbi
1604 2310 1700 2350 gratia,
1716 2312 1771 2340 ira-

218 2361 315 2389 cundia
330 2360 486 2400 plerumque
499 2359 573 2388 utilis
585 2365 623 2388 est
635 2370 642 2386 τ
654 2359 834 2398 Indignatio,
848 2360 947 2397 inquit,
962 2363 992 2388 in
1005 2362 1151 2399 injustitia
1164 2369 1222 2388 non
1240 2361 1293 2387 erit
1311 2361 1450 2388 innocens
1462 2358 1594 2398 :proinde
1611 2365 1695 2397 potoet
1709 2359 1770 2396 quis

217 2408 296 2436 etiam
311 2407 503 2436 rationabiliter
523 2406 666 2445 indignari.
683 2405 716 2435 Et
732 2406 827 2435 iterum
840 2429 848 2443 ,
864 2408 920 2445 Qui
943 2409 1096 2445 irascitur,
1111 2407 1213 2445 inquit,
1223 2407 1315 2445 fratri
1326 2417 1377 2435 suo
1390 2418 1397 2433 .-
1412 2413 1437 2434 ct
1451 2416 1502 2434 non
1515 2405 1586 2434 dixit
1601 2405 1768 2444 simpliciter,

218 2454 263 2482 sed
277 2455 398 2487 addidit,
415 2456 483 2483 Sine
494 2465 585 2483 causa
599 2466 607 2481 .·
620 2465 684 2482 reus
697 2456 750 2482 erit
768 2455 916 2493 gelzetznoe.
933 2455 986 2488 Qui
1004 2465 1066 2493 crgo
1079 2455 1150 2494 juste
1164 2454 1325 2490 irascuntur,
1339 2453 1412 2482 nullo
1426 2460 1500 2481 reatu
1513 2459 1634 2481 tenentur
1643 2452 1765 2481 obnoxii.

217 2502 316 2530 Iterum
332 2502 481 2537 annulatio,
496 2502 537 2530 vel
554 2501 686 2540 cupiditas
704 2511 755 2529 non
769 2508 830 2529 sunt
846 2501 1015 2529 omnifariam
1028 2503 1127 2538 uoxiae,
1142 2501 1198 2529 haec
1214 2500 1401 2539 quideni‘cum
1419 2499 1451 2528 ad
1463 2510 1529 2538 opus
1543 2499 1765 2538 procreandorum

216 2547 361 2576 assumitur
381 2547 508 2582 fitiorum,
523 2548 569 2576 illa
589 2559 652 2576 vcro
672 2559 732 2576 cum
750 2548 838 2577 studio
854 2547 975 2576 imitandi
992 2549 1058 2576 bona
1073 2548 1234 2587 suscipitur:
1249 2548 1316 2575 sicut
1335 2547 1405 2575 dixit
1417 2553 1441 2575 ct
1460 2545 1574 2574 Paulus:
1589 2547 1701 2574 Bonum
1714 2553 1765 2580 ese,

217 2595 312 2633 iuquit,
329 2594 460 2623 ‹fundar-i
472 2605 580 2633 semper
594 2598 622 2623 in
640 2598 741 2624 [voltum
754 2608 763 2629 ,-
776 2603 799 2623 et
813 2595 917 2630 iterum,
938 2596 1126 2624 AEmulamini
1143 2597 1323 2624 char-istruna
1339 2594 1467 2622 meliora.
1482 2594 1600 2630 Itu-aquo
1612 2603 1674 2631 crgo
1684 2592 1764 2621 liabct
