1906 2846
234 178 301 221 ΔΙΙΟ).
572 185 602 208 S.

233 252 298 280 Sum
311 249 470 288 discipulus,
487 248 512 275 in
526 247 599 275 nullo
611 258 701 276 versor
711 247 831 286 periculo
845 258 851 283 3
866 253 891 275 ct
904 257 974 275 com-

235 307 344 325 munem
367 296 435 323 hanc
459 305 540 332 quam
555 294 637 322 aDeo
657 294 758 332 accepit
782 292 911 321 doctrin-:e
933 304 976 321 ra—

234 342 342 377 tionem,
360 339 458 368 nudam
477 338 662 375 absconderit,
679 345 704 367 et
724 349 775 367 non
793 338 976 376 admonuerit,

233 396 256 417 ct
277 399 327 416 nou
342 387 449 416 dicendi
473 387 595 415 libertate
617 397 681 415 usus
701 386 794 423 suerit,
807 397 859 415 non
881 397 976 425 argue-

232 436 266 464 rit
286 457 293 470 ‚
318 445 368 463 non
393 434 504 463 suaserit
524 434 545 462 si
560 440 660 473 potest,
675 433 722 462 sed
739 433 766 462 in
783 440 852 462 terra
867 433 977 461 abscon—

230 481 299 510 derit
317 491 398 510 :vere
415 481 486 509 enim
501 487 539 509 est
555 487 621 508 terra
637 487 662 508 et
677 479 744 508 einis
763 490 807 508 cor
825 479 898 518 quod
912 479 977 508 abs-

232 527 322 556 condit
350 527 400 556 Dei
426 527 539 566 gratiam
563 538 570 563 ς
599 527 619 555 si
645 536 708 565 ergo
735 525 906 554 absconderit
932 532 978 554 aut

232 580 342 613 propter
356 573 504 613 pigritiam,
518 580 564 601 aut
580 580 689 612 propter
702 572 912 612 improbitatem,
925 582 977 600 non

231 630 292 647 eum
313 619 437 648 desendet
461 626 486 648 et
507 619 647 648 excusabit
671 618 745 658 quod
769 619 859 655 dicat,
884 619 977 647 Unum

231 666 314 694 habui
329 666 467 694 talentum.
484 666 575 694 Unum
591 666 709 694 habebas
732 665 860 693 talentum
878 677 884 692 :
899 676 977 704 opor-

231 711 303 740 tebat
322 711 435 740 alterum
456 711 551 739 afferre
570 718 596 740 et
621 711 750 740 talentum
773 710 913 750 duplicare
933 723 938 739 t
955 710 977 739 si

233 757 322 786 adhuc
337 769 419 786 unum
435 758 569 787 attulisses
580 781 588 796 ,
605 759 681 787 nulla
696 765 762 787 esset
777 759 865 798 culpa.
885 759 977 797 Neque

230 804 300 832 enim
316 803 339 832 ei
354 803 400 841 qui
418 803 472 832 duo
488 804 590 841 attulit,
604 804 678 834 dixit
696 817 701 832 :
720 805 776 833 Cur
790 814 841 832 non
856 804 976 843 quinque

230 850 344 878 attulisti
360 850 372 878 Ρ
388 850 433 878 sed
458 861 520 879 cum
542 851 638 879 iisdem
659 850 773 890 dignum
792 851 894 879 censuit
913 851 975 889 qui-
992 858 1011 881 C

230 897 281 925 bus
303 907 364 925 eum
387 897 433 935 qui
455 897 572 936 quinque
591 897 690 926 attulit.
707 898 798 934 Quare
817 897 975 934 '?Quoniam

229 949 360 981 quantum
383 943 479 972 habuit
503 944 623 972 exercuit
643 955 651 980 3
670 954 716 972 nec
739 943 867 982 quoniam
888 943 976 972 minus

230 989 332 1029 accepit
346 1000 427 1027 quam
442 989 486 1019 cui
500 990 604 1018 fuerant
619 989 716 1018 tradita
733 990 850 1028 quinque
865 990 976 1028 talenta,

231 1043 370 1075 propterea
389 1037 441 1065 fuit
462 1036 609 1075 negligens,
624 1047 671 1065 nec
695 1037 828 1076 paucitate
856 1047 919 1065 usus
939 1044 977 1065 est

231 1081 265 1110 ad
280 1082 376 1111 otium.
394 1083 450 1111 Nec
471 1090 496 1111 te
510 1083 650 1122 oportebat
667 1083 784 1122 aspicere
804 1082 840 1111 ad
854 1093 914 1111 eum
930 1084 977 1121 qui

230 1127 285 1157 duo
304 1128 421 1157 habehat
435 1140 444 1166 3
460 1129 514 1157 imo
534 1139 597 1157 vero
612 1129 692 1157 etiam
713 1128 748 1156 ad
769 1128 847 1156 illum
866 1136 976 1167 oporte-

231 1174 277 1202 bat
291 1174 419 1213 aspicere,
434 1182 459 1203 et
473 1173 700 1213 quemadmodum
717 1174 762 1202 ille
778 1184 839 1202 cum
855 1173 910 1202 duo
925 1174 977 1202 ha-

231 1219 321 1256 beret,
334 1219 454 1248 imitatus
474 1227 513 1249 est
531 1220 609 1248 illum
626 1220 669 1248 cui
689 1219 751 1247 data
771 1220 875 1248 fuerant
893 1220 976 1258 quin-

232 1277 294 1304 que,
310 1267 346 1295 ita
356 1273 381 1295 te
396 1277 503 1305 quoque
518 1266 618 1295 imitari
633 1266 773 1305 oportebat
788 1276 849 1294 eum
864 1267 906 1294 cui
922 1266 978 1295 duo

231 1312 339 1340 fuerunt
360 1312 468 1340 tradita.
484 1312 552 1341 Nam
576 1312 598 1340 si
621 1312 644 1340 ei
666 1312 712 1350 qui
733 1312 813 1340 babet
835 1312 977 1351 pecunias,

230 1364 256 1386 et
277 1368 328 1386 non
344 1358 474 1397 impertit,
491 1358 623 1396 infligitur
637 1357 811 1397 supplicium,
823 1358 847 1386 ei
862 1358 909 1396 qui
928 1369 978 1397 po—

231 1409 280 1431 test
300 1403 550 1442 quomodocumque
567 1403 725 1440 admonere,
740 1411 765 1432 ct
788 1404 839 1432 hoc
860 1414 912 1432 non
937 1404 978 1432 fa-

232 1449 288 1486 cit,
302 1449 437 1488 quomodo
462 1461 514 1478 non
537 1450 687 1478 maximum
715 1450 852 1488 infligetur
872 1450 979 1489 suppli—

233 1496 304 1524 cium
316 1496 329 1524 Ξ)
341 1496 401 1524 Illic
416 1507 513 1536 corpus
526 1498 653 1533 nutritur,
665 1496 708 1525 hic
724 1497 811 1524 anima
823 1508 828 1523 τ
839 1496 894 1524 illic
909 1507 979 1525 mor-

232 1549 286 1571 tem
298 1542 426 1581 prohibes
441 1543 625 1582 temporalem,
642 1543 686 1571 hic
701 1550 837 1573 aeternam.

273 1591 301 1618 5.
323 1593 355 1618 At
379 1601 431 1619 non
454 1598 503 1627 est,
519 1591 616 1628 inquit,
631 1590 698 1618 mihi
720 1589 828 1618 dicendi
853 1590 976 1619 facultas.
998 1598 1016 1620 D

233 1637 285 1667 Sed
301 1637 406 1666 dicendi
422 1638 549 1666 facultate
563 1647 614 1665 uon
633 1644 670 1666 est
685 1648 762 1677 opus,
783 1648 834 1666 non
850 1638 978 1676 eloquen-

629 185 768 209 JOANNts
794 185 973 208 CHRYSOST.
1004 185 1159 209 ARcmEP.
1189 186 1457 210 CONSTANTINOP.

1031 248 1068 286 ψῃ
1079 270 1085 282 ,
1098 247 1140 275 καὶ
1159 247 1194 286 μὴ
1206 248 1364 288 παραινέσῂ,
1376 248 1411 286 μὴ
1426 249 1655 288 παῤῥησιοίσηται,
1668 251 1704 288 μὴ
1723 251 1800 289 ἐλέγ-

1032 293 1072 331 ξῃ,
1086 293 1121 331 μὴ
1134 294 1277 332 νουΟετ-ήσῃ
1288 317 1294 330 ,
1306 296 1327 322 εἰ
1341 295 1463 330 δύναται,
1476 295 1544 324 ἀλλὰ
1555 297 1710 336 κατακρύψῃ
1724 299 1749 326 ἐν
1767 300 1799 336 τῇ

1031 342 1064 378 γῇ
1074 352 1079 357 ·
1091 342 1124 378 γῆ
1141 340 1191 380 γὰρ
1202 341 1282 373 ὄντως
1293 341 1348 370 ἐστὶ
1362 341 1407 369 καὶ
1421 342 1515 374 σποδὸς
1530 341 1625 381 καρδία
1639 343 1668 370 τὸ
1680 343 1801 382 χάρισμα

996 390 1013 412 Β
1031 389 1075 415 τοῦ
1090 387 1160 415 Θεοῦ
1171 386 1407 425 κατακρύπτουσα·
1424 388 1453 416 ἂν
1469 387 1553 416 τοίνυν
1565 387 1721 426 κατακρύψῃ
1736 388 1753 422 ἢ
1768 390 1801 417 δι’

1031 435 1117 470 ὄκνον,
1133 432 1149 467 ἢ
1165 433 1208 461 διὰ
1222 433 1360 472 πονηρίαν,
1375 435 1403 462 οὐ
1426 433 1606 472 προστήσεται
1623 435 1700 462 αὐτοῦ
1717 433 1746 462 τὸ
1761 436 1801 462 εἱ-

1031 484 1099 515 πεῐν,
1115 479 1154 508 ὅτι
1169 479 1195 508 ἓν
1209 479 1335 508 τάλαντον
1353 475 1433 519 εἶχον.
1450 479 1499 508 ζῈν
1511 480 1638 508 τάλαντον
1655 475 1737 518 εἶχες·
1750 480 1801 509 ἔδει

1032 538 1060 554 σε
1075 526 1122 554 κᾶν
1135 525 1162 554 ἓν
1175 531 1357 565 προσενεγκεῖν
1373 526 1417 554 καὶ
1433 526 1606 555 διπλασιάσαι
1617 526 1646 555 τὸ
1657 527 1784 556 τάλαντον
1795 538 1801 544 ·

1031 574 1052 601 εἰ
1064 573 1241 612 προσήνεγκες
1255 572 1291 608 ἓν,
1302 574 1348 600 οὐκ
1359 572 1389 600 ἂν
1405 573 1554 608 {vamum
1567 573 1636 602 Οὐδὲ
1651 572 1701 612 γὰρ
1713 575 1751 612 τῷ
1768 573 1801 601 τὰ

1030 618 1074 647 δύο
1085 619 1284 659 προσενεγκόντι
1294 615 1349 647 εἷπε
1357 639 1364 652 ,
1382 619 1424 648 διὰ
1434 619 1460 647 τί
1470 620 1507 657 μὴ
1519 620 1596 648 πέντε
1607 619 1802 658 προσήνεγκας;

1031 666 1100 695 ἀλλὰ
1114 668 1166 694 τῶν
1177 668 1261 695 αὐτῶν
1274 666 1350 694 αὐτὸν
1363 665 1459 701 ἠξίωσε
1469 668 1507 705 τῷ
1521 666 1553 694 τὰ
1567 666 1644 694 πέντε
1659 677 1800 705 προσενεγ-

1030 713 1110 741 κόντι.
1129 712 1164 741 Τί
1177 713 1286 748 δήποτε;
1300 712 1365 741 υΟτι
1376 712 1435 742 ὅσον
1447 708 1515 752 εἶχεν
1531 713 1686 751 εἰργάσατο·
1698 712 1743 740 καὶ
1752 713 1800 740 οὖν.

1030 759 1121 795 ἐπειδὴ
1136 759 1263 788 ἐλάττονα
1278 761 1322 787 τοῦ
1340 759 1373 787 τὰ
1387 759 1465 788 πέντε
1487 758 1690 798 ἐγχειρισθέντος
1704 757 1781 786 {Mes
1792 781 1799 793 ,

1030 806 1072 834 διὰ
1088 809 1164 835 τοῦτο
1178 806 1368 846 ε’ῤῥαθύμησεν,
1385 806 1442 834 οὐδὲ
1457 807 1489 844 τῇ
1504 805 1638 844 ὀλιγότητι
1653 807 1688 838 εἷς
1705 805 1799 844 ἀργίαν

1030 855 1172 896 ἐχρήσατο.
1185 855 1256 884 Οὖόέ
1270 867 1299 884 σε
1314 856 1395 894 ε’χρῆν
1408 855 1472 894 πρὸς
1484 854 1527 883 τὸν
1539 854 1572 882 τὰ
1585 854 1628 883 δύο
1642 856 1704 892 ὃρᾷν
1715 865 1720 870 ·
1734 854 1799 891 μᾶλ-

1029 904 1073 931 λον
1087 902 1113 931 δὲ
1126 903 1189 941 πρὸς
1204 904 1301 932 ἐκεῖνον
1314 902 1363 931 ἔδει
1380 902 1451 937 ἰδεῖν,
1468 901 1512 929 καὶ
1526 900 1616 939 ὥσπερ
1631 901 1726 932 ἐκεῖνος
1742 901 1799 937 ἔμι-

1031 949 1134 985 μήσατο
1146 949 1189 978 τὸν
1203 948 1237 977 τὰ
1247 948 1325 976 πέντε
1334 969 1340 981 ,
1352 948 1397 976 δύο
1408 947 1487 986 ἔχων,
1500 946 1569 976 οὕτω
1581 946 1625 975 καὶ
1639 945 1667 975 σὲ
1682 946 1800 981 ζηλῶσαι

1029 995 1081 1023 ἔδει
1094 995 1137 1023 τὸν
1151 995 1183 1022 τὰ
1201 995 1244 1023 δύο
1264 994 1369 1033 ἔχοντα.
1389 994 1421 1022 Ei
1435 993 1485 1032 γὰρ
1504 995 1541 1032 τῷ
1555 991 1685 1032 χρήματα
1699 991 1800 1030 ἔχοντι,

1029 1042 1074 1069 καὶ
1099 1041 1135 1079 μὴ
1158 1040 1339 1078 μεταδιδόντι,
1360 1040 1466 1071 κόλασις
1488 1043 1586 1067 κεῖται·
1604 1040 1642 1076 τῷ
1665 1036 1803 1075 δυναμένῳ

1029 1087 1187 1126 παραινέσαι
1205 1086 1393 1121 ὁπωσδήποτε,
1407 1086 1451 1114 καὶ
1465 1085 1500 1122 μὴ
1514 1087 1590 1113 τοῦτο
1604 1087 1735 1118 ποιοῦντι,
1744 1085 1801 1114 πῶς

1029 1135 1057 1162 οὗ
1075 1133 1185 1171 μεγίστη
1200 1132 1307 1165 κόλασις
1323 1132 1412 1166 ἔσται;
1427 1131 1502 1159 Ἐκεῖ
1518 1131 1596 1168 σῶμα
1608 1129 1747 1168 τρέφεται,
1760 1130 1800 1157 ε’ν-

1030 1182 1112 1208 ταῦθα
1127 1179 1198 1218 ψυχή
1211 1191 1216 1196 ·
1233 1180 1285 1207 ἐκεῖ
1308 1178 1417 1208 θάνατον
1431 1177 1539 1209 κωλύεις
1560 1176 1602 1205 τὸν
1627 1176 1798 1214 πρόσκαιρον,

1031 1228 1140 1255 ἐνταῦθα
1153 1225 1195 1253 τὸν
1210 1224 1324 1253 αἰώνιον.

1074 1591 1142 1619 Ἀλλ’
1170 1591 1216 1619 οὐκ
1245 1589 1299 1628 ἔχω
1320 1588 1405 1626 λόγον,
1421 1588 1508 1627 φησίν,
1526 1588 1592 1616 Ἀλλ’
1609 1589 1637 1616 οὗ
1659 1586 1736 1626 χρεία
1758 1586 1801 1614 ’Λό-

1033 1649 1093 1675 γου,
1110 1637 1167 1666 οὐδὲ
1184 1636 1351 1675 εὐγλωττίας.
1371 1636 1435 1665 Ἐὰν
1457 1636 1514 1673 ἴδῃς
1527 1634 1571 1662 τὸν
1596 1634 1667 1673 φίλον
1694 1632 1800 1672 πορνεύ-

656 1766 831 1794 ΜΗΤΙΑΝΟ
854 1764 1107 1795 SCHOLASTICO
1130 1765 1244 1794 INTER
1250 1764 1383 1794 PRETE.

234 1870 291 1899 lum
313 1869 397 1898 habeo
419 1869 569 1909 periculum
584 1881 590 1897 ε
608 1869 657 1898 iste
676 1870 758 1898 etiam
780 1870 866 1909 ipsam
881 1870 1023 1905 rationem,
1037 1870 1080 1899 vel
1099 1880 1246 1899 sermonem
1264 1880 1343 1908 quem
1365 1879 1409 1898 ore
1430 1868 1601 1908 proferimus,
1618 1878 1696 1907 quem
1715 1879 1729 1896 a
1747 1868 1804 1896 Deo

233 1917 365 1957 percipit,
388 1917 493 1946 obcelat
514 1924 539 1946 et
562 1917 612 1946 sub
636 1924 733 1946 terram
751 1918 893 1955 recondit;
911 1925 936 1947 et
958 1929 1042 1957 neque
1063 1917 1218 1946 admonebit
1243 1917 1341 1953 ullum,
1356 1928 1387 1945 ac
1402 1916 1424 1945 si
1444 1917 1543 1950 valeat,
1566 1915 1612 1945 sed
1635 1916 1685 1944 sub
1705 1922 1803 1944 terram

233 1965 377 2001 recondit(
394 1972 463 1994 terra
486 1976 548 1994 vero
570 1973 608 1994 est
629 1973 655 1994 et
671 1966 738 1995 cinis
757 1977 801 1995 cor
824 1967 951 2003 hominis,
967 1967 1030 2005 quia
1055 1966 1189 1995 charisma
1204 1966 1254 1994 Dei
1277 1965 1415 2002 recondit)
1432 1965 1475 1993 :si
1500 1975 1562 2004 ergo
1588 1963 1713 1993 recondat
1735 1964 1803 1992 banc

232 2014 364 2050 gratiam,
382 2012 425 2042 vel
439 2020 549 2052 propter
567 2013 707 2052 segnitiem
721 2037 728 2048 ,
741 2014 783 2043 vel
799 2021 908 2054 propter
923 2014 1132 2053 malignitatem,
1149 2014 1237 2043 dicere
1251 2024 1304 2042 non
1320 2012 1418 2041 valebit
1430 2012 1493 2051 quia
1508 2022 1591 2040 unum
1605 2012 1735 2040 talentum
1750 2011 1803 2040 ha-

232 2059 292 2087 hui.
308 2059 496 2099 Respondetur
515 2060 586 2088 euim
600 2060 642 2089 illi
663 2074 669 2089 :
687 2061 778 2089 Unum
794 2061 924 2090 talentum
940 2061 1059 2090 habuisti
1076 2073 1084 2099 ς
1101 2060 1240 2100 oportebat
1256 2060 1336 2089 etiam
1351 2060 1441 2099 ipsum
1459 2069 1543 2087 unum
1558 2059 1585 2087 in
1607 2058 1726 2087 medium
1740 2070 1802 2098 pro-

233 2107 310 2143 ferre,
326 2114 351 2135 et
369 2106 458 2136 studio
479 2113 524 2136 tuo
542 2118 573 2136 ac
586 2107 727 2147 diligentia
745 2108 894 2148 duplicare.
911 2109 941 2138 Si
956 2109 1027 2137 enim
1050 2109 1140 2148 ipsum
1160 2119 1243 2136 unum
1261 2108 1392 2147 proferres
1407 2107 1433 2135 in
1448 2106 1588 2146 publicum
1599 2129 1607 2143 ‚
1620 2106 1729 2135 minime
1744 2107 1803 2135 cul-

232 2156 342 2194 pareris.
358 2156 450 2194 Neque
467 2155 507 2183 illi
522 2156 592 2184 euim
610 2156 655 2194 qui
673 2156 729 2185 duo
745 2157 893 2196 protulerat
907 2157 1010 2186 dictum
1024 2163 1062 2185 est
1076 2168 1082 2184 ι
1098 2156 1188 2191 Quare
1204 2166 1255 2184 non
1272 2156 1391 2194 quinque
1407 2154 1503 2183 talenta
1520 2154 1658 2193 protulisti
1669 2154 1682 2182 Ξ)
1693 2156 1740 2184 sed
1757 2154 1804 2183 di·

233 2214 301 2242 gnus
318 2204 403 2232 sactus
421 2210 471 2242 est,
487 2210 512 2232 et
527 2203 593 2241 hoc,
606 2204 669 2243 quia
684 2212 815 2243 quantum
835 2204 941 2243 habuit,
959 2212 1083 2245 operatus
1100 2212 1157 2242 est;
1173 2211 1199 2233 et
1213 2214 1265 2233 non
1284 2203 1347 2242 quia
1368 2203 1458 2231 minus
1479 2202 1589 2239 habuit,
1601 2213 1682 2241 quam
1700 2202 1746 2231 ille
1760 2203 1803 2232 cui

233 2251 351 2290 quinque
367 2258 429 2280 sunt
449 2251 562 2289 credita,
576 2259 715 2291 propterea
734 2253 845 2282 desidiae
863 2264 892 2282 se
910 2253 1009 2290 tradit,
1022 2264 1108 2292 neque
1130 2252 1176 2281 illa
1200 2263 1283 2292 parva
1305 2251 1452 2290 quantitate
1474 2257 1511 2279 est
1531 2250 1633 2279 abusus
1652 2249 1685 2278 ad
1704 2250 1800 2279 otium.

235 2297 350 2326 Proinde
366 2308 452 2337 neque
472 2305 498 2326 te
516 2305 670 2338 oportuerat
686 2299 720 2327 ad
735 2310 796 2328 eum
815 2300 920 2337 solum,
936 2300 982 2338 qui
1003 2299 1058 2329 duo
1074 2306 1223 2339 acceperat,
1240 2298 1375 2327 attendere
1390 2310 1398 2335 ;
1414 2297 1500 2336 magis
1520 2304 1609 2326 autem
1625 2297 1741 2337 teipsum
1758 2298 1804 2326 de-

235 2345 310 2373 cebat
334 2346 442 2374 intueri.
458 2346 494 2375 Et
503 2345 573 2375 sicut
595 2345 641 2374 ille
655 2345 776 2375 imitatus
796 2354 834 2376 est
854 2347 948 2384 illum,
966 2348 1009 2376 eui
1024 2348 1142 2386 quinque
1158 2346 1219 2376 data
1234 2353 1318 2383 erant,
1334 2357 1395 2374 cum
1412 2356 1439 2374 se
1457 2345 1512 2374 duo
1529 2344 1632 2374 videret
1651 2345 1782 2384 accepisse
1796 2358 1802 2373 ι

236 2393 273 2421 sie
290 2400 315 2421 et
330 2400 355 2421 te
374 2393 485 2422 decebat
505 2393 627 2422 aemulari
647 2393 735 2431 illum,
749 2394 792 2422 eui
815 2395 920 2424 fuerant
941 2395 997 2424 duo
1019 2396 1117 2424 talenta
1130 2394 1281 2424 commissa.
1296 2394 1324 2424 Si
1338 2395 1408 2423 enim
1425 2393 1535 2422 habenti
1555 2393 1691 2432 pecunias,
1706 2399 1732 2421 et
1751 2402 1802 2421 non

234 2438 375 2477 largienti,
391 2439 554 2480 supplicium
570 2440 705 2470 Dominus
718 2441 898 2470 comminatur
917 2454 922 2469 :
938 2442 961 2470 ei
979 2442 1025 2481 qui
1041 2443 1112 2471 valet
1126 2443 1283 2482 proximum
1301 2451 1468 2470 commonere
1482 2440 1525 2470 vel
1537 2439 1655 2479 quolibet
1671 2439 1761 2475 modo,
1778 2447 1804 2468 et

236 2486 344 2515 minime
357 2487 432 2525 facit,
449 2488 583 2526 quomodo
596 2499 649 2517 non
662 2488 811 2528 majoribus
825 2489 965 2528 suppliciis
980 2491 1107 2529 punietur
1119 2491 1132 2518 ,⁹
1148 2490 1207 2519 lllic
1222 2490 1292 2518 enim
1307 2500 1404 2529 corpus
1420 2488 1514 2525 utitur,
1529 2488 1573 2516 hic
1588 2493 1676 2516 autem
1692 2487 1780 2516 anima
1795 2499 1801 2515 :

235 2532 291 2561 illie
306 2541 417 2563 mortem
434 2536 547 2574 negligit
562 2537 748 2576 temporalem,
764 2537 808 2566 hic
821 2543 909 2566 autem
924 2537 1059 2566 interitum
1073 2538 1276 2577 sempiternum.

276 2587 328 2616 scd
343 2599 393 2617 non
409 2589 508 2624 habeo,
523 2590 622 2629 inquis,
641 2602 799 2620 sermonem.
817 2591 870 2622 Sed
894 2602 945 2620 non
962 2602 1029 2631 opus
1048 2599 1085 2620 est
1103 2602 1233 2629 sermone,
1250 2602 1332 2629 neque
1350 2590 1506 2629 eloquentia.
1523 2589 1550 2618 Si
1568 2587 1668 2617 rideris
1685 2588 1801 2616 amicum
